5168 6798
447 417 490 482 96
508 507 519 530 .
1115 427 1121 442 โถ
1429 431 1495 488 1241

450 627 658 693 advocatiam
680 625 716 691 in
732 627 987 710 Repholthusen
1010 645 1086 690 cum
1105 625 1259 691 omnibus
1275 625 1345 690 suis
1361 625 1554 707 attinentiis,
1578 626 1815 710 proprietatem
1837 626 2004 692 bonorum
2019 627 2053 692 in
2070 627 2204 694 Redese
2220 649 2295 695 cum
2311 631 2476 698 omuibus

449 733 517 800 suis
541 732 734 814 attinentiis,
757 733 847 797 bona
869 731 904 796 in
919 731 1092 798 Bordhere
1115 751 1191 797 cum
1214 731 1369 796 omnibus
1394 731 1462 797 suis
1487 732 1678 814 attinentiis,
1701 732 1792 798 bona
1805 732 1841 797 in
1858 732 2024 798 Lembelre
2043 753 2118 799 cum
2135 735 2289 801 omnibus
2306 737 2376 803 suis
2391 739 2473 803 atti-

447 839 579 922 nentiis,
604 842 731 903 curtem
739 839 763 919 ยน)
786 836 821 901 iu
845 838 1075 922 Erlreneberge
1098 857 1174 903 curn
1196 837 1352 903 omnibus
1375 838 1446 904 suis
1470 837 1665 920 attinentiis,
1690 839 1723 902 et
1747 837 1906 921 quicquid
1927 838 2008 904 iuris
2031 838 2211 905 habuimus
2235 861 2296 908 uos
2313 845 2347 908 et
2363 843 2472 909 nostri

447 947 588 1027 nepotes
623 944 692 1010 sive
721 943 776 1010 alii
808 944 914 1010 nostri
940 945 1083 1009 heredes
1113 943 1150 1009 in
1176 943 1367 1010 hominibus
1391 946 1424 1009 91
1446 944 1481 1008 in
1504 943 1601 1010 bonis
1625 944 1835 1026 supradictis,
1868 943 1977 1027 terris,
2012 945 2100 1028 agris
2134 946 2232 1022 cultis
2260 951 2295 1014 et
2323 948 2472 1030 incultis,

445 1051 548 1134 silvis,
580 1050 719 1117 saltibus
744 1052 777 1114 et
800 1050 940 1132 forestis,
975 1050 1089 1134 pratis,
1124 1050 1267 1134 pascuiS,
1301 1051 1406 1133 vadis,
1440 1049 1522 1134 ripis
1546 1053 1579 1115 et
1601 1050 1763 1133 piscariis,
1797 1053 1834 1115 ut
1857 1051 2086 1136 supradictum
2110 1055 2171 1134 est,
2207 1072 2282 1117 curn
2311 1055 2471 1122 omnibus

447 1158 633 1223 attinentiis
667 1156 765 1222 bonis
796 1156 923 1222 eisdem
951 1157 994 1222 ab
1023 1177 1063 1221 eo
1094 1155 1177 1239 loco,
1213 1157 1270 1222 ubi
1299 1157 1474 1240 parrochia
1498 1157 1545 1222 Lo
1570 1155 1720 1240 exspirat
1742 1176 1850 1240 usque
1872 1157 1908 1222 in
1930 1157 2119 1240 saxoniam,
2155 1162 2266 1242 preter
2288 1160 2379 1225 bona
2402 1181 2471 1244 que

446 1265 582 1330 fuerunt
603 1263 720 1328 matris
745 1262 874 1327 comitis
897 1262 1045 1328 Heinrici
1069 1263 1111 1327 de
1133 1263 1329 1346 Aldenburg
1351 1263 1456 1328 nostri
1479 1263 1621 1347 nepotis,
1656 1283 1721 1346 que
1745 1262 1807 1329 sita
1826 1265 1906 1328 sunt
1927 1261 1962 1330 in
1986 1263 2108 1346 Slavia,
2132 1265 2234 1329 etita
2258 1265 2300 1330 ab
2324 1270 2471 1350 utraque

448 1372 544 1454 parte
566 1369 695 1434 Wisere
725 1388 901 1454 quousque
930 1369 1120 1435 extenditur
1150 1369 1292 1434 diocesis
1315 1368 1497 1434 Mindensis
1521 1373 1554 1434 et
1578 1369 1874 1451 Hildeshemensis,
1908 1369 1999 1436 etin
2023 1370 2148 1436 diocesi
2170 1371 2471 1440 Padberburnensi

446 1477 536 1541 bona
564 1475 688 1541 domini
712 1475 873 1540 lobannis
897 1476 938 1540 de
961 1476 1125 1540 Arnholte
1150 1477 1182 1539 91
1205 1494 1225 1538 a
1248 1475 1351 1540 lluvio
1384 1475 1441 1558 qui
1470 1474 1593 1540 dicitur
1615 1475 1746 1559 Sydene
1774 1475 1946 1558 usquead
1970 1475 2139 1560 predictos
2162 1477 2322 1543 terminos
2346 1481 2427 1544 ernit
2449 1500 2472 1544 a

446 1582 544 1647 nobis
567 1601 629 1664 pro
652 1580 848 1665 octingentis
873 1585 906 1647 et
928 1581 1043 1647 decern
1065 1582 1185 1646 marcis
1208 1581 1408 1646 Bremensis
1421 1581 1557 1664 argenti,
1581 1583 1644 1648 hac
1667 1581 1820 1666 apposita
1843 1581 2044 1662 conditione,
2075 1583 2165 1665 quod
2189 1582 2278 1649 bona
2301 1583 2337 1650 in
2361 1584 2471 1650 Bord-

446 1689 536 1769 berc,
571 1707 636 1773 que
659 1688 731 1752 iure
755 1687 970 1771 proprietatis
992 1688 1216 1771 possedimus,
1252 1687 1370 1752 eodem
1398 1687 1471 1752 iure
1495 1687 1631 1752 domino
1654 1688 1811 1772 episcopo
1834 1690 1867 1752 91
1890 1686 2030 1754 99919919
2054 1688 2207 1756 dedimus
2230 1689 2265 1754 in
2287 1692 2470 1774 territorio,

445 1793 505 1859 ubi
527 1794 618 1860 bona
641 1793 705 1858 sita
728 1796 814 1858 sunt.
862 1794 1039 1859 Comitium
1062 1814 1140 1860 vero
1165 1793 1306 1858 aliorum
1328 1793 1495 1860 bonorum
1518 1795 1553 1860 in
1576 1794 1693 1859 eadem
1716 1794 1893 1860 villacum
1916 1794 1986 1858 suis
2010 1793 2192 1860 attinentiis
2216 1795 2247 1861 ei
2271 1797 2470 1882 reliquimus

448 1903 483 1965 et
505 1900 639 1984 plenam
662 1899 868 1966 warandiam
890 1899 955 1964 sibi
979 1900 1020 1964 de
1043 1901 1118 1984 ipsa
1140 1899 1377 1983 prestabimus
1401 1900 1509 1965 donec
1532 1900 1687 1964 comitem
1711 1900 1907 1965 Heinricum
1930 1900 1971 1964 de
1989 1901 2084 1982 Hoya
2108 1901 2150 1965 ad
2172 1902 2235 1968 boc
2256 1902 2469 1984 inducamus,

447 2008 485 2071 ut
512 2007 585 2089 ipse
620 2007 759 2072 eandem
795 2026 869 2071 cum
905 2006 973 2070 suis
1008 2005 1189 2071 heredibus
1219 2006 1262 2071 ad
1293 2005 1501 2070 voluntatem
1528 2005 1634 2088 ipsius
1657 2004 1806 2089 episcopi
1829 2006 1982 2089 resignet.
2030 2005 2127 2083 Quod
2150 2007 2179 2071 si
2201 2007 2313 2091 ipsum
2336 2010 2381 2073 ad
2404 2011 2471 2075 hoc

446 2113 603 2179 inducere
626 2111 874 2196 nequiverimus
900 2114 934 2178 et
956 2111 1077 2194 aliquis
1101 2112 1142 2176 ab
1166 2113 1241 2195 ipso
1266 2111 1401 2177 domino
1425 2111 1583 2197 episcopo
1608 2111 1679 2178 sine
1702 2131 1763 2176 sua
1786 2114 1906 2194 sponte
1928 2111 1964 2176 in
1986 2111 2059 2176 iure
2076 2111 2222 2194 evicerit,
2246 2133 2309 2180 nos
2325 2116 2469 2180 eandem
2505 2127 2509 2132 '

446 2239 521 2283 cum
551 2218 648 2282 bonis
677 2218 943 2301 equivalentibus
974 2218 1026 2283 vel
1050 2238 1125 2283 cum
1149 2220 1283 2283 centum
1305 2217 1425 2282 marcis
1449 2217 1748 2301 compensabimus.
1796 2217 1955 2284 Dedimus
1978 2220 2130 2302 preterea
2152 2217 2253 2284 fidem
2277 2220 2470 2288 iuramento

445 2324 585 2410 prestito
613 2327 645 2389 91
673 2325 854 2408 privilegiis
889 2345 950 2408 pro
985 2327 1079 2408 parte
1114 2326 1229 2389 nostra
1259 2326 1292 2390 91
1325 2324 1486 2388 heredum
1520 2326 1708 2393 nostrorum
1743 2324 1784 2390 (19
1814 2324 1915 2406 plena
1953 2324 2124 2412 vacandia
2153 2328 2334 2409 prestanda
2365 2347 2469 2410 super

446 2432 602 2498 omnibus
636 2431 734 2496 bonis
768 2431 949 2516 acquisitis,
984 2450 1095 2498 comes
1120 2431 1220 2498 etiarn
1243 2430 1421 2496 Heinricus
1445 2431 1487 2494 de
1510 2430 1706 2514 Aldenburg
1729 2435 1762 2496 et
1785 2431 1837 2496 sui
1860 2430 1978 2496 fratres
2000 2431 2106 2496 nostri
2128 2435 2267 2516 nepotes
2291 2435 2327 2499 91
2350 2453 2469 2500 eorum

444 2537 585 2604 heredes
608 2537 675 2603 fide
700 2538 777 2603 data
800 2536 956 2612 fratribus
979 2537 1121 2620 predicti
1144 2536 1275 2602 comitis
1298 2536 1485 2601 iurantibus
1508 2536 1619 2619 ipsum
1644 2537 1814 2603 dominum
1838 2539 2033 2621 episcopum
2061 2542 2096 2603 et
2118 2537 2292 2603 ecclesiam
2314 2539 2470 2605 blindan-

445 2663 516 2708 sem
539 2644 581 2708 de
603 2643 766 2728 premissa
787 2643 956 2709 warandia
979 2642 1256 2724 certificaverunt,
1285 2643 1434 2724 alioquin
1457 2641 1603 2708 Mindam
1626 2643 1678 2708 vel
1702 2642 1898 2726 Osnabruge
1921 2643 2121 2708 intrabimus
2143 2643 2221 2708 inde
2244 2664 2311 2710 uon
2335 2645 2469 2728 exituri,

447 2751 555 2816 donec
589 2749 738 2832 predicta
772 2750 1041 2833 persolverimus.
1099 2749 1258 2814 Dedimus
1281 2749 1419 2832 insuper
1441 2747 1543 2814 fidem
1570 2768 1645 2814 cum
1669 2749 1846 2816 duodecim
1868 2749 2027 2814 militibus
2063 2769 2123 2816 nos
2146 2769 2207 2833 pro
2232 2753 2327 2834 parte
2350 2755 2469 2817 nostra

446 2859 479 2922 et
502 2876 613 2922 comes
637 2855 815 2922 Heinricus
838 2857 871 2920 et
887 2857 939 2920 sui
959 2856 1076 2922 iratres
1100 2857 1204 2922 nostri
1228 2856 1367 2938 nepotes
1391 2875 1467 2921 curn
1491 2855 1668 2920 duodecim
1692 2854 1851 2921 militibus
1873 2874 1935 2939 pro
1958 2858 2053 2938 parte
2076 2855 2238 2940 ipsorum,
2260 2857 2353 2939 quod
2377 2857 2469 2922 infra

446 2983 570 3030 annum
603 2962 645 3029 ab
673 2965 790 3028 octava
817 2961 1067 3046 pentecostae)
1102 2963 1253 3045 proximo
1287 2964 1427 3028 ventura
1466 2961 1577 3027 omnia
1608 2962 1697 3026 bona
1729 2962 1878 3045 predicta
1912 2961 1978 3026 siat
2008 2953 2175 3045 expedita,
2210 2962 2360 3046 alioquin
2391 2983 2469 3030 cum

446 3069 647 3152 supradictis
671 3069 832 3134 militibus
856 3068 1000 3135 Mindam
1023 3068 1076 3133 vel
1101 3068 1296 3150 Osnabruge
1319 3067 1527 3146 intrabimus,
1559 3068 1665 3133 donec
1688 3068 1836 3150 predicta
1858 3067 2116 3150 persolverimus
2139 3067 2218 3133 inde
2240 3088 2308 3134 nou
2334 3070 2467 3136 exituri.

446 3177 491 3241 Ut
523 3178 636 3242 autem
667 3176 729 3240 hec
756 3177 827 3241 rata
858 3178 889 3239 et
917 3174 1112 3240 inconvulsa
1145 3176 1372 3258 permaneant,
1406 3176 1595 3258 presentem
1629 3175 1785 3258 paginam
1819 3173 2001 3257 sigillorum
2035 3176 2225 3240 nostrorum
2258 3177 2469 3258 appensione

445 3281 686 3348 roboravimus
733 3282 959 3348 Fideiussores
986 3283 1110 3362 autern,
1145 3281 1203 3364 qui
1232 3300 1293 3364 pro
1320 3279 1373 3346 his
1403 3279 1505 3347 fidem
1533 3281 1707 3360 dederunt,
1742 3279 1789 3346 hii
1820 3282 1898 3344 sunt
1925 3300 1987 3363 pro
2011 3284 2106 3364 parte
2130 3284 2260 3346 nostra:
2295 3281 2469 3348 lohannes

447 3389 563 3469 Panel,
593 3387 780 3454 Fridericus
809 3387 924 3468 Pauel,
954 3387 1179 3453 Theodericus
1203 3387 1245 3451 de
1267 3386 1441 3468 Rarstede,
1470 3387 1661 3452 Gerhardus
1685 3386 1726 3450 de
1750 3386 1916 3467 Slutbere,
1944 3386 2074 3452 Olricus
2098 3387 2140 3451 de
2163 3387 2345 3468 Winckele,
2376 3389 2468 3472 Erpo

446 3496 487 3560 de
511 3496 623 3578 Wege,
652 3493 827 3559 Heinricus
852 3493 893 3558 de
916 3493 1120 3575 Brocbusen,
1148 3492 1293 3558 Wizelus
1317 3493 1358 3556 de
1382 3493 1580 3575 Garstorpe3
1615 3512 1677 3575 pro
1702 3496 1799 3576 parte
1823 3492 1952 3558 comitis
1977 3492 2124 3558 Heinrici
2147 3492 2190 3558 de
2212 3493 2410 3577 Aldenburg
2435 3497 2471 3560 et

447 3602 586 3667 fratrum
610 3620 765 3665 suorum:
789 3600 961 3665 Conradus
985 3600 1027 3664 de
1042 3599 1183 3683 Bergen,
1207 3599 1363 3664 dominus
1387 3597 1612 3664 Theodericus
1637 3597 1801 3680 Hennet),
1826 3598 2002 3664 Heinricus
2026 3599 2068 3663 de
2090 3599 2296 3681 Brocbusen,
2319 3600 2468 3666 Wizelus

446 3709 487 3774 de
512 3707 703 3789 Garstorpe,
727 3705 895 3771 lohannes
918 3705 1057 3788 Kinche,
1081 3705 1234 3770 Eilardus
1259 3704 1300 3769 de
1323 3705 1423 3785 ste,
1448 3704 1662 3769 Gevehardus
1690 3705 1732 3770 de
1748 3705 1847 3786 ste,
1870 3704 2039 3770 lohannes
2057 3705 2098 3771 de
2115 3705 2214 3787 ste,
2237 3705 2468 3772 Theodericus

444 3813 600 3894 Plumplrโ
632 3812 842 3877 Everhardus
866 3812 908 3876 de
931 3809 1108 3895 Varnitz4).
1159 3810 1268 3876 Huius
1293 3812 1404 3874 autem
1428 3810 1532 3874 testes
1556 3812 1663 3876 suntzฮ
1686 3811 1910 3878 Theodericus
1938 3811 2127 3895 prepositus
2155 3812 2291 3878 maioris
2315 3812 2466 3895 ecclesie,

445 3920 549 3985 abbas
573 3917 777 3998 Soinnensis,
803 3918 1003 3983 Lambertus
1027 3917 1216 4001 prepositus
1239 3916 1274 3980 in
1297 3915 1489 3999 Neintorpe,
1513 3915 1606 3983 Bodo
1629 3917 1818 4001 prepositus
1842 3917 1948 3982 sancti
1962 3917 2132 4000 lobannis,
2156 3918 2349 3983 Waltlrerus
2366 3919 2467 3984 celle-

445 4025 562 4108 rarius,
597 4026 711 4090 Bruno
742 4027 870 4106 cantor,
903 4023 1080 4105 JustaciuS,
1116 4008 1305 4088 Alexander
1335 4025 1369 4086 et
1398 4021 1562 4087 Geroldus
1592 4023 1743 4088 canonici
1770 4023 1971 4104 Miudenses,
2006 4024 2201 4090 volcmarus
2235 4024 2393 4090 sacerdos
2422 4025 2467 4090 de

444 4132 615 4213 Bocholte,
638 4131 858 4214 Marquardus
881 4130 1037 4195 sacerdos
1061 4129 1103 4193 de
1124 4128 1222 4208 Hilla,
1247 4127 1409 4194 Ludolius
1425 4128 1567 4211 scriptor
1582 4132 1615 4194 ct
1632 4129 1834 4210 Gerhardus,
1858 4129 2002 4210 nobiles:
2027 4128 2242 4196 Bernhardus
2258 4129 2301 4195 de
2317 4130 2467 4212 Osedlre,

445 4237 661 4303 Bernhardus
687 4237 728 4301 de
753 4237 811 4318 Lo,
844 4235 981 4301 milites:
1016 4235 1189 4300 Conradus
1214 4234 1255 4299 de
1278 4233 1460 4316 Mandeslo,
1486 4235 1712 4300 Theodericus
1736 4237 1777 4300 de
1800 4235 1939 4318 Ekesen,
1973 4236 2169 4302 Meinlridus
2193 4237 2235 4303 de
2258 4236 2467 4318 Barchuseu,

444 4343 619 4410 Conradus
650 4343 691 4407 de
719 4343 804 4434 11119,
836 4343 1065 4407 Ludincherus
1088 4342 1130 4406 de
1153 4340 1378 4422 Bolenhusen,
1414 4341 1610 4422 1191199199,
1646 4341 1838 4407 Gerhardus
1861 4342 1977 4407 fratres
2001 4342 2042 4406 de
2065 4343 2182 4426 Swege
2205 4345 2238 4408 91
2262 4341 2467 4407 Hartbertus

446 4450 584 4533 dapifer,
610 4449 796 4533 Lippoldus
820 4448 862 4513 de
885 4449 1068 4528 Mandeslo,
1091 4447 1290 4512 Berwardus
1307 4452 1341 4512 et
1357 4447 1535 4512 Heinricus
1551 4447 1669 4511 iratres
1685 4449 1727 4513 de
1744 4447 1993 4529 Hemenhusen,
2018 4448 2195 4514 Heinricus
2212 4448 2253 4513 de
2270 4447 2466 4528 Horsholte,

446 4556 681 4621 Helembertus
705 4554 927 4634 Camerarius,
961 4554 1152 4618 Alexander
1181 4552 1281 4618 frater
1303 4573 1395 4634 suus,
1430 4553 1599 4618 Arnoldus
1623 4555 1738 4635 Stuve,
1775 4554 1987 4618 Hermannus
2012 4555 2053 4619 de
2076 4553 2199 4634 Buren,
2235 4552 2398 4619 Ludollus
2421 4554 2468 4619 de

443 4662 626 4745 Nienburg,
650 4661 823 4727 Conradus
847 4662 889 4726 de
905 4661 1017 4742 Holle,
1040 4660 1217 4727 Heinricus
1240 4659 1561 4746 (191)(9999199919995),
1584 4659 1813 4724 Willebelmus
1837 4661 1928 4742 Span
1961 4659 2121 4726 Nicolaus
2142 4658 2334 4743 Vrigedach,
2358 4658 2466 4724 1119199-

444 4768 549 4834 lridus
574 4768 615 4832 de
639 4767 855 4849 Spenthovia,
879 4766 1074 4832 servientes:
1100 4765 1193 4832 Cono
1210 4766 1252 4832 de
1266 4765 1445 4832 Thefholta
1468 4765 1704 4831 Heithenricus
1720 4766 1926 4847 Advocatus,
1948 4766 2062 4832 Bruno
2078 4766 2120 4831 de
2136 4765 2251 4849 Svege,
2276 4765 2467 4830 Richardus

444 4877 522 4956 Vos,
557 4874 750 4938 Gerhardus
772 4874 872 4954 Saxo,
906 4871 1049 4940 lacobus
1080 4876 1114 4938 et
1137 4873 1322 4938 Tridericus
1357 4873 1477 4938 fratres
1505 4872 1546 4938 de
1569 4872 1818 4954 Huddestorpe,
1853 4873 2042 4938 Fridericus
2066 4872 2109 4937 de
2130 4872 2342 4954 Holresbove,
2378 4871 2467 4936 Herฮ

444 4999 588 5048 mannus
612 4979 727 5058 Dives3
750 4979 947 5062 burgenses:
973 4978 1136 5046 Ludollus
1159 4980 1201 5046 de
1220 4979 1400 5060 Bordhere,
1425 4977 1616 5044 Waltherus
1637 4981 1671 5044 et
1691 4979 1868 5044 Heinricus
1884 4977 2070 5062 Simplices,
2092 4977 2262 5044 Johaunes
2278 4977 2320 5042 de
2336 4977 2467 5044 Paluda

443 5089 480 5152 et
502 5085 683 5170 supradicti
706 5084 919 5152 fideiussores
942 5089 976 5151 et
1000 5085 1054 5150 alii
1077 5105 1178 5169 quam
1200 5084 1324 5168 plures.
1370 5084 1456 5150 Acta
1478 5087 1558 5150 sunt
1580 5085 1643 5150 hec
1665 5104 1754 5150 anno
1778 5085 1911 5150 Domini
1934 5083 2173 5150 artuum

657 5190 680 5260 ยน)
700 5191 794 5244 curtim
821 5189 856 5242 W.
895 5190 916 5258 แผฐ)
936 5190 1111 5244 Pouthocosto
1137 5189 1169 5242 11.
1208 5190 1231 5261 ยณ)
1251 5190 1358 5244 Hammo
1382 5189 1418 5246 W.
1455 5189 1478 5256 โด)
1501 5191 1600 5244 Varcia
1625 5189 1660 5241 W.
1699 5189 1722 5262 โถ)
1742 5190 1910 5245 Buucherteu
1937 5189 1969 5243 W.

576 5293 668 5360 Naclr
697 5295 765 5360 dein
791 5292 903 5360 1199991
932 5295 982 5361 baฮ
1010 5294 1204 5374 Wrirdtwein,
1242 5293 1332 5360 Saba.
1354 5295 1429 5382 capt
1461 5292 1517 5374 VI,
1554 5294 1589 5364 S.
1612 5295 1679 5361 393
1702 5294 1762 5360 1119.
1788 5295 1852 5360 116
1875 5295 1956 5384 (W),
1992 5297 2075 5361 nacla
2098 5297 2188 5383 pedr.
2214 5319 2244 5359 ฯ.
2266 5293 2469 5382 1191991999,

656 5399 762 5490 Hoperฮ
796 5400 865 5468 UB.
895 5402 993 5470 Abra.
1025 5400 1097 5481 VII,
1127 5401 1163 5467 S.
1188 5401 1230 5466 13
1257 5399 1319 5464 Nr.
1345 5399 1399 5464 18.
1443 5404 1588 5468 Venowe
1615 5403 1674 5468 coll
1701 5402 1751 5468 bei
1780 5402 1970 5486 Bruchdorf
1996 5405 2110 5468 unweil
2138 5403 2191 5466 cles
2214 5399 2386 5488 &ustam
2409 5402 2469 5468 der
