5022 6778
1062 387 1130 442 1299
2026 375 2090 440 521
2111 371 2112 374 '

1016 585 1090 662 162
1123 644 1131 664 .

60 717 292 792 Archilnem
319 714 565 786 Hermoneia
594 713 707 786 Otscn
739 713 904 785 helmrici
931 712 997 785 den
1034 587 1207 802 Vergleiclt
1235 713 1296 784 des
1324 712 1491 804 Propctes
1518 735 1579 784 ortu
1608 713 1895 803 Barsinplmcsm
1923 715 1985 786 mit
2012 715 2090 786 don
2122 706 2126 714 ’

168 823 300 896 Plclnm
327 821 471 894 Irulbert
497 823 535 892 ia
561 819 693 892 Samen
718 842 831 910 weyers
857 821 979 892 zwcier
1007 819 1127 906 Hersen
1156 817 1296 889 mades
1322 819 1360 889 in
1389 818 1650 910 Eydenhusen.
1706 817 1806 891 1299
1836 821 1917 891 Μαί
1944 825 1977 892 6.

268 940 480 1023 presentibus
516 938 650 1004 domino
685 941 800 1003 nostro
836 938 962 1003 decano
997 936 1172 1018 Mindensi,
1208 935 1342 1014 Gysone
1376 936 1611 1002 archidiacono
1640 936 1675 1001 io
1704 938 1859 1015 Alatheo,
1898 939 2093 1022 ..preposito

13 1131 15 1140 Ι
59 1045 257 1127 Hamelensi‚
281 1045 433 1110 iohanne
457 1045 545 1110 dicto
569 1044 674 1109 Durel
698 1042 812 1125 milite,
837 1044 1039 1126 Reymberto
1063 1045 1162 1109 fratre
1186 1042 1303 1129 ipsius,
1328 1042 1516 1107 Rabodone
1542 1044 1661 1108 Lusco

189 1151 284 1216 θεάν.
312 1150 393 1214 necle
417 1151 484 1214 dem
512 1146 566 1213 Or.
589 1151 634 1212 im
657 1147 732 1234 th.
758 1147 863 1213 se-A.
887 1169 927 1212 zu
949 1146 1126 1225 Hennaeae,
1162 1146 1216 1212 Kl.
1244 1147 1500 1233 Barsinploamen
1523 1146 1582 1214 Nr.
1609 1147 1660 1227 73,
1695 1173 1722 1212 u.
1746 1147 1943 1234 Hodenberp,
1979 1148 2088 1214 Calen-

271 1256 380 1342 berper
408 1254 478 1320 ΠΒ.
503 1255 599 1320 Abel.
627 1253 652 1333 J,
676 1252 708 1321 S.
732 1254 775 1318 54
801 1252 860 1319 Nr.
887 1252 937 1321 73.
989 1251 1092 1318 Ueber
1114 1254 1338 1337 Eydenbusen
1361 1277 1387 1318 a.
1413 1253 1483 1318 oben
1510 1252 1568 1321 Ne,
1592 1252 1668 1318 699.

1048 1433 1162 1510 1630.

57 1562 168 1651 Kdnip
205 1562 325 1633 Albcrt
359 1561 486 1632 belebm
520 1563 586 1632 dea
622 1561 758 1649 Graiam
793 1562 975 1739 OttoMoon
1012 1561 1231 1737 {cvpmpprq
1272 1562 1335 1630 mit
1367 1560 1433 1630 den
1468 1559 1690 1632 Reiclzslcltea
1730 1563 1843 1632 seiner
1889 1561 2090 1652 Vorfoltren.

904 1669 985 1738 ciue
1014 1672 1032 1736 1
1062 1671 1108 1737 99
1184 1668 1220 1736 ci
1249 1671 1303 1741 18.

162 1787 233 1851 Nos
256 1785 415 1850 Albertus
439 1785 499 1850 Dei
524 1784 630 1868 gratia
654 1784 883 1850 Romanorum
908 1805 964 1850 rex
988 1803 1119 1868 semper
1141 1787 1302 1867 augustus
1326 1784 1489 1848 universis
1514 1785 1598 1848 sacri
1616 1783 1758 1848 Romani
1783 1785 1910 1868 imperii
1933 1785 2090 1851 fidelibus

60 1893 227 1976 presentia
250 1892 372 1956 visuris
396 1894 512 1955 notum
535 1890 685 1972 facimus,
709 1892 800 1973 quod
824 1911 885 1956 nos
909 1891 1128 1974 spectabilem
1152 1891 1259 1956 virum
1277 1891 1434 1955 Ottouem
1452 1891 1493 1954 de
1511 1890 1727 1972 Ravensberg
1748 1891 1911 1972 comitem,
1935 1898 2090 1958 nostrum

63 2004 93 2063 et
116 1998 248 2082 imperii
272 1997 416 2077 fidelem,
445 1999 488 2062 ob
514 2017 573 2062 sue
604 1996 771 2062 fidelitatis
800 1997 919 2062 merita
945 1998 1056 2061 favore
1085 2001 1119 2062 et
1147 1999 1252 2081 gratia
1276 1998 1450 2080 cupientes
1474 1997 1634 2080 prosequi
1658 1997 1792 2080 speciali
1816 1997 1928 2080 ipsum
1952 2000 1993 2061 de
2016 1998 2091 2062 uni-

57 2106 160 2170 versis
193 2104 292 2169 bonis
323 2103 521 2183 feodalibus
552 2124 617 2186 que
646 2107 741 2186 pater
771 2123 852 2168 suus
880 2106 914 2167 et
939 2123 1020 2168 avus
1048 2123 1130 2168 suus
1154 2106 1324 2186 ceterique
1348 2106 1398 2168 sui
1424 2103 1652 2186 progenitores
1677 2103 1719 2168 ab
1743 2102 1886 2185 imperio
1911 2109 1944 2169 et
1969 2103 2092 2169 nostris
2141 2131 2145 2139 ·

57 2211 352 2294 predecessoribus
370 2212 600 2275 Romanorum
618 2210 751 2293 regibus
774 2210 960 2275 illustribus
984 2210 1026 2274 de
1048 2210 1121 2274 iure
1144 2210 1180 2274 in
1203 2208 1302 2275 feodo
1326 2209 1497 2274 habebant
1521 2213 1554 2273 et
1577 2209 1748 2290 tenebant,
1773 2210 1853 2273 dum
1868 2211 2033 2291 vixerunt,
2059 2215 2092 2274 et

57 2318 97 2382 ad
121 2318 268 2382 eundem
292 2317 446 2381 comitem
470 2317 634 2382 devolutis
657 2316 864 2382 infeodamus
890 2320 924 2382 et
946 2316 1054 2381 eidem
1078 2318 1112 2380 in
1130 2316 1218 2382 omni
1235 2318 1318 2398 iure,
1343 2316 1442 2400 quel)
1460 2336 1479 2380 a
1495 2316 1591 2380 nobis
1608 2316 1642 2380 et
1657 2335 1677 2379 a
1693 2317 1846 2381 Romano
1861 2317 2001 2399 imperio
2017 2316 2092 2399 ipsa

57 2423 181 2488 habere
215 2427 252 2486 et·
278 2426 392 2486 tenere
429 2422 538 2500 debet,
575 2423 787 2488 concedimus
821 2423 895 2507 ipsa
928 2424 1026 2502 bona,
1063 2423 1182 2488 dantes
1216 2423 1276 2488 has
1311 2427 1443 2487 nostras
1479 2423 1606 2488 litteras
1642 2423 1732 2504 regie
1771 2423 1953 2488 maiestatis
1984 2423 2090 2506 sigillo

57 2530 215 2611 sigillatas
240 2529 274 2593 in
296 2528 525 2592 testimonium
550 2548 650 2611 super
674 2550 722 2593 eo.
769 2529 892 2592 Datum
916 2529 1005 2611 apud
1030 2530 1233 2611 Moguntiam
1256 2530 1321 2592 XV.
1348 2529 1516 2594 Kalendas
1539 2527 1643 2608 lunii,
1680 2529 1862 2594 indictione
1886 2530 1966 2610 llll,
2002 2549 2091 2595 auno

56 2635 189 2699 Domini
214 2635 324 2699 lllCC.
350 2636 565 2716 nonagesimo
591 2655 690 2714 nono,
715 2635 806 2718 regni
829 2655 906 2699 vero
931 2636 1034 2699 nostri
1061 2655 1148 2701 anuo
1176 2636 1293 2720 primo.

275 2741 296 2808 ¹)
316 2740 385 2808 quod
407 2739 437 2795 L.

192 2826 287 2893 θεάν.
326 2826 453 2913 ΙΛπιεμ,
489 2827 598 2892 Gesclt.
628 2829 657 2894 d.
689 2829 763 2893 Grr.
792 2853 819 2896 o.
853 2829 1061 2914 Ravensberp,
1100 2829 1172 2894 Coa.
1205 2831 1279 2914 dipl.
1315 2828 1349 2894 S.
1376 2829 1421 2893 69
1453 2829 1513 2894 Ne.
1546 2829 1596 2894 71.
1656 2831 1800 2908 nelma,
1836 2828 1933 2914 Repp.
1966 2829 2093 2892 eilberti

271 2931 331 2997 Nr.
359 2933 439 3000 179:
479 2934 588 3010 „Olina
614 2934 743 3012 chil'el
769 2938 812 2999 ist
834 2939 877 2998 im
900 2935 1019 2998 Datum
1047 2937 1148 3000 dieser
1175 2933 1323 3000 Urlrunde
1358 2940 1407 3000 ein
1441 2935 1663 3013 Salereibfeleler
1694 2936 1879 3021 verborpen,·
1913 2939 1957 2999 aie
1985 2937 2091 3020 dirfte

272 3041 421 3104 eremeliae
445 3041 503 3105 den
527 3041 579 3105 11.
603 3042 669 3104 und
694 3040 744 3104 14.
771 3041 851 3104 Juni
872 3043 1035 3126 paldram!

1024 3224 1129 3299 1631.

54 3347 209 3434 Bisclrof
236 3347 383 3437 merop
417 3369 481 3418 vom
516 3348 714 3419 Osnabrliol·
746 3348 915 3437 iiberqc'ebt
948 3351 1011 3420 mit
1045 3350 1300 3439 Geuclrrripnnp
1336 3350 1395 3421 des
1428 3351 1667 3441 Dornlmpitcls
1700 3351 1775 3421 dem
1808 3351 1923 3423 Edeta
1956 3351 2091 3440 liudolf

52 3475 114 3523 oon
144 3453 316 3544 Dicpltolr
344 3454 414 3541 aas
437 3453 634 3526 Laeana
661 3455 897 3527 verschicdcne
925 3455 1028 3545 deq
1062 3457 1229 3528 daruntcr
1260 3458 1413 3528 domum
1441 3456 1479 3528 in
1511 3456 1741 3528 ll'ichhusen
1768 3457 1875 3528 iuxta
1903 3456 2089 3552 Diliugen.

810 3561 1005 3632 Omobrr'c'ck
1034 3562 1133 3634 1299
1161 3563 1250 3634 Jnot
1277 3565 1339 3635 26.

190 3677 246 3740 Or.
272 3681 315 3739 im
339 3677 410 3762 rip.
438 3679 540 3742 se-A.
566 3701 606 3741 au
628 3676 805 3753 Hannone,
842 3678 988 3758 Grosscli.
1012 3679 1164 3764 Diaphola
1195 3677 1254 3743 Nr.
1279 3679 1310 3744 9.
1359 3680 1454 3744 Gerr.
1481 3705 1506 3744 u.
1532 3679 1727 3764 Hodenbery,
1753 3680 1940 3766 Dieplrolzer
1968 3679 2035 3744 Uli.
2064 3679 2089 3760 I,

271 3781 303 3850 S.
327 3781 349 3845 6
379 3782 441 3850 Nr.
467 3783 518 3848 10.
567 3783 680 3868 Repect
702 3782 900 3868 Nieberdinp,
933 3785 1042 3850 Gesct.
1067 3787 1096 3851 d.
1122 3787 1248 3851 elamat.
1274 3783 1478 3871 Niedarctrfla
1502 3787 1641 3851 Miiaster
1666 3785 1698 3851 S.
1725 3785 1792 3848 XX
1800 3784 1833 3851 V.
1883 3788 2090 3854 Wichhusen

273 3890 356 3952 nicht
377 3890 466 3953 mehr
486 3891 671 3954 velandae

1019 4057 1132 4132 1632.

50 4178 212 4266 Bisclt-of
236 4179 365 4266 Iacclols
393 4202 455 4250 von
484 4181 633 4252 Mindon
667 4181 738 4252 aad
766 4183 900 4272 Heraop
929 4183 1003 4253 Otto
1031 4204 1093 4252 von
1121 4182 1391 4272 Bromiscltwcip
1429 4183 1562 4272 einipcn
1596 4183 1668 4254 sicli
1706 4206 1817 4272 tropen
1852 4185 1914 4255 der
1946 4185 2090 4276 Tellunp

245 4285 307 4355 der
335 4285 543 4374 Grofsclrost
580 4287 759 4376 Wuastorf
785 4288 857 4358 aad
883 4311 926 4358 aa
949 4289 1205 4379 pcpcaseitipem
1233 4288 1365 4359 Selenia.
1431 4289 1737 4377 Wunstorf1299
1765 4290 1841 4361 Jnlt
1869 4294 1901 4361 9.

161 4403 249 4486 (Nos
273 4402 470 4486 Ludolphus
493 4403 554 4468 Dei
577 4405 683 4486 gratia
706 4406 887 4470 Mindensis
916 4406 1052 4470 ecclesie
1081 4407 1260 4489 episcopus
1284 4408 1317 4472 et
1340 4406 1419 4471 Otto
1448 4407 1565 4471 eadem
1594 4407 1699 4488 gratia
1727 4409 1794 4472 dux
1823 4408 1864 4472 de
1889 4407 2089 4475 Brunswiclr

48 4515 81 4574 et
111 4510 156 4574 de
189 4509 393 4592 Luneuburg
429 4510 592 4576 universis
626 4531 766 4593 presens
801 4514 963 4595 scriplum
997 4511 1117 4576 visuris
1153 4511 1307 4594 cupimus
1351 4531 1425 4576 esse
1468 4515 1597 4588 notum,
1631 4514 1732 4595 quod,
1768 4534 1845 4578 cum
1876 4518 2022 4580 castrum
2053 4516 2088 4580 in

46 4615 261 4699 Wunslorpe
295 4616 414 4681 nobilis
448 4615 509 4679 viri
542 4615 704 4682 lobannis
740 4618 868 4682 comitis
902 4618 1025 4682 ibidem
1061 4617 1165 4701 culpis
1199 4617 1268 4682 suis
1304 4617 1511 4700 exigentibus
1546 4619 1680 4685 fortuna
1718 4619 1852 4686 favente
1891 4622 2088 4703 ceperimus

47 4722 206 4786 eiusdem
242 4723 382 4786 cometie
417 4721 612 4787 divisionem
646 4723 785 4788 fecimus
819 4725 854 4787 in
886 4725 975 4788 huuc
1005 4725 1151 4804 modum,
1186 4724 1340 4789 videlicet
1375 4725 1467 4807 quod
1498 4727 1675 4808 episcopus
1708 4726 1902 4809 blindensis,
1937 4728 1995 4809 qui
2025 4748 2087 4810 pro

46 4831 207 4909 ternpore
246 4828 354 4905 luerit,
390 4828 523 4893 nomine
553 4828 689 4893 ecclesie
717 4850 775 4892 sue
807 4831 963 4911 castrum,
999 4831 1137 4910 opidum
1162 4834 1193 4894 et
1218 4831 1399 4895 claustrum
1425 4831 1460 4895 in
1483 4832 1687 4915 Wunstorpe
1715 4834 1806 4898 solus
1837 4833 2011 4915 obtinebit,
2046 4835 2088 4900 de

47 4935 172 4998 ceteris
206 4938 317 4998 autem
347 4934 446 4998 bonis
477 4935 519 4998 ad
549 4935 762 5020 cometiaml)
790 4936 1037 5018 pertinentibus
1065 4937 1221 5003 videlicet
1246 4937 1344 5017 villis,
1369 4938 1517 5020 decimis,
1541 4940 1638 5021 agris,
1661 4939 1932 5023 possessionibus
1956 4942 1991 5004 et
2014 4940 2087 5005 aliis

45 5040 185 5104 iuribus
215 5041 472 5123 quibuscunque
500 5040 586 5105 inter
616 5061 677 5106 nos
702 5043 830 5124 equalis
852 5041 911 5106 fiet
934 5042 1053 5108 divisio
1078 5063 1116 5108 eo
1141 5045 1303 5108 duntaxat
1327 5047 1480 5127 excepte,
1512 5047 1603 5130 quod
1627 5043 1859 5112 villicationem
1895 5046 1930 5110 in
1953 5046 2088 5112 Renne-

44 5146 157 5228 bergh
185 5165 261 5210 cum
285 5147 353 5210 suis
377 5146 561 5212 attinentiis
584 5147 676 5212 solus
700 5149 877 5232 episcopus
901 5151 1065 5232 perpetuo
1089 5150 1286 5232 possidebit.
1334 5152 1492 5216 Preterea
1508 5171 1570 5216 nos
1587 5152 1654 5217 dux
1671 5153 1712 5218 de
1729 5153 1929 5237 Luneborgh
1946 5157 2087 5236 partem,

44 5273 114 5334 que
141 5255 188 5318 de
213 5251 310 5318 bonis
334 5252 560 5334 pheudalibus
584 5253 733 5320 eiusdem
757 5254 886 5321 comitis
909 5275 970 5320 nos
994 5256 1166 5339 contingit,
1191 5257 1232 5321 ab
1259 5257 1417 5341 episcopo
1441 5257 1606 5324 Mindensi
1629 5258 1701 5324 iure
1724 5259 1875 5343 recipere
1899 5259 2087 5324 tenebimur

43 5357 226 5440 pheodali‚
251 5360 360 5424 cetera
384 5361 499 5424 autem
521 5361 611 5425 bona
635 5361 784 5428 eiusdem
807 5360 982 5445 comedet)
1006 5362 1140 5446 propria
1156 5364 1244 5429 inter
1260 5383 1322 5427 nos
1339 5364 1501 5446 equaliter
1517 5365 1711 5447 partiemur.
1752 5367 1894 5448 Insuper
1910 5365 2087 5431 amicitiam

159 5495 404 5542 westrem-nucu
419 5497 457 5541 vr.
1830 5491 1871 5553 es
