5032 6796
1051 371 1119 427 1294
2021 355 2088 422 483

1021 569 1132 647 1523.

65 696 132 770 Die
157 697 339 770 mindener
366 694 643 768 Domlcooone'lter
670 693 854 766 beraeam
880 697 954 768 sicle
980 695 1104 768 eidlicb
1130 719 1195 768 zur
1221 696 1482 786 Autbesseronp
1508 696 1567 768 cles
1587 695 1780 768 Mortes
1808 696 1869 768 des
1887 695 1991 786 Stisls
2017 697 2091 770 ent

364 825 408 874 eu
430 803 674 894 pepensetetper
700 800 820 890 nofe.
875 801 937 874 Jm
964 802 1203 892 biscbb'tlicben
1232 803 1478 876 Pobost1294
1505 803 1699 893 September
1727 801 1788 874 12.

166 941 207 1006 ln
229 939 364 1007 nomine
388 937 521 1005 Domini
544 957 652 1003 amen.
690 937 791 1002 Anno
815 939 964 1004 eiusdem
984 937 1298 1018 M⁰.CC⁰.XC⁰.IIII⁰,
1319 958 1437 1005 mense
1453 938 1641 1022 Septembri
1658 939 1710 1004 die
1727 937 1808 1004 XIl⁰.
1826 959 1888 1005 nos
1905 941 2089 1024 capitulum

63 1046 198 1112 ecclesie
220 1045 406 1112 Mindensis
437 1043 609 1112 constituti
636 1063 748 1110 coram
769 1044 953 1111 venerabili
976 1046 1072 1129 patre
1095 1044 1230 1110 domino
1255 1048 1370 1112 nostro
1394 1045 1547 1110 Conrado
1570 1045 1721 1110 eiusdem
1744 1046 1882 1111 ecclesie
1904 1047 2088 1114 Mindensis

64 1153 220 1236 episcopo
255 1151 291 1216 in
317 1150 442 1234 palatio
471 1149 651 1234 episcopali
682 1169 758 1215 cum
780 1149 969 1215 videremus
993 1153 1118 1216 statum
1142 1151 1280 1217 ecclesie
1302 1153 1416 1216 nostre
1439 1150 1566 1216 tamin
1588 1151 1735 1234 capitulo
1758 1171 1860 1235 quam
1883 1155 1975 1219 extra
1997 1156 2089 1238 capi-

62 1259 168 1324 tulum
203 1277 263 1341 per
291 1257 458 1323 civitatem
487 1258 522 1322 et
551 1255 717 1339 dyocesim
744 1256 916 1322 occasione
951 1276 1145 1339 guerrarum
1169 1259 1203 1322 et
1226 1257 1299 1322 sani
1322 1257 1451 1322 musilii
1483 1256 1615 1322 defectu
1646 1257 1830 1340 lugubrem,
1864 1260 2089 1327 miserabilem

63 1367 97 1430 et
117 1363 294 1444 infirmum,
325 1363 366 1428 de
388 1363 495 1445 ipsius
519 1361 644 1427 domini
667 1362 774 1428 nostri
796 1361 945 1446 episcopi
968 1361 1178 1446 beneplacito
1202 1366 1236 1428 et
1257 1363 1429 1429 voluntate
1451 1364 1548 1428 tactis
1572 1365 1791 1429 sacrosanctis
1815 1365 1875 1430 Dei
1899 1368 2089 1449 evangeliis

63 1469 288 1550 iuravimus1),
312 1469 402 1552 quod
425 1487 488 1533 nos
510 1468 601 1533 bona
623 1467 689 1534 fide
713 1469 754 1533 de
776 1468 852 1551 ipso
875 1468 1011 1534 dondno
1035 1471 1150 1534 nostro
1174 1469 1307 1534 solliciti
1330 1469 1395 1554 ipsi
1418 1470 1630 1535 consulemus
1647 1473 1747 1553 atque
1763 1470 1950 1538 iuvabimus
1967 1474 2089 1557 ipsum,

63 1579 101 1641 ut
122 1577 229 1640 status
255 1574 362 1658 ipsius
385 1579 419 1640 et
442 1578 555 1641 nostre
588 1573 725 1640 ecclesie
754 1577 824 1640 tam
853 1575 890 1640 in
919 1574 1065 1658 capitulo
1096 1595 1200 1659 quam
1227 1577 1318 1640 extra
1342 1574 1527 1658 capitulum
1551 1580 1686 1641 auctore
1709 1575 1852 1640 Domino
1875 1577 1911 1643 in
1933 1579 2089 1664 meliust)

63 1684 260 1749 reformetur
276 1685 309 1748 et
324 1682 426 1764 quod,
450 1678 478 1746 si
500 1683 573 1766 ipse
598 1681 751 1748 dominus
775 1685 899 1762 noster,
923 1682 1013 1765 quod
1030 1700 1244 1764 nequaquam
1261 1680 1438 1762 credimus,
1462 1680 1610 1745 consiliis
1627 1681 1749 1748 nostris
1765 1682 1969 1749 salutaribus
1986 1685 2089 1752 nollet

64 1789 273 1873 acquiescere
301 1788 355 1852 vel
384 1807 425 1854 ea
453 1788 557 1855 nollet
586 1789 771 1867 attendere,
806 1807 867 1852 nos
896 1788 1038 1854 invicem
1065 1787 1195 1871 nobisl)
1227 1787 1411 1852 astabimus
1435 1790 1470 1851 et
1493 1806 1603 1852 coram
1626 1807 1687 1852 suo
1710 1778 1823 1854 iudice
1845 1789 1906 1854 hoc
1929 1793 2089 1874 conqueri

65 1895 223 1960 debemus
254 1913 292 1958 ac
316 1895 431 1959 contra
454 1892 564 1975 ipsum
591 1893 627 1958 in
650 1893 772 1958 iudicio
797 1893 951 1977 experiri.
999 1894 1084 1958 Item
1106 1894 1288 1964 iuravimus
1313 1912 1444 1958 servare
1468 1910 1584 1974 pacem
1608 1893 1834 1958 omnimodam
1856 1895 1944 1960 inter
1966 1916 2029 1962 nos
2052 1899 2089 1963 in

63 2000 207 2084 capitulo
232 2001 349 2065 nostro
372 2020 509 2068 rancore
532 2003 568 2065 et
590 2000 677 2081 odio,
710 2003 875 2085 quantum
896 2001 1058 2085 possibile
1082 2003 1133 2066 est
1157 2002 1190 2064 et
1212 2000 1361 2066 humana
1384 1998 1464 2064 sinit
1486 1998 1654 2082 fragilitas,
1678 1999 1813 2082 penitus
1836 2001 2000 2083 relegatis.
2046 2003 2090 2068 Et

63 2110 92 2173 si
121 2107 242 2190 aliquis
272 2107 508 2172 canonicorum
541 2109 733 2173 nostrorum
764 2107 911 2190 aliquam
945 2107 1130 2190 questionis
1164 2109 1337 2173 materiam
1370 2107 1529 2172 adversus
1560 2107 1663 2171 alium
1694 2108 1891 2173 canonicum
1923 2109 2088 2192 habuerit,

65 2233 164 2296 super
198 2213 263 2279 hoc
298 2232 374 2279 cum
408 2215 497 2280 bona
531 2233 614 2297 pace
648 2215 750 2297 atque
784 2212 935 2279 amicicia
966 2233 1077 2280 coram
1106 2216 1221 2278 nostro
1252 2215 1378 2278 decano
1410 2211 1479 2297 in4)
1508 2212 1657 2295 capitulo
1693 2218 1809 2279 nostro
1844 2214 2088 2297 querimoniam

65 2320 208 2404 deponat
242 2320 295 2386 vel
323 2319 405 2385 alias
440 2339 550 2385 coram
579 2319 688 2385 iudice
716 2321 919 2404 competenti
948 2321 1140 2402 experiatur
1168 2321 1209 2384 de
1237 2320 1309 2384 iure
1338 2339 1399 2383 suo
1429 2321 1463 2384 et
1492 2319 1576 2383 alius
1600 2318 1768 2384 curialiter
1791 2319 1854 2385 sibi
1877 2322 2088 2404 respondeat,

64 2428 161 2508 prout
195 2427 299 2491 nostri
334 2427 542 2492 consuetudo
577 2426 714 2509 capituli
749 2427 802 2492 vel
830 2426 1002 2492 dictaverit
1033 2426 1115 2491 ordo
1143 2426 1234 2491 iuris.
1290 2426 1449 2491 Preterea
1477 2425 1672 2506 iuravimus,
1707 2427 1797 2507 quod
1827 2427 1865 2509 si,
1901 2429 1992 2510 quod
2019 2448 2089 2496 non

66 2551 247 2615 speramus,
282 2531 395 2614 aliqua
417 2552 561 2615 persona
584 2533 812 2615 cuiuscunque
835 2533 1091 2616 preeminencie,
1116 2533 1235 2612 status
1260 2531 1462 2598 condicionis
1487 2534 1545 2597 aut
1568 2531 1738 2614 dignitatis
1762 2531 1890 2613 existat,
1926 2533 2025 2599 etiam
2051 2537 2088 2600 in

67 2639 336 2723 archiepiscopali
359 2657 419 2704 seu
443 2639 624 2723 episcopali
647 2639 805 2724 dignitate
829 2639 1021 2721 constituta,
1056 2637 1155 2704 alicui
1179 2660 1220 2703 ex
1243 2638 1365 2703 nostris
1389 2637 1557 2703 canonicis
1581 2636 1680 2702 etiam
1704 2636 1822 2702 infimo
1847 2638 2003 2705 iniuriam
2027 2661 2088 2707 seu

65 2744 260 2810 violenciam
281 2745 428 2828 irrogare
450 2746 604 2825 voluerit,
628 2765 689 2811 nos
713 2766 830 2811 omnes
854 2749 887 2810 et
909 2745 1032 2828 singuli
1055 2744 1120 2828 ipsi
1128 2743 1155 2828 ⁵)
1180 2743 1364 2811 astabimus
1387 2743 1423 2809 in
1445 2743 1684 2828 prosecucione
1707 2744 1759 2808 sui
1785 2745 1868 2810 iuris
1891 2766 1953 2811 nec
1975 2746 2089 2830 ipsum

67 2849 289 2932 relinquemus
312 2849 534 2932 indefensum,
570 2854 603 2916 et
626 2852 827 2935 quicumque
850 2873 890 2918 ex
913 2852 1038 2916 nostris
1062 2850 1268 2937 canonicisss)
1290 2851 1326 2916 in
1348 2848 1574 2930 huiusmodi⁷y
1598 2849 1792 2916 defensione
1816 2852 1989 2918 nobiscum
2013 2875 2088 2920 esse

67 2957 215 3038 noluerit,
252 2975 312 3040 nos
341 2975 456 3023 omnes
484 2959 541 3024 alii
570 2962 686 3023 contra
714 2959 815 3025 talem
839 2959 873 3022 in
896 2961 1061 3042 quantum
1084 2959 1126 3025 de
1149 2958 1221 3023 iure
1244 2977 1424 3042 possumus
1449 2957 1678 3040 procedemus.
1726 2956 1870 3041 Insuper
1893 2960 2087 3042 iuravimus,

67 3063 151 3143 quod
175 3082 194 3126 a
217 3063 391 3145 premissis
421 3083 484 3128 nec
512 3065 613 3129 timor
636 3084 698 3130 nec
721 3083 815 3129 amor
837 3085 899 3130 nec
921 3064 1089 3147 premium
1113 3085 1175 3130 nec
1198 3064 1311 3130 odium
1336 3085 1399 3129 nos
1423 3066 1582 3129 avertent.
1630 3063 1669 3126 ln
1692 3063 1787 3129 cuius
1811 3066 1858 3130 rei
1882 3066 2087 3134 evidenciam

68 3168 168 3251 sigilla
197 3169 302 3235 nostri
333 3169 471 3253 capituli
500 3175 534 3236 et
563 3171 796 3238 canonicorum
824 3172 1039 3256 presentibus
1069 3174 1149 3237 sunt
1179 3190 1331 3254 appensa
1359 3173 1391 3234 et
1420 3171 1462 3236 ad
1490 3169 1798 3235 habundanciorem
1820 3172 1985 3238 cautelam
2007 3175 2088 3240 sub-

68 3275 198 3360 scriptio
223 3296 242 3340 a
264 3276 415 3360 quolibet
438 3278 599 3344 canonico
623 3277 719 3344 facta.

221 3382 289 3466 Ego
315 3383 509 3450 Lodewicus
532 3385 724 3468 prepositus
747 3385 866 3465 iuravi,
890 3385 1075 3467 subscripsi
1098 3388 1131 3451 et
1154 3385 1303 3467 sigillavi.

222 3489 290 3571 Ego
314 3489 478 3554 Geroldus
503 3492 648 3556 decanus
671 3489 809 3558 iuravissl
834 3491 1017 3575 subscripsi
1041 3493 1074 3556 et
1098 3491 1246 3574 sigillavi.

221 3594 290 3676 Ego
314 3596 482 3660 lohannes
506 3595 583 3681 de9)
606 3596 831 3680 Rodenbergh
853 3598 960 3663 iuravi
969 3597 1009 3681 8),
1033 3597 1216 3680 subscripsi
1239 3599 1273 3663 et
1296 3597 1448 3680 sigillavi.

221 3700 290 3784 Ego
314 3700 485 3767 Arnoldus
509 3703 701 3770 cellerarius
724 3705 831 3769 iuravi
840 3702 880 3788 ⁸),
904 3704 1089 3787 subscripsi
1113 3706 1146 3767 et
1169 3703 1317 3786 sigillavi.

222 3807 291 3890 Ego
314 3807 501 3891 Volquinus
525 3810 716 3892 prepositus
740 3812 847 3876 sancti
870 3810 1004 3876 Martini
1028 3809 1182 3893 iuraviss)‚
1206 3810 1388 3894 subscripsi
1412 3814 1447 3876 et
1471 3810 1619 3893 sigillavi.

220 3913 287 3996 Ego
311 3913 473 3980 Ludolfus
496 3915 757 3995 archidyaconus
780 3916 815 3981 in
839 3917 998 3981 Lubbeke
1020 3915 1174 4000 iuraviss),
1198 3916 1380 4001 subscripsi
1405 3920 1439 3983 et
1462 3915 1613 4000 sigillavi.

219 4019 287 4102 ligo
311 4020 391 4085 Giso
416 4021 676 4105 archidyaconus
700 4023 734 4087 in
757 4022 887 4089 Aleden
910 4023 1016 4088 iuravi
1024 4022 1062 4109 8),
1087 4023 1271 4107 subscripsi
1294 4025 1327 4087 et
1349 4023 1500 4106 sigillavi.

219 4125 286 4208 Ego
311 4125 506 4192 Lodewicus
530 4129 720 4212 prepositus
744 4130 881 4195 ecclesie
890 4129 931 4214 ¹⁰)
956 4131 1063 4195 sancti
1086 4129 1246 4194 lobannis
1269 4129 1386 4209 iuravi,
1410 4129 1593 4213 subscripsi
1617 4133 1650 4196 et
1673 4131 1822 4214 sigillavi.

219 4231 286 4316 Ego
310 4233 495 4315 Comedus,
526 4255 602 4300 cum
632 4236 779 4301 scribere
807 4257 876 4301 non
904 4255 1049 4319 possem,
1084 4256 1145 4319 per
1174 4235 1286 4318 ipsum
1322 4236 1536 4303 Lodewicum
1571 4237 1764 4321 subscripsi,
1800 4238 1908 4304 iuravi
1942 4258 2003 4322 per
2033 4260 2087 4305 me

378 4340 489 4423 ipsum
513 4344 546 4407 et
569 4341 718 4425 sigillavi.

219 4443 287 4528 Ego
316 4445 482 4512 Henricus
515 4469 578 4532 per
612 4449 817 4533 sepedictum
849 4449 1061 4514 Lodewicum
1093 4449 1287 4533 subscripsi,
1322 4469 1381 4532 per
1415 4469 1469 4513 me
1508 4449 1619 4532 ipsum
1654 4449 1760 4516 iuravi
1794 4453 1827 4516 et
1861 4451 1941 4533 quia
1977 4451 2087 4536 sigillo

378 4573 476 4618 careo
500 4553 608 4636 sigillo
631 4554 768 4638 capituli
792 4559 968 4620 contentus
992 4576 1078 4620 sum.

218 4657 286 4740 Ego
310 4659 454 4724 lacobus
476 4664 593 4724 cantor
616 4661 799 4726 Mindensis
823 4659 973 4744 turario,
996 4662 1177 4745 subscripsi
1202 4665 1235 4726 et
1258 4661 1408 4745 sigillavi.

218 4762 286 4847 Ego
310 4765 536 4831 Wedekindus
565 4767 606 4834 de
634 4767 724 4833 Osen
753 4787 814 4850 per
843 4768 987 4833 eundem
1015 4771 1185 4834 cantorem
1215 4768 1409 4852 subscripsi,
1445 4769 1524 4853 quia
1556 4769 1701 4834 scribere
1730 4769 1852 4852 nescio,
1889 4769 1997 4836 iuravi
2025 4791 2085 4855 per

377 4892 432 4936 me
455 4874 488 4936 et
511 4872 659 4956 sigillavi.

217 4977 286 5060 Ego
309 4977 523 5044 Thethardus
546 4979 589 5044 de
613 4980 760 5046 Ratbere
783 4979 924 5065 iuraviss)
947 4984 981 5045 et
1004 4981 1197 5064 subscripsi.

216 5083 286 5165 Ego
309 5083 499 5149 Richardus
521 5087 588 5151 Vos
611 5085 717 5152 iuravi
726 5085 752 5170 8)
776 5091 808 5152 et
832 5088 1024 5171 subscripsi.

217 5189 286 5272 Ego
308 5188 525 5256 Bernhardus
549 5192 591 5257 de
614 5193 821 5259 Mouchusen
843 5193 980 5274 iuravit)
1005 5197 1039 5260 et
1061 5195 1254 5278 subscripsi.

216 5295 285 5378 Ego
309 5295 477 5362 lohannes
501 5299 543 5362 de
565 5299 739 5365 Mandeslo
763 5299 907 5385 iuravi⁸)
931 5305 965 5367 et
987 5301 1182 5384 subscripsi.
