5058 6792
1036 483 1102 538 1257
2032 466 2095 532 193

1041 682 1135 760 666.

80 813 295 910 Propositus
324 812 369 884 do
396 810 565 894 beveren
593 812 639 882 ist
666 810 779 900 chpe
805 811 844 881 in
871 809 933 880 der
968 809 1129 882 Urhnndc
1156 808 1217 880 des
1244 808 1454 881 Sclmlosters
1481 808 1961 882 amnemamnem
1991 809 2100 884 Onto-

80 919 180 993 bnlck
205 919 268 1009 fiir
295 919 357 990 Kl.
385 917 668 1006 Morienwcrder,
706 917 745 987 in
771 915 835 986 der
861 915 1038 1093 lctntpr2egn7
1059 914 1297 1093 ἀῇνᾶνζίοζθεα
1331 914 1450 987 Velicr
1475 916 1722 1006 nonanoeane
1749 916 1847 987 onird.
1905 915 2102 990 Omobrrtclc

210 1141 306 1208 chr.
333 1141 412 1206 noch
438 1141 507 1206 dem
533 1139 587 1204 Or.
616 1162 643 1202 o.
666 1136 859 1224 Hodcnberp,
896 1136 1101 1225 Calcuberper
1129 1135 1197 1203 ΠΒ.
1228 1076 1324 1204 tibin
1355 1133 1407 1216 VI,
1440 1135 1474 1203 S.
1497 1135 1542 1201 29
1573 1135 1635 1204 Nr.
1658 1137 1712 1204 37.
1762 1137 1874 1225 Propat
1900 1162 1958 1204 oon
1979 1138 2100 1206 Lenem

289 1269 358 1312 mor
380 1247 504 1311 darnole
526 1244 662 1323 Johonn,
687 1247 744 1310 ecit
766 1241 855 1307 1252
875 1242 1094 1310 hochwetbbor.
1148 1241 1252 1310 Vener
1274 1243 1334 1309 Kr.
1359 1240 1485 1309 Linden
1509 1242 1559 1308 bn·
1581 1242 1757 1310 Hannoocr.

1043 1441 1133 1519 667.

79 1573 222 1664 llicclrol
239 1573 361 1645 Brund
378 1594 443 1644 oon
464 1570 662 1643 Ocnobn'lclc
682 1575 847 1661 neeman,
876 1569 958 1640 duas
976 1568 1039 1640 dos
1055 1563 1194 1660 Kapitcl
1211 1569 1249 1638 in
1268 1567 1388 1658 Enper
1411 1568 1478 1640 den
1495 1593 1538 1640 an
1556 1571 1632 1640 weit
1650 1569 1870 1660 obpclepenen
1888 1569 1969 1658 Hos
1981 1567 2101 1643 Solos·

80 1681 194 1752 buren
223 1679 302 1751 dem
328 1679 444 1751 aanor
471 1676 630 1751 Harbord
655 1699 719 1748 oon
746 1675 915 1766 Sprodow
942 1671 1173 1769 (Sprodowe)
1200 1672 1369 1762 vericensi.
1427 1674 1624 1747 Osnnbric'clr
1648 1674 1783 1766 (1256)
1802 1678 1900 1749 1257
1919 1677 2027 1749 Mdrn
2045 1678 2100 1749 31.

210 1794 308 1862 (ἔσάν.
338 1793 444 1879 Weap‘.
473 1792 546 1860 ΠΒ.
570 1790 630 1875 IV,
656 1791 691 1858 S.
714 1790 782 1857 387
805 1789 864 1857 Nr.
887 1789 963 1856 692.

1043 1972 1139 2049 668.

88 2102 272 2178 Widelrind
306 2101 390 2194 Vopt
415 2124 489 2173 omn
515 2101 629 2191 Beroe
655 2100 831 2190 hiertrdpl
857 2099 919 2170 mil
945 2099 1185 2188 Zuatimmonp
1210 2100 1320 2171 seinos
1347 2098 1474 2172 Solones
1502 2099 1670 2172 Heinrich
1697 2100 1774 2172 dem
1802 2101 1862 2176 Kl.
1895 2100 2102 2193 chnipcen

81 2212 148 2281 eine
165 2209 266 2298 Hafa
292 2211 331 2280 in
349 2206 539 2298 Arpcctorf,
566 2207 623 2279 die
651 2206 799 2278 Konrud
816 2227 882 2276 oon
900 2203 1299 2383 Daprzgpcpdepmniuzpehn
1323 2211 1486 2296 patracen
1512 2206 1578 2278 hot.
1634 2205 1856 2296 Schollcaberp
1875 2205 1934 2297 (In
1952 2206 2101 2298 Monte)

181 2432 303 2497 Testes
328 2479 335 2495 .
361 2481 367 2495 .
394 2481 400 2497 .
426 2434 522 2498 sunt:
553 2430 732 2512 Justacius,
754 2428 973 2495 Widekindus
995 2427 1116 2493 fratres
1140 2428 1181 2494 de
1204 2428 1297 2511 Sion,
1320 2431 1491 2495 lohannes
1514 2429 1622 2495 dictus
1646 2429 1827 2496 Westlalus
1850 2433 1885 2497 et
1908 2431 2102 2498 Volcmarus

81 2539 118 2603 de
140 2539 279 2706 Steffl·
295 2645 338 2706 pm
361 2641 434 2729 qu.
461 2640 567 2706 SM,
594 2663 634 2705 zu
660 2638 838 2722 Hunnoocr,
875 2637 1057 2725 chnipoen
1084 2635 1143 2702 Nn.
1166 2637 1212 2703 36
1239 2643 1297 2704 mit
1323 2642 1489 2706 verletztcm
1515 2639 1619 2727 Sabaei
1640 2641 1694 2707 dcc
1723 2638 1841 2728 Voptca.
1892 2640 1986 2709 θεάν.
2020 2644 2102 2708 noch

207 2813 211 2822 ,
290 2748 359 2812 dem
385 2745 439 2813 Or.
462 2745 597 2826 Sciant,
628 2743 703 2810 Vom
725 2746 815 2825 Adel,
840 2746 985 2810 Mantuae.
1011 2743 1046 2810 S.
1071 2743 1147 2825 441,
1181 2770 1207 2813 o.
1231 2743 1428 2833 Hodcnbergr,
1462 2745 1667 2834 Calenbcrper
1694 2746 1765 2814 ΠΒ.
1789 2748 1889 2813 Alth.
1918 2745 1972 2828 VI,
1999 2747 2032 2816 S.
2056 2747 2102 2812 23

291 2851 351 2917 Nr.
374 2851 431 2916 36.
478 2852 591 2939 Rapaci
622 2851 725 2938 Weatf.
750 2850 1007 2916 PromlraioLBll.
1033 2847 1077 2931 ΙΙ,
1103 2850 1133 2931 l,
1160 2851 1194 2918 S.
1220 2852 1263 2916 42
1286 2850 1345 2920 Nc.
1369 2851 1423 2918 61.

1048 3069 1140 3145 669.

82 3196 218 3284 Bisclrof
256 3195 442 3270 Widclcind
469 3216 534 3267 von
561 3194 713 3267 Minnica
739 3195 932 3284 mannan
958 3195 1034 3266 555
1059 3195 1118 3270 Kl.
1136 3194 1271 3267 Levern
1299 3195 1365 3266 den
1383 3195 1535 3266 Zehnten
1561 3196 1599 3266 in
1634 3195 1796 3288 Wcstrnp
1822 3197 1896 3268 aad
1923 3197 1979 3268 die
2006 3197 2102 3269 lnolbc

544 3377 549 3384 ,
630 3301 749 3373 Molle
776 3302 814 3372 in
842 3300 1023 3374 Hollwede.
1079 3301 1229 3373 Mindon
1257 3299 1358 3374 1257
1387 3300 1469 3372 Mol
1494 3303 1554 3375 29.

181 3438 401 3504 Widelrindus
424 3438 486 3503 Dei
504 3438 609 3522 gratia
624 3438 806 3504 Mindensis
828 3440 1005 3522 episcopus
1028 3438 1192 3540 universis
1216 3439 1340 3504 Christi
1362 3438 1519 3504 fidelibus
1543 3458 1682 3521 presens
1707 3440 1869 3522 scriptum
1893 3439 2101 3504 intuentibus

83 3543 217 3608 salutem
245 3543 280 3607 irr
294 3562 375 3609 vero
391 3543 537 3610 salutari.
584 3542 694 3610 Officii
718 3543 824 3609 nostri
847 3545 996 3609 debitum
1021 3545 1225 3629 exequimur,
1250 3564 1325 3610 cum
1340 3544 1638 3627 indempnitalibus
1655 3545 1869 3610 ecclesiarum
1884 3546 2102 3628 precaventes

84 3669 189 3715 earum
219 3653 388 3733 quantum
417 3663 596 3733 possumus
623 3649 846 3735 prospicimus
872 3649 1096 3716 incrementis,
1144 3651 1232 3715 Hinc
1255 3654 1307 3715 est
1330 3651 1420 3734 quod
1443 3651 1486 3715 ad
1510 3649 1672 3716 noticiam
1695 3652 1764 3716 tam
1786 3651 1975 3717 futurorum
1999 3670 2101 3735 quam

83 3756 284 3836 presentium
307 3756 481 3839 pervenire
501 3758 664 3840 cupimus,
688 3756 789 3840 quod,
813 3776 889 3822 cunr
909 3756 1021 3822 dilecti
1041 3755 1077 3822 in
1093 3756 1224 3822 Christo
1240 3757 1440 3840 prepositus,
1464 3756 1635 3822 abbatissa
1651 3759 1685 3821 et
1701 3758 1885 3822 conventus
1901 3756 1936 3820 in
1952 3755 2102 3822 Leveren

84 3861 239 3927 decimam
274 3862 310 3927 in
336 3863 512 3945 Westorpe
541 3881 561 3928 a
588 3861 746 3928 Brunone
778 3863 893 3941 milite,
927 3863 1103 3929 Wilhelmo
1137 3861 1262 3927 famulo
1293 3863 1335 3927 de
1364 3862 1637 3944 Amelinchusen,
1672 3861 1832 3927 uxoribus
1860 3864 1895 3927 et
1922 3863 2103 3928 heredibus

82 3967 235 4050 ipsorum,
261 3968 384 4050 quibus
407 3969 572 4052 perpetuo
593 3969 762 4036 infeudata
783 3968 899 4050 fuerat,
929 3989 990 4052 pro
1014 3971 1149 4036 centurn
1172 3969 1292 4035 marcis
1315 3970 1577 4051 comparassent,
1610 3987 1671 4033 nos
1696 3967 1816 4034 dictam
1840 3969 2003 4036 decimam
2026 3989 2102 4035 cunr

83 4075 281 4158 proprietate
308 4076 341 4138 et
369 4074 525 4140 omnihus
560 4075 628 4139 suis
660 4075 861 4158 attinenciis,
896 4095 962 4158 que
993 4074 1097 4141 divini
1129 4074 1212 4140 iuris
1242 4093 1316 4140 esse
1344 4077 1508 4156 censetur,
1542 4076 1581 4139 ut
1603 4075 1713 4158 ipsam
1736 4074 1778 4140 de
1800 4093 1904 4141 manu
1927 4074 2034 4141 laicali
2058 4075 2101 4140 ad

84 4198 175 4246 usum
202 4179 435 4263 religiosorum
465 4199 707 4263 revocaremus,
738 4181 915 4247 conventui
937 4181 973 4246 in
996 4181 1145 4247 Leveren
1167 4201 1209 4247 ex
1231 4199 1397 4247 consensu
1418 4181 1526 4246 tocius
1551 4180 1689 4265 capituli
1713 4181 1818 4247 nostri
1842 4181 2043 4247 contulimus
2067 4181 2102 4246 in

84 4287 263 4369 proprium,
297 4288 362 4352 hoc
389 4287 517 4352 adiecto
526 4287 564 4372 ¹),
599 4289 678 4352 dum
706 4289 803 4354 nobis
832 4289 884 4354 vel
914 4287 1037 4353 nostris
1068 4307 1130 4372 pro
1158 4291 1310 4371 tempore
1342 4286 1588 4352 successoribus
1617 4288 1758 4370 placeat,
1792 4288 1885 4370 quod
1907 4287 2015 4370 ipsam
2038 4305 2100 4371 pro

85 4393 208 4457 centum
230 4393 353 4458 mareis
377 4392 597 4475 recuperandi
619 4393 757 4459 liberam
780 4394 963 4460 habeamus
986 4393 1186 4459 facultatem.
1233 4393 1391 4459 Preterea
1412 4393 1651 4478 proprietatem
1675 4393 1782 4459 medie
1798 4394 1902 4476 partis
1917 4392 2101 4460 molendini

85 4497 117 4560 in
137 4498 330 4581 Holewede,
353 4518 455 4584 quam
478 4518 498 4563 a
521 4499 722 4582 supradictis
746 4502 909 4582 emerunt,
932 4500 1164 4583 prenominato
1188 4499 1367 4566 conventui
1390 4499 1553 4580 dedimus,
1588 4498 1724 4583 capituli
1747 4498 1851 4566 nostri
1873 4499 2044 4564 voluntate
2068 4501 2101 4564 et

86 4621 243 4669 consensu
280 4604 381 4670 etiam
416 4605 606 4670 accedente.
654 4605 704 4671 Ne
732 4625 811 4671 vero
841 4607 905 4670 hoc
932 4605 1056 4671 factum
1084 4606 1182 4672 alicui
1205 4607 1241 4672 in
1264 4607 1404 4672 dubium
1428 4608 1612 4689 revocetur,
1647 4624 1785 4690 presens
1809 4605 1971 4690 seriptum
1994 4605 2101 4690 sigillo

86 4713 194 4775 nostro
218 4713 252 4774 et
276 4709 413 4793 capituli
437 4711 544 4776 nostri
567 4711 705 4778 fecimus
729 4712 936 4778 communiri.
981 4712 1100 4778 Testes
1121 4715 1232 4777 autem
1253 4713 1352 4779 huius
1370 4712 1417 4778 rei
1434 4713 1529 4779 sunt:
1553 4713 1733 4778 Wernerus
1758 4712 1913 4795 decanuS,
1939 4710 2101 4778 Ludolfus

87 4815 342 4900 archidyaconus
375 4817 410 4882 in
445 4817 547 4900 Osen,
581 4818 730 4902 Widego,
766 4819 944 4885 Heinricus
979 4819 1021 4885 de
1055 4818 1151 4900 Slon,
1186 4817 1347 4886 Ludolfus
1383 4818 1575 4900 celerarius,
1613 4819 1805 4885 Gerhardus
1839 4821 1972 4901 cantor,
2007 4818 2101 4883 Corio

86 4921 287 5004 scolasticae,
321 4923 478 5007 magister
506 4924 694 5007 RiobertuS,
728 4923 896 4992 lohannes
926 4926 968 4991 de
995 4923 1142 5006 Buclren,
1176 4923 1301 5006 Bruno,
1335 4923 1489 4991 Jordanis
1519 4925 1561 4991 de
1587 4925 1826 5014 Kalenlhorpe,
1861 4924 2036 4991 Conradus
2059 4925 2101 4990 de

86 5026 339 5112 Wardenberge,
371 5028 546 5096 Conradus
569 5030 716 5097 decanus
739 5031 847 5096 sancti
869 5031 1011 5112 Martini,
1038 5031 1228 5097 Gerhardus
1252 5031 1295 5096 de
1317 5031 1518 5111 lllolandino,
1545 5031 1707 5096 Albertus
1730 5029 1838 5113 Spric,
1866 5029 2036 5096 Arnoldus
2059 5031 2102 5096 de

86 5131 215 5217 Seiana,
238 5133 418 5201 Bertoldus
441 5136 483 5201 de
506 5137 742 5220 Vrelenhorst,
773 5137 986 5204 Hermannus
1009 5137 1053 5203 de
1075 5134 1180 5221 Hoya,
1203 5136 1370 5218 canonici3
1403 5136 1563 5204 Ludolfus
1587 5137 1629 5202 de
1653 5136 1807 5220 Dilingeu
1831 5136 1989 5218 notarius,
2014 5135 2102 5204 Gon·

86 5238 181 5304 radus
216 5244 250 5307 et
284 5241 510 5308 Theodericus
548 5241 665 5310 fratres
700 5244 742 5310 de
776 5244 890 5325 Utlen,
931 5243 1109 5310 Heinricus
1143 5245 1185 5308 de
1219 5245 1434 5326 Dungerden,
1474 5243 1666 5309 Richardus
1701 5242 1841 5326 VulpeS,
1881 5242 2101 5326 Erigelbertus

86 5343 277 5430 Sadelpren,
301 5347 488 5414 Hartmdus
511 5351 546 5415 et
567 5350 737 5416 Wescelus
761 5349 839 5416 dicti
863 5349 960 5434 Lupi,
985 5349 1158 5416 Gouradus
1182 5351 1223 5415 de
1247 5349 1416 5432 Lubbelre,
1440 5348 1631 5416 Gerhardus
1655 5348 1697 5415 de
1720 5346 1880 5429 Offleten,
1903 5347 2102 5414 Wilhelrnus

87 5447 183 5534 Span,
212 5452 397 5520 Lutberlus
420 5454 463 5520 de
486 5454 647 5539 Thehem,
682 5455 893 5523 Everhardus
916 5455 958 5522 de
981 5455 1096 5538 Linue,
1131 5455 1321 5522 Erthwinus
1345 5455 1387 5522 de
1410 5454 1567 5534 Offleten,
1602 5453 1780 5520 Heinricus
1804 5453 1846 5519 de
1867 5453 2103 5537 Wackenhem,

186 5589 427 5636 nestrum-auen
442 5591 481 5637 rr.
1843 5578 1885 5642 25
