5506 6826
1132 471 1217 543 <lavo
2127 475 2200 545 Ι993

192 685 281 750 filiam
307 681 341 746 ln
371 681 517 747 claustro
539 679 802 765 Walesrothew)
831 682 998 764 receptam
1030 682 1064 747 in
1092 683 1351 770 assecutionefl)
1381 705 1441 752 sue
1464 686 1635 769 prebende
1659 706 1726 753 non
1748 687 1917 772 impediet,
1950 690 2011 756 sed
2034 689 2202 775 pociuslt)

191 789 387 875 promovebit
410 807 486 853 oum
509 787 641 852 effectu.
676 789 835 854 Preterea
858 788 886 852 si
909 787 1023 870 quiin
1047 789 1197 872 predicto
1218 791 1314 856 Novo
1338 790 1456 858 Castro
1479 791 1696 860 fideiussione
1720 813 1782 878 pro
1805 795 1941 861 domino
1965 797 2124 881 episcopo
2147 797 2201 863 val

190 896 343 980 aliquibus
371 894 493 960 debitis
524 893 661 978 obligati
690 893 814 959 fuerint
836 893 888 959 vel
911 893 994 977 ipsis
1023 895 1153 960 solvere
1181 899 1344 977 teneatur,
1375 897 1526 963 absolvet
1553 919 1610 964 eas
1636 898 1670 962 in
1700 899 1842 966 amicilia
1869 902 1922 966 vel
1946 903 1982 968 in
2003 903 2087 985 iure,
2112 907 2146 968 et
2170 905 2200 969 si

189 991 295 1086 aliquis
317 1022 358 1067 ex
381 1000 570 1066 castellanis
594 1002 749 1066 recedere
771 1000 913 1066 voluerit
935 1001 971 1064 in
994 1003 1152 1085 presenti,
1177 1001 1305 1068 edificia
1327 1004 1477 1087 ipsorum
1499 1004 1564 1069 sibi
1587 1005 1622 1069 in
1638 1005 1710 1070 iure
1725 1007 1779 1071 vel
1795 1006 1940 1074 amicitia
1956 1011 2200 1091 persolventur.

188 1111 258 1176 Item
277 1108 430 1174 Roberto
452 1107 600 1191 quinque
624 1127 734 1174 murce
756 1107 989 1190 persolventur
1011 1110 1047 1173 in
1069 1111 1212 1176 termino
1235 1111 1434 1193 supradicto.
1472 1110 1599 1189 Quarta
1622 1111 1704 1178 feria
1719 1113 1869 1196 proxima
1883 1117 1961 1197 post
1978 1116 2199 1195 Quasimodo·

189 1216 278 1300 geniti
302 1233 415 1280 comes
429 1213 561 1280 Novum
582 1214 736 1281 Castrum
760 1214 925 1280 Mindensi
948 1215 1085 1281 ecclesie
1109 1215 1263 1283 restituet
1285 1217 1394 1283 medio
1416 1220 1567 1301 tempore
1589 1218 1823 1284 emolumentis
1846 1219 2001 1286 omnIbus
2024 1223 2198 1306 gavisums

188 1321 267 1388 omni
292 1322 465 1387 exactione
498 1322 660 1402 cessante,
689 1322 748 1387 sed
776 1321 890 1387 statim
913 1322 1056 1404 receptis
1078 1321 1334 1388 fideiussoribus
1358 1325 1477 1390 turrim
1500 1325 1653 1390 restituet
1676 1328 1710 1390 et
1732 1326 1842 1392 medio
1864 1328 2017 1410 tempore
2041 1346 2095 1393 res
2119 1347 2199 1394 suas

188 1429 327 1508 deducet,
351 1427 413 1492 sed
436 1428 549 1493 omnia
573 1447 637 1510 que
661 1427 800 1494 ecclesie
822 1427 953 1520 fuerant
976 1428 1153 1512 relinquet.
1197 1431 1397 1512 Dampnum,
1422 1430 1513 1513 quod
1535 1431 1688 1497 homines
1705 1433 1844 1498 ecclesie
1860 1435 1950 1516 apud
1967 1432 2198 1519 Rekeliulre¹⁸)

187 1539 214 1600 et
239 1535 291 1600 alii
321 1536 498 1599 manentes
532 1535 569 1599 in
592 1533 672 1601 villa
694 1535 915 1618 pertulerunt,
945 1535 1100 1601 dominus
1123 1536 1302 1620 episcopus
1324 1537 1436 1602 taIIter
1459 1537 1674 1620 restaurabit,
1704 1540 1794 1621 quod
1817 1540 1972 1605 dominus
1996 1540 2064 1605 dux
2087 1544 2123 1606 et
2145 1542 2198 1606 sui

187 1640 417 1726 querimoniam
440 1659 508 1706 non
530 1641 724 1706 movebunt.
771 1641 893 1707 Omnia
915 1641 1072 1726 dampna,
1096 1661 1162 1726 que
1187 1643 1294 1708 dictus
1317 1662 1429 1709 comes
1453 1643 1591 1710 ecclesie
1599 1644 1639 1729 ¹⁴)
1663 1647 1697 1710 et
1713 1645 1942 1711 Mindensibus
1963 1647 2112 1712 intulerit
2128 1647 2197 1713 sive

186 1747 337 1814 canonicis
367 1748 437 1814 sive
464 1747 568 1828 laicis,
599 1747 671 1812 sine
699 1747 790 1814 omni
819 1747 995 1831 questione
1026 1749 1287 1831 pertransibunt.
1338 1750 1423 1815 Item
1453 1751 1560 1815 solvet
1591 1752 1749 1817 dominus
1779 1752 1958 1835 episcopus
1985 1752 2128 1819 Iohanni
2155 1756 2197 1819 de

185 1851 524 1939 Bruninghehusenll)
547 1854 637 1936 quod
662 1855 703 1918 de
726 1854 799 1920 iure
822 1855 950 1920 solvere
972 1857 1107 1920 tenetur
1130 1854 1165 1920 ln
1188 1855 1332 1922 amicItia
1355 1856 1408 1921 vel
1430 1857 1465 1921 in
1487 1858 1571 1923 iure.
1618 1859 1659 1923 In
1675 1857 1785 1925 otticio
1802 1859 1978 1925 advocacie
1994 1861 2087 1925 Cono
2102 1859 2197 1925 miles

185 1963 219 2027 de
246 1960 437 2045 Disbereffi)
466 1960 676 2044 permanebit
704 1962 773 2026 tam
809 1960 875 2042 diu,
910 1962 1017 2026 donec
1047 1961 1111 2026 sibi
1142 1962 1277 2046 trigInta
1310 1983 1421 2029 marce
1444 1962 1635 2030 Bremensis
1660 1965 1788 2048 argenti
1811 1967 2056 2048 persolvantur.
2102 1965 2197 2032 Obli-

184 2069 336 2154 gationem
369 2069 499 2133 decime
525 2067 671 2150 Hemege
700 2067 853 2132 dominus
877 2067 1055 2151 episcopus
1078 2053 1185 2133 ratam
1207 2069 1355 2152 habebit,
1384 2089 1560 2154 quousque
1582 2090 1645 2154 pro
1668 2071 1783 2154 viginti
1806 2071 1955 2156 qulnque
1980 2073 2100 2139 marcis
2123 2075 2196 2156 ipse

182 2176 227 2240 vel
248 2193 455 2240 successores
478 2173 531 2238 sui
553 2173 715 2238 redimere
739 2172 887 2255 valeant;
911 2193 1013 2259 super
1036 2175 1100 2240 hoc
1124 2175 1214 2241 dabit
1238 2177 1368 2241 litteras
1392 2196 1470 2242 suas
1493 2180 1646 2260 patentes
1661 2197 1738 2243 curn
1754 2177 1861 2262 sigillo
1877 2178 2025 2262 capituli.
2063 2181 2196 2246 Fratres

183 2283 218 2348 de
239 2283 406 2347 Lutheren
431 2280 651 2364 Gterhardus)
679 2283 712 2346 et
736 2280 941 2364 Ctonradus)
972 2281 1142 2347 castellani
1169 2282 1221 2346 vel
1251 2283 1401 2350 advocati
1426 2283 1461 2348 in
1485 2284 1581 2349 Novo
1605 2283 1722 2351 Castro
1754 2305 1821 2352 non
1854 2288 2044 2353 statuentur
2067 2287 2131 2353 nisi
2154 2288 2196 2352 de

181 2390 339 2455 voluntate
365 2386 491 2452 domini
515 2387 645 2451 comitis
668 2386 908 2470 deWelepa1).
956 2387 1041 2453 Item
1066 2389 1219 2453 dominus
1243 2390 1420 2473 episcopus
1443 2390 1630 2456 Iohannem
1654 2391 1695 2455 de
1718 2390 1921 2476 Itintelen¹⁷)
1944 2393 2116 2475 prebende
2136 2413 2196 2458 sue

181 2495 399 2561 inHamelen
433 2495 586 2559 restituet
613 2493 701 2559 sicut
728 2495 827 2558 antea
854 2493 1013 2577 possedit.
1061 2493 1143 2559 Item
1172 2495 1327 2561 dominus
1356 2497 1534 2580 episcopus
1563 2497 1714 2562 absolvet
1741 2497 1868 2564 curiam
1895 2498 1929 2563 in
1958 2501 2195 2584 Dugenthorpe

181 2602 280 2668 comiti
303 2602 345 2667 de
370 2601 574 2682 Wunstorpe
606 2601 641 2665 in
665 2619 726 2665 sua
749 2600 905 2665 amicitia.
951 2601 1129 2666 Inimicitie
1153 2601 1194 2667 de
1218 2621 1315 2666 servo
1337 2602 1533 2670 Bernlrardo
1557 2603 1665 2669 occiso
1689 2605 1730 2668 de
1751 2605 1846 2669 Novo
1870 2604 1987 2669 Castro
2010 2607 2196 2672 secundum

180 2710 346 2776 consilium
371 2707 497 2774 domini
520 2706 649 2771 comitis
673 2708 714 2771 de
737 2707 943 2790 Wunstorpe
967 2710 1001 2771 et
1024 2706 1285 2791 Hil(demari)¹⁸)
1309 2709 1460 2774 advocati
1485 2711 1526 2774 de
1550 2709 1793 2792 Scoenburg19)
1823 2711 2006 2794 sopientur.
2053 2713 2102 2778 De
2126 2712 2195 2778 dis-

181 2815 282 2879 cordia
305 2834 410 2898 super
432 2811 623 2900 poledro²⁰>
646 2813 733 2877 inter
749 2812 931 2878 Henricum
947 2813 1086 2878 militem
1102 2813 1144 2879 de
1160 2813 1444 2896 Duneherthentl)
1468 2817 1502 2879 et
1518 2815 1687 2880 dominum
1705 2817 1935 2882 Hermannum
1953 2817 2194 2904 Popponemtt)

179 2922 246 2986 talis
261 2921 321 2985 erit
333 2917 591 3003 composiuott),
620 2917 1137 3003 HenrieusdeDuncherthen21)
1153 2920 1244 3003 quod
1256 2921 1443 2986 iuramento
1456 2921 1606 2986 obtineat
1617 2921 1670 2987 vel
1684 2921 1885 3004 dominustt)
1903 2923 2194 3010 H(er1nannus)²⁶)

179 3027 338 3110 promittat
362 3026 525 3092 obtinere.
565 3024 726 3091 Dominus
750 3025 926 3109 episcopus
950 3045 1066 3092 omnes
1090 3046 1175 3108 quos
1199 3027 1496 3093 excommunicavit
1520 3028 1671 3094 absolvet
1693 3029 1764 3094 sire
1787 3030 1925 3095 clericos
1948 3030 2017 3097 sive
2032 3031 2194 3116 laicostt).

179 3135 253 3198 Item
275 3133 432 3198 dominus
456 3132 632 3215 episcopus
656 3131 737 3198 Otto
760 3133 794 3196 et
816 3132 956 3198 ecclesia
979 3132 1163 3198 Miudensis
1187 3136 1332 3198 tutorem
1356 3153 1423 3199 non
1447 3133 1569 3217 eligent
1590 3135 1696 3201 invito
1720 3135 1840 3202 comite
1857 3136 1898 3202 de
1914 3138 2064 3221 Welepa.
2109 3140 2194 3206 Item

178 3239 321 3304 dominus
338 3240 420 3304 Otto
443 3239 484 3302 de
505 3238 644 3321 Welepa
667 3239 846 3304 canonicus
869 3239 1050 3304 Miudensis
1074 3239 1224 3323 quinque
1247 3240 1344 3305 annis
1367 3240 1545 3306 abessendi
1566 3240 1736 3307 licentiam
1759 3242 1905 3308 habebit.
1952 3243 2069 3310 Testes
2093 3245 2193 3311 huius

178 3349 259 3412 sunt:
293 3341 540 3429 Gerhardustl)
575 3343 732 3425 decanus,
762 3345 924 3410 Ludolfus
958 3349 1084 3426 cantor,
1115 3343 1294 3428 widigon)
1329 3349 1362 3411 et
1391 3345 1565 3412 Conradus
1594 3349 1769 3432 propositi,
1801 3349 1971 3416 Iohannes
2001 3351 2042 3416 de
2069 3351 2194 3435 Bucka,

178 3453 321 3536 magister
337 3451 510 3516 Amoldus
527 3453 569 3516 de
585 3449 767 3535 Scinna29),
791 3452 941 3518 canonici
957 3453 1166 3532 Mindenses;
1191 3452 1346 3518 dominus
1364 3453 1526 3520 Ludolfus
1543 3474 1653 3520 comes
1670 3455 1711 3520 de
1728 3455 1942 3540 Wunstorpe,
1959 3457 2193 3544 Haroertusw)

177 3560 211 3623 de
226 3559 376 3624 llanesto
399 3563 433 3623 et
455 3557 545 3623 filius
569 3577 650 3622 suus
674 3558 921 3643 Harbertusffl),
946 3559 1160 3624 Hermannus
1183 3559 1313 3644 Poppo,
1338 3559 1536 3626 Godefridus
1559 3561 1746 3648 Tisbusil),
1770 3562 1950 3628 advocatus
1967 3564 2193 3649 Hildemarus,

176 3663 313 3730 Broninc
342 3666 386 3730 de
414 3663 565 3747 Altenii)
596 3667 629 3730 et
651 3664 821 3730 lohannes
845 3665 1055 3730 Camerarius
1078 3665 1211 3746 milites,
1247 3669 1281 3731 et
1303 3666 1357 3731 alii
1380 3685 1483 3749 quam
1506 3667 1620 3750 plures
1644 3668 1753 3735 clerici
1777 3672 1809 3735 et
1833 3669 1919 3735 laici.
1964 3671 2003 3735 In
2028 3671 2121 3737 cuius
2145 3673 2193 3738 rei

175 3771 394 3837 testimonium
429 3791 491 3837 nos
525 3771 627 3837 irater
656 3771 737 3837 Otto
769 3771 951 3836 Miudensis
986 3771 1162 3854 episcopus
1198 3774 1231 3836 et
1258 3793 1320 3837 nos
1347 3772 1560 3839 Barchardus
1590 3775 1632 3840 de
1659 3775 1798 3859 Welepa
1832 3796 1944 3843 comes
1977 3779 2192 3862 presentibus

175 3877 271 3959 sigilla
294 3881 414 3944 nostra
436 3877 591 3943 duximus
614 3879 824 3960 apponenda.
870 3877 993 3943 Actum
1014 3879 1104 3961 apud
1120 3879 1354 3962 Sassenhagen
1375 3899 1463 3944 anno
1481 3881 1614 3946 Domini
1630 3881 1863 3964 M⁰.CC.LXX.,
1887 3883 1940 3948 VI.
1957 3884 2037 3950 Idus
2054 3883 2191 3968 Aprilis.

383 3983 405 4054 ¹)
424 3983 521 4052 Wclpa
541 3981 574 4036 W.
613 3981 635 4052 ²)
654 3985 748 4037 corneti
767 3983 798 4036 B.
836 3983 860 4053 ³)
880 3983 1012 4052 Llppoldo
1032 3983 1066 4036 W.
1105 3983 1128 4054 ⁴)
1147 3985 1326 4038 Hemensulan
1341 3985 1373 4051 B,
1393 3986 1592 4040 Hennenbusan
1613 3986 1645 4040 W
1683 3986 1707 4056 ⁵)
1726 3987 1875 4057 Lippoldua
1898 3987 1930 4041 W.
1968 3989 1992 4058 ⁸)
2011 3990 2138 4044 boreblen
2155 3991 2191 4045 W

490 4072 512 4141 τ)
532 4073 661 4128 maliciam
690 4071 721 4126 W
777 4073 801 4144 ⁸)
820 4073 943 4127 similiter
960 4073 992 4126 B.
1048 4072 1072 4142 ⁰)
1091 4073 1217 4142 Lippoldi
1245 4072 1277 4126 W
1334 4076 1367 4141 ¹⁰)
1387 4074 1516 4128 Wollroto
1543 4073 1576 4130 W
1633 4077 1668 4146 Η)
1687 4078 1875 4146 assequationa
1895 4077 1926 4130 B.
1985 4079 2020 4149 ¹¹)
2040 4096 2130 4148 pacem
2159 4079 2191 4134 W

490 4161 525 4230 ¹³)
545 4161 706 4216 ItaloIInclre
731 4161 765 4212 W.
818 4161 853 4231 ¹⁴)
872 4160 982 4216 ecclesis
1003 4163 1134 4216 blindanai
1153 4163 1274 4216 intulerit
1301 4161 1333 4214 W
1386 4162 1420 4232 ι·”)
1441 4163 1679 4218 Bruuiucbchusen
1704 4164 1739 4220 W.
1790 4165 1826 4236 ¹⁶)
1846 4165 1953 4220 Dilboro
1972 4166 2005 4232 B,
2036 4169 2132 4222 Ilisbar
2159 4168 2192 4227 W

490 4249 526 4319 ιτ)
546 4250 681 4318 Itynthcln
703 4248 735 4303 W.
776 4249 810 4321 ¹⁸)
829 4250 862 4307 II.
892 4249 923 4308 W
964 4250 999 4320 ¹⁹)
1018 4251 1206 4321 Schoenborgh
1229 4249 1262 4304 W.
1301 4251 1336 4320 ¹⁰)
1357 4252 1466 4320 polanro
1490 4251 1521 4305 W
1560 4252 1595 4316 ἰ)
1615 4253 1789 4322 Dungerthen
1810 4252 1843 4310 W
1879 4255 1914 4325 ¹¹)
1934 4255 2094 4324 Pomponom
2115 4257 2190 4314 BW.

488 4337 525 4408 ⁸¹)
553 4339 626 4408 optio
657 4337 689 4394 B.
750 4337 786 4408 ⁵⁴)
817 4339 951 4391 domInum
976 4338 1007 4392 B.
1068 4339 1105 4409 ⁸⁶)
1133 4339 1160 4396 S.
1198 4338 1231 4392 W
1293 4339 1329 4410 ¹⁸)
1360 4340 1452 4409 laycos
1484 4339 1520 4394 W.
1577 4340 1614 4410 ⁸⁷)
1641 4341 1813 4396 Gborhardus
1850 4341 1883 4399 W
1912 4343 1976 4422 .'⁸)
2006 4345 2121 4416 Wydigo
2155 4347 2191 4400 W.

488 4425 524 4498 ⁸⁹)
543 4427 661 4482 Schinna
687 4426 720 4481 W
758 4427 795 4498 ³⁰)
814 4428 960 4480 IIorbortus
989 4426 1021 4480 W
1060 4427 1096 4497 ³¹)
1115 4427 1194 4482 Folle
1218 4429 1252 4482 W
1290 4429 1327 4500 ⁸²)
1346 4429 1457 4497 Tribus
1487 4429 1518 4482 W
1556 4429 1593 4500 ³⁸)
1612 4430 1645 4484 de
1665 4430 1746 4483 Allan
1756 4430 1832 4500 sela
1858 4430 1971 4500 W,Alte
1990 4431 2023 4491 B.

298 4513 392 4580 Naclt
415 4515 484 4581 dem
507 4515 613 4580 Daaolc
638 4516 688 4582 oa·
711 4517 895 4602 Bomaqiua,
930 4515 1034 4580 Claoassr
1056 4517 1180 4603 duptam.
1207 4517 1241 4582 8.
1264 4519 1330 4583 555
1355 4519 1421 4602 (Il),
1456 4519 1582 4584 wonoclr.
1610 4543 1639 4582 o.
1664 4517 1855 4606 Habroaq,
1886 4519 2092 4608 Laineburqer
2119 4521 2191 4590 ΠΒ.

380 4621 479 4688 Atat.
503 4619 578 4702 XV,
605 4621 639 4688 8.
662 4619 708 4688 60
730 4622 790 4687 Nr.
813 4621 868 4702 65,
897 4623 963 4687 aad
986 4623 1036 4688 bei
1065 4622 1259 4703 Wtirdtwetn,
1287 4625 1375 4691 snos.
1400 4627 1525 4711 diplom.
1550 4623 1610 4704 XI,
1637 4623 1671 4691 8.
1693 4623 1738 4691 68
1762 4625 1832 4713 (W)
1856 4628 2195 4708 fdlselvla'cdzc1276'

381 4730 479 4816 April
504 4727 545 4792 13
579 4730 725 4814 (woaocb
746 4755 774 4798 a.
798 4729 996 4816 nocenter),
1032 4729 1137 4817 Hoper
1163 4729 1236 4798 UB.
1266 4731 1357 4797 Aba.
1388 4729 1478 4811 VIII,
1510 4731 1544 4797 S.
1572 4730 1613 4796 77
1645 4731 1704 4796 Nr.
1728 4732 1797 4817 88).
1844 4733 1959 4820 Repete
1984 4760 2011 4802 c.
2038 4735 2190 4823 Spiloker,

381 4835 489 4902 Geaclv.
522 4836 552 4902 d,
577 4835 634 4902 Gr.
662 4857 720 4900 oon
749 4834 851 4922 thpe
881 4835 915 4904 8.
939 4836 1015 4916 234,
1052 4837 1244 4910 Meritordua,
1276 4836 1423 4904 Homoler
1452 4837 1521 4902 ΠΒ.
1548 4838 1582 4905 8.
1605 4839 1652 4905 58
1673 4838 1735 4905 Nr.
1758 4838 1813 4920 68,
1856 4839 2083 4928 Woppseemana,
2113 4842 2191 4930 Ray.

383 4941 550 5008 debaccati.
577 4941 611 5007 8.
635 4941 678 5007 91
713 4940 770 5006 Nr.
796 4942 859 5007 181
867 4967 897 5022 a,
932 4945 1008 5009 Mac.
1034 4940 1077 5021 II,
1111 4942 1210 5022 189a,
1241 4943 1301 5012 Nr.
1325 4945 1391 5008 254
1419 4949 1463 5009 tm
1484 4947 1558 5032 qu.
1585 4945 1690 5012 sa-A.
1715 4969 1755 5012 za
1777 4949 1925 5027 Mainater,
1964 4947 2113 5018 Zetoctr.
2138 4951 2193 5016 des
2311 4973 2316 4984 ·

381 5049 451 5114 aaa.
482 5045 550 5114 Ver.
566 5051 631 5134 sair
656 5047 899 5115 Naumachos
921 5051 975 5136 Jq.
994 5049 1078 5116 1887
1100 5049 1133 5118 S.
1153 5050 1217 5115 138
1242 5049 1299 5117 Nr.
1318 5049 1383 5115 139
1408 5053 1474 5116 aad
1496 5052 1632 5136 Ilotlrlef,
1657 5051 1769 5119 Geocb.
1793 5055 1823 5120 d.
1849 5053 2078 5141 Grofacboftm
2100 5054 2194 5144 Hoyo

379 5155 446 5218 aad
466 5153 615 5242 Dteptolz
637 5153 663 5232 I,
695 5153 730 5220 8.
753 5152 798 5219 89
828 5153 889 5222 Nr.
912 5156 965 5235 48,
1001 5159 1057 5222 der
1080 5158 1138 5223 den
1163 5157 1301 5240 Biaclrof
1320 5158 1390 5223 Otto
1413 5159 1489 5224 obora
1512 5159 1626 5225 Gmad
1648 5159 1715 5225 dem
1736 5161 1868 5247 qrdfliolr
1889 5162 2061 5250 boyaocben
2084 5161 2194 5229 Haase

382 5261 554 5328 metreta.
601 5261 782 5330 Rckelinlre
809 5265 852 5327 iat
875 5262 1058 5349 Riclcliopea
1079 5263 1127 5329 lei
1156 5263 1324 5350 Womtotf,
1361 5266 1509 5350 Hemege
1538 5269 1582 5330 iat
1604 5263 1807 5353 Hemmiapen
1832 5269 1877 5330 im
1899 5266 2078 5334 Landlcra'a
2101 5267 2193 5333 Hara-

382 5389 482 5448 aooer,
515 5370 752 5453 Dugenthorpe
786 5368 956 5448 Doleodovs
985 5373 1029 5433 im
1058 5369 1117 5438 Kr.
1143 5368 1301 5435 Necatadt
1323 5395 1353 5436 o.
1378 5370 1418 5437 R.
1470 5369 1597 5459 Wideyo
1624 5375 1667 5437 iat
1695 5371 1806 5460 Propot
1836 5374 1891 5440 dea
1914 5374 2135 5460 Marttaatvflea
2156 5377 2194 5440 io

385 5472 517 5551 Mindon,
541 5475 674 5540 Koarod
696 5475 810 5562 Propat
830 5497 888 5540 voa
909 5500 935 5540 a.
960 5475 1140 5540 latonam
1164 5477 1299 5543 Maon.
