5076 6826
1060 477 1127 533 1231
1249 473 1256 492 '
2063 459 2106 524 67

93 812 163 884 Dos
175 807 391 898 Donakopitcl
407 825 473 878 oon
486 804 639 878 Mindon
656 803 820 877 habundet
838 803 1026 894 Beilcgunp
1044 675 1145 875 0601
1150 802 1293 876 Streitcs
1306 804 1369 876 mit
1382 802 1446 874 der
1459 802 1560 876 Siodt
1579 801 1689 874 durch
1701 800 1979 874 Schiodsrtclcter.
2006 803 2110 874 1231.

191 943 398 1027 H(einricus)
410 941 441 1027 ¹)
462 942 523 1007 Dei
545 941 650 1023 gratia
672 940 778 1005 maior
798 940 834 1004 in
848 939 962 1005 Minda
976 939 1177 1023 prepositus,
1202 937 1433 1023 G(odelridus)
1450 937 1597 1003 decanus
1611 938 1789 1020 totumque
1805 937 1954 1002 eiusdem
1970 937 2113 1002 ecclesie

93 1050 268 1136 capitulum
300 1068 364 1115 nec
391 1067 470 1113 non.
488 1047 687 1114 universitas
720 1046 938 1128 burgensium
971 1045 1126 1112 omnibus
1154 1045 1198 1110 ad
1224 1065 1309 1128 quos
1336 1063 1477 1128 presens
1505 1045 1670 1126 scripturn
1697 1043 1889 1126 pervenerit
1912 1043 2052 1110 salutem
2074 1044 2112 1110 in

91 1179 162 1225 vero
184 1155 331 1222 salutari.
378 1155 506 1222 Notum
529 1173 603 1220 esse
625 1152 778 1236 cupimus
801 1152 975 1233 universis,
999 1153 1101 1236 quod,
1125 1171 1201 1216 cum
1224 1151 1447 1218 controversia
1470 1150 1583 1216 multis
1605 1148 1813 1233 temporibus
1828 1149 1915 1215 inter
1931 1151 2111 1216 canonicos
2147 1184 2152 1196 ·

91 1263 217 1331 maioris
240 1261 378 1329 ecclesie
400 1263 435 1326 et
456 1261 640 1342 burgenses
662 1278 725 1342 pro
750 1258 949 1326 suffossione
972 1258 1146 1324 domorum
1169 1259 1202 1323 et
1224 1259 1288 1338 vie,
1318 1276 1379 1341 per
1402 1276 1502 1340 quam
1526 1256 1653 1321 domini
1675 1257 1719 1321 ad
1742 1255 1916 1321 ecclesiam
1939 1256 2052 1322 verrire
2076 1260 2113 1322 et

92 1391 147 1436 sua
167 1369 286 1434 funera
307 1367 439 1434 deferre
461 1369 715 1446 consueverunt,
739 1385 780 1430 ex
801 1385 870 1431 una
892 1366 987 1448 parte
1009 1364 1136 1431 scilicet
1158 1365 1402 1442 canonicorum.
1426 1366 1461 1429 et
1476 1383 1516 1429 ex
1533 1363 1598 1428 alia
1614 1365 1708 1446 parte
1724 1362 1878 1428 videlicet
1893 1362 2111 1444 burgensium

91 1496 147 1560 pro
167 1475 360 1540 molendino
383 1475 418 1538 et
440 1471 671 1538 submersione
693 1469 898 1554 pratoruml)
923 1473 957 1535 et
980 1471 1130 1552 aliorum,
1154 1471 1254 1555 que³)
1277 1470 1456 1535 hincinde
1482 1469 1619 1534 fuerunt
1634 1469 1818 1552 proposita,
1842 1468 1960 1535 brissei
1977 1469 2112 1551 agitata,

91 1581 216 1646 undem
240 1578 377 1645 arbitrio
400 1578 464 1644 luit
486 1579 702 1644 conunissum
725 1579 759 1642 et
781 1597 842 1660 per
865 1577 999 1642 eosdem
1023 1576 1200 1663 arbitros⁴)
1228 1577 1357 1660 prefata
1381 1577 1546 1642 discordia
1575 1575 1610 1640 in
1632 1576 1724 1640 hunc
1746 1575 1883 1639 modum
1907 1577 1958 1640 est
1981 1577 2113 1658 sopita:

91 1689 263 1769 burgenses
298 1685 425 1752 nullam
459 1685 502 1751 de
531 1683 723 1750 molendino
758 1686 816 1748 aut
845 1684 887 1748 de
915 1683 1144 1749 submersione
1178 1687 1351 1766 pratorum
1386 1683 1428 1747 de
1458 1686 1568 1746 cetero
1598 1673 1781 1746 movebunt
1809 1681 2018 1764 questionem
2048 1700 2112 1746 nec

91 1793 215 1876 aliquod
250 1811 429 1874 gravamen
463 1791 607 1856 inferent
643 1791 712 1855 sive
739 1791 774 1854 in
802 1789 965 1873 piscando
993 1790 1061 1855 sive
1089 1790 1124 1854 in
1151 1788 1309 1854 fodiendo
1344 1789 1435 1853 intus
1464 1788 1516 1853 vel
1546 1791 1639 1853 extra
1673 1788 1834 1872 piscinam
1862 1787 1913 1852 rel
1937 1807 1958 1852 a
1981 1787 2112 1853 civibus

91 1899 192 1982 aliquo
222 1898 325 1965 modo
359 1897 432 1962 sine
468 1916 635 1962 consensu
669 1897 881 1962 dominorum
912 1895 1027 1960 inferri
1061 1895 1271 1978 permittent;
1307 1893 1885 1976 dominiverotantumequabunt
1909 1894 2110 1976 defossam,

90 2009 123 2072 ut
157 2005 331 2070 commode
368 2008 439 2070 tarn
476 2002 637 2087 largams)
679 2003 811 2089 possint
849 2004 1039 2068 construere
1079 2003 1225 2081 domurn,
1269 2022 1336 2085 que
1373 2002 1529 2065 omnibus
1567 2001 1637 2072 suis
1674 1999 1875 2084 respondeat
1883 1999 1911 2085 6)
1956 1999 2110 2066 officinis.

90 2110 270 2193 Burgenses
301 2111 380 2176 inde
410 2109 480 2175 suis
504 2109 665 2193 impensis
688 2109 924 2192 providebunt,
957 2111 996 2172 ut
1016 2109 1094 2173 talis
1117 2107 1257 2173 munitio
1280 2107 1316 2173 in
1338 2108 1455 2172 eodem
1478 2107 1552 2172 loco
1575 2106 1644 2187 fiat,
1680 2125 1722 2170 ne
1745 2105 1966 2191 periculum⁷)
1991 2108 2110 2174 exinde

89 2219 188 2300 possit
211 2215 424 2300 pervenire⁸)
447 2216 582 2282 civitati.
628 2215 715 2280 Dicti
739 2215 839 2281 etiam
862 2215 987 2282 domini
1010 2233 1073 2280 nec
1095 2234 1156 2297 per
1179 2235 1215 2280 se
1239 2233 1349 2297 neque
1372 2214 1511 2279 inductu
1535 2213 1674 2278 alicuius
1691 2212 1761 2277 sive
1777 2214 1819 2278 de
1834 2213 1899 2296 ria,
1917 2233 1993 2279 curn
2012 2214 2112 2280 aliam

90 2325 225 2390 habeant
248 2323 416 2388 adiutorio
424 2321 453 2407 9)
475 2322 703 2405 burgensium,
727 2321 797 2387 sive
820 2322 863 2386 de
886 2321 1042 2386 domibus
1065 2320 1216 2387 suffossis
1240 2321 1363 2387 debent
1385 2320 1438 2385 rel
1461 2322 1605 2403 possunt
1621 2319 1745 2385 habere
1761 2320 1937 2401 actionem,
1962 2320 2022 2385 sed
2037 2321 2112 2403 qui-

90 2431 161 2495 libet
187 2429 327 2495 alterius
350 2429 523 2494 commodo
532 2426 571 2508 ¹⁰)
603 2428 704 2492 debet
725 2427 899 2492 intendere
922 2429 956 2491 et
977 2427 1105 2492 honori.
1152 2426 1198 2492 Ut
1221 2429 1334 2492 autem
1356 2428 1419 2492 hec
1443 2426 1638 2510 compositio
1661 2429 1734 2491 rata
1757 2428 1790 2490 et
1812 2426 2008 2492 inconvulsa
2030 2447 2108 2510 per-

89 2537 221 2617 maneat,
245 2534 399 2618 presenti
415 2534 539 2617 scripto
556 2534 636 2615 et¹¹)
660 2533 840 2614 sigillorum
864 2532 1001 2598 ecclesie
1017 2535 1050 2598 et
1065 2533 1282 2614 burgensium
1304 2533 1510 2616 appensione
1532 2533 1697 2615 perpetua
1720 2531 1902 2598 stabilitate
1926 2534 2112 2598 communi-

89 2643 200 2706 rimus.
248 2641 337 2706 Acta
359 2643 438 2706 sunt
460 2641 522 2704 hec
545 2658 633 2704 anno
657 2638 822 2704 dominice
845 2637 1083 2706 incarnationis
1105 2638 1280 2704 millesimo
1304 2639 1532 2704 ducentesimo
1555 2635 1770 2722 uicesim012)
1794 2638 1912 2721 primo.

297 2762 318 2831 ¹)
338 2763 371 2820 N.
385 2761 428 2816 ca·
445 2761 478 2816 G.
516 2763 539 2831 ¹)
558 2767 707 2831 pratronrm
726 2761 759 2815 G.
797 2763 819 2825 ’l
839 2762 886 2830 qui
903 2760 936 2815 0.
974 2763 996 2830 ⁴)
1016 2763 1140 2815 arbitrios
1158 2760 1191 2816 G.
1228 2761 1252 2822 ³)
1270 2777 1374 2831 csrgam
1397 2760 1429 2812 W.
1468 2762 1491 2827 ι)
1504 2760 1759 2830 respondeat-suis
1764 2761 1840 2830 fehlt
1856 2760 1888 2814 G.
1930 2761 2112 2831 'lperioulum
2214 2765 2215 2768 ’

401 2855 546 2905 extremum
571 2850 603 2904 G.
641 2850 664 2919 ⁸)
683 2852 822 2919 provenire
851 2849 883 2902 W.
921 2850 944 2918 ⁸)
963 2850 1095 2904 adiuratio
1120 2850 1152 2907 G.
1192 2853 1225 2916 ¹⁰)
1243 2851 1379 2904 commodo
1397 2851 1507 2903 alterius
1532 2849 1568 2902 W.
1608 2851 1641 2916 ¹¹)
1661 2866 1691 2903 ac
1718 2849 1750 2902 W.
1791 2851 1824 2917 ¹¹)
1836 2849 1911 2920 fehlt
1934 2850 1969 2903 W.

209 2957 385 3037 Abacdrift
416 2955 561 3044 drepana
595 2960 677 3022 eines
706 2958 789 3022 alten
818 2957 978 3022 mindam·
1006 2955 1164 3044 Kopion.
1186 2956 1263 3021 Mac.
1293 2953 1358 3020 173
1395 2954 1451 3022 Nr.
1484 2954 1504 3019 7
1537 2959 1571 3020 in
1599 2957 1655 3021 dor
1678 2955 1822 3022 Bibliotlt.
1853 2957 1908 3022 dee
1938 2957 2009 3025 dict.
2040 2954 2110 3024 Ver.

290 3063 317 3138 f.
339 3061 587 3128 Naumachia
608 3085 648 3126 zo
662 3061 831 3128 Hannover
846 3060 913 3146 (G).
963 3061 1059 3130 Gedr.
1091 3061 1286 3142 Wdrdtwein,
1312 3061 1406 3128 Saba.
1423 3062 1497 3148 dipl.
1515 3060 1557 3141 X,
1584 3061 1618 3128 S.
1638 3060 1689 3142 13,
1714 3063 1769 3128 der
1791 3064 1840 3128 die
1862 3061 1937 3126 Urk.
1953 3064 2112 3150 9996919119

293 3192 334 3234 aa
357 3165 442 3232 1201
466 3181 543 3234 aetat
566 3166 648 3253 (W)
693 3168 770 3255 1199.
795 3167 871 3234 Mac.
895 3166 939 3248 ΙΙ,
965 3168 1030 3234 189
1053 3166 1115 3234 Nr.
1141 3166 1217 3232 113.

1079 3349 1144 3427 43.

153 3471 307 3564 Bischof
327 3474 478 3546 Konrod
504 3497 569 3546 oon
598 3474 747 3546 Mindon
773 3475 948 3564 ilbertrdqt
975 3350 1139 3552 91992111.
1169 3475 1369 3546 Moriensoe
1396 3475 1462 3547 den
1489 3473 1641 3546 Zeloten
1667 3477 1706 3546 io
1733 3476 1867 3563 Hagen.
1924 3474 2037 3548 1231.

212 3609 311 3675 Gedr.
334 3610 417 3673 noel
439 3610 507 3675 dem
534 3608 588 3676 Or.
611 3613 656 3673 im
678 3608 751 3695 1191.
778 3609 882 3674 sc-A.
905 3633 945 3674 zu
966 3609 1144 3689 Honnoocr,
1168 3610 1341 3675 Mortemce
1364 3606 1425 3673 Nr.
1448 3607 1502 3689 26,
1526 3634 1554 3673 o.
1578 3607 1774 3696 Hodenbery,
1802 3607 2009 3695 Colenberper
2038 3610 2108 3678 ΠΒ.

290 3715 387 3781 Aba.
420 3712 454 3795 V,
485 3714 519 3780 S.
542 3713 588 3780 27
617 3713 680 3780 Nr.
702 3715 757 3780 25.
804 3715 918 3801 1199991
952 3715 1103 3783 Zcitsclcr.
1133 3717 1280 3782 (19919191.
1313 3713 1438 3782 Vereins
1460 3718 1492 3802 f.
1516 3714 1766 3798 Ntedaaaocltseo
1787 3715 1841 3802 19.
1866 3713 1954 3782 1860
1984 3715 2017 3783 S.
2044 3717 2112 3781 122

293 3820 358 3886 Nr.
381 3820 434 3888 99.
481 3819 553 3886 Dan
578 3820 712 3888 chmtcn
734 3821 817 3886 botta
839 3822 908 3886 dem
931 3820 1067 3905 Bacchas
1089 3820 1181 3904 Grof
1198 3822 1305 3903 Adolf
1321 3847 1348 3889 v.
1371 3820 1514 3888 Holster'n
1536 3827 1707 3908 rceiqm'er't,
1732 3823 1793 3908 991.
1818 3847 1848 3886 a.
1865 3847 1895 3888 o.
1913 3822 1950 3888 0.
1975 3823 2037 3891 Nr.
2054 3823 2109 3904 21,

291 3953 319 3992 o.
344 3927 478 4013 Aspero,
516 3925 588 3991 Cod.
617 3928 692 4012 dipl.
723 3926 890 3991 Sodooenb.
921 3925 965 4005 11,
997 3926 1031 3992 S.
1056 3925 1099 3990 16
1133 3926 1195 3992 Nr.
1223 3927 1302 4006 339,
1340 3927 1451 4007 Haase,
1491 3927 1909 3997 Scllerw.-Holat.·Lauend.
1945 3929 2043 4016 11999.
2074 3954 2107 3998 ιι.

297 4031 397 4098 Urklc.
425 4031 451 4111 I,
478 4031 512 4098 S.
536 4031 603 4096 225
625 4031 688 4097 Nr.
713 4032 789 4098 167.
835 4031 949 4119 Hagen
970 4033 1028 4099 [tr.
1054 4032 1212 4098 Neuetodt
1234 4058 1264 4099 α.
1288 4033 1330 4100 R.

1050 4214 1143 4292 244.

86 4339 230 4431 Bisctof
257 4338 408 4413 Konrod
440 4363 505 4412 ooo
538 4341 688 4412 Mindon
721 4315 885 4413 detondet
918 4342 973 4413 die
1001 4340 1202 4432 8999919999
1234 4343 1326 4412 eines
1352 4343 1491 4413 Hooaac
1525 4344 1564 4414 ia
1590 4342 1731 4413 Mutela
1763 4344 1834 4414 uod
1862 4345 1900 4414 io
1927 4347 1964 4414 A
1999 4345 2110 4416 dorcic

469 4447 585 4520 Ritter
610 4445 731 4518 Bruno
758 4470 823 4519 von
853 4450 1054 4536 Twertopeo
1081 4471 1128 4519 99
1155 4448 1218 4518 dos
1244 4445 1301 4519 Kl.
1331 4447 1553 4535 Morienseld.
1609 4446 1722 4524 1231.

183 4634 223 4649 ..
250 4632 259 4648 .
288 4584 431 4667 Insuper
459 4603 501 4648 ne
530 4583 611 4666 quid
639 4583 769 4648 cautele
797 4585 941 4664 deesset,
975 4583 1186 4666 supradictus
1213 4583 1327 4648 Bruno
1356 4584 1538 4666 prudenter
1567 4584 1732 4650 actionem
1760 4603 1856 4649 suam
1879 4584 1970 4667 regio
1994 4588 2109 4652 banno

86 4691 217 4755 stabiliri
249 4690 397 4774 providit
418 4689 454 4756 in
477 4691 562 4771 loc0,
597 4690 654 4773 qui
676 4692 814 4756 vocatur
836 4691 1039 4775 Angelbelre‚
1074 4691 1138 4756 sub
1171 4689 1399 4755 iurisdictione
1433 4690 1563 4754 comitis
1588 4688 1784 4754 Helenberti
1808 4691 1850 4755 de
1874 4691 1997 4756 Manen
2020 4693 2108 4760 mul-

85 4796 182 4860 tomm
206 4796 413 4880 astipulante
436 4815 612 4876 consensu,
647 4797 706 4879 qui
729 4800 821 4863 sunt:
858 4798 1080 4864 Hildeboldus
1104 4797 1146 4862 de
1168 4796 1326 4873 Bochern,
1362 4794 1576 4861 Hermannus
1601 4796 1642 4861 de
1665 4797 1821 4877 Wimere,
1856 4797 2039 4863 Emelricus
2064 4799 2106 4865 de

86 4899 186 4984 Hulie,
221 4903 304 4986 Eyle
329 4903 370 4967 de
392 4902 578 4983 Ekehusen‚
609 4903 773 4968 Hernicus
803 4904 844 4968 de
869 4905 1072 4985 Sooenburg,
1106 4901 1289 4968 Meitfn‘dus
1312 4901 1505 4985 Gogravius‚
1540 4902 1729 4968 Alexander
1752 4902 1870 4984 predo,
1904 4902 2107 4970 Hartbracht

85 5005 122 5070 de
143 5007 257 5090 svege,
283 5009 452 5076 Gerardus
476 5010 518 5074 de
539 5009 695 5090 wimaro,
719 5009 888 5075 Arnoldus
911 5009 1030 5090 Albus,
1056 5007 1436 5090 Rodolfi1s‚Wescelus

208 5130 307 5197 Gedr.
340 5128 443 5210 Weatf.
473 5128 544 5196 UB.
569 5127 631 5208 111,
657 5129 692 5196 S.
715 5129 780 5196 901
805 5129 866 5196 Nr.
892 5131 987 5211 1718,
1016 5131 1214 5217 1169611999,
1239 5128 1531 5216 8996991112,
1558 5128 1593 5196 S.
1619 5129 1692 5196 168.
1738 5130 2028 5217 119991Ζεὶ9919.
2052 5134 2110 5199 dee

291 5236 362 5302 liat.
392 5233 461 5303 Ver.
482 5237 516 5322 s.
540 5235 785 5302 Niedcraoclaaen
818 5237 872 5323 19.
898 5235 985 5302 1860
1014 5237 1049 5303 S.
1074 5233 1140 5300 120
1167 5234 1228 5302 Nr.
1252 5234 1307 5302 91.
1353 5235 1480 5302 Isintelo
1506 5236 1563 5302 Kr.
1588 5235 1758 5316 Lobbeote,
1793 5238 1905 5302 Awol
1927 5237 2045 5304 edendo
2066 5261 2106 5305 zu

290 5343 411 5408 999199.
475 5339 542 5428 1791.
578 5343 628 5407 die
661 5341 736 5408 Urlr.
767 5344 821 5408 dea
852 5341 975 5425 Grafen
1004 5342 1075 5408 Otto
1105 5364 1164 5408 oon
1191 5341 1392 5429 1199999699
1425 5365 1493 5406 vom
1523 5341 1554 5407 J.
1580 5340 1676 5409 1279.
1734 5341 1804 5406 Frtr
1831 5344 1939 5410 Predo
1974 5347 2017 5408 iat
2046 5345 2109 5409 root

292 5449 399 5514 Preco
422 5470 461 5512 zu
484 5449 573 5514 been.

1843 5573 1890 5640 9*
