5032 6796
1042 455 1110 511 1289
2028 442 2089 508 451

1027 653 1139 730 1422.

78 782 143 857 Aer
168 780 335 854 Heinrich
361 779 434 851 331
460 709 619 852 11133331
645 800 710 850 ooo
740 779 869 869 033333
894 777 1097 868 (1133133333
1123 779 1200 850 dem
1228 779 1380 867 Bischof
1406 779 1551 871 Volqm'o
1577 802 1639 852 vor
1661 781 1810 853 11133133
1839 783 1895 853 (113
1916 783 2096 854 1131331331-

309 887 402 978 (1333
428 885 511 957 31133
538 885 604 957 dea
631 885 736 957 Streit
763 885 826 956 der
851 885 1003 974 Psorrer
1029 887 1067 957 13
1096 884 1236 959 Η31ι133.
1295 885 1424 976 1133333
1452 889 1550 958 1289
1578 885 1774 978 September
1800 891 1853 959 10.

207 1019 300 1086 Gedr.
324 1020 404 1084 33313
427 1019 495 1084 dem
518 1017 575 1085 Or.
598 1022 642 1083 e'm
666 1017 737 1104 Kpl.
761 1016 863 1088 se-A.
887 1022 922 1084 e‘n
944 1017 1111 1084 Hannooer
1143 1019 1336 1099 Meiaardoe,
1372 1017 1519 1086 Homoler
1547 1019 1578 1084 U
1579 1019 1619 1085 B.
1647 1020 1681 1086 S.
1704 1019 1749 1084 69
1773 1019 1832 1086 Nr.
1859 1019 1932 1087 101.
1981 1021 2095 1107 1133331

295 1124 395 1206 Westf.
425 1123 495 1195 ΗΒ.
521 1123 579 1204 IV,
606 1124 640 1190 S.
664 1123 730 1190 939
755 1122 813 1190 Nr.
837 1123 936 1190 2033.
982 1123 1101 1190 Heblen
1123 1124 1170 1190 ba·
1194 1125 1425 1191 Bodeooeerder.

1025 1323 1137 1402 142.

117 1450 325 1541 Dompropst
354 1447 517 1520 (11331131
543 1471 608 1520 ooo
644 1449 778 1521 17333133
804 1449 940 1521 33133131
967 1450 1043 1522 dero
1073 1325 1132 1522 Κ2.
1160 1451 1281 1522 Lohde
1308 1451 1404 1521 31333
1432 1451 1596 1540 11131333.
1650 1449 1751 1521 1289
1780 1451 1968 1522 November
1995 1449 2055 1523 13.

177 1585 390 1666 Gyselbertus
420 1585 481 1650 1131
516 1585 621 1666 gratia
653 1585 843 1668 prepositus
878 1585 1009 1650 maioris
1049 1586 1187 1651 ecclesie
1216 1587 1394 1652 Verdensis
1430 1587 1587 1650 omnibus
1619 1588 1684 1650 hoc
1716 1586 1878 1669 scriptum
1907 1587 2028 1652 visuris
2059 1587 2095 1652 in

77 1691 212 1756 Domino
235 1689 421 1755 karitatem.
468 1689 753 1772 Recognoscimus
777 1709 815 1754 ac
837 1690 971 1772 publice
994 1693 1231 1774 protestamur,
1256 1693 1346 1774 quod
1370 1712 1430 1758 nos
1454 1690 1695 1756 Theodericum
1719 1691 1844 1757 dictum
1867 1692 2095 1757 Kesebeclrere

75 1799 107 1861 in
129 1796 304 1880 parrochia
326 1796 482 1860 Vriledhe
507 1800 697 1861 manentem
721 1816 760 1862 ea
783 1797 973 1862 conditione
996 1796 1248 1861 manumisimus
1273 1802 1307 1862 31
1330 1799 1534 1863 absolvimus
1558 1818 1578 1862 a
1601 1798 1676 1880 iugo
1700 1797 1881 1876 servitutis,
1906 1818 1973 1881 qua
1996 1798 2093 1862 nobis

78 1906 145 1968 erat
166 1903 333 1982 astrictus,
357 1903 396 1966 ut
418 1903 507 1966 idem
531 1901 675 1968 claustro
698 1922 849 1968 sororum
872 1902 1077 1967 inclusarum
1099 1903 1134 1968 in
1159 1903 1297 1968 Lodben
1320 1905 1487 1986 pertineat
1510 1904 1544 1967 in
1567 1908 1770 1988 perpetuum
1794 1907 1827 1968 et
1850 1903 1897 1968 ita
1924 1904 2094 1969 subiectus

76 2009 125 2090 sit,
152 2011 189 2073 31
212 2009 367 2074 subditus
395 2009 492 2073 nobis
520 2009 675 2091 pn'mitus
704 2009 875 2074 existebat.
922 2010 994 2075 Hoc
1022 2012 1134 2075 autem
1164 2029 1248 2091 3333
1279 2013 1419 2091 3333133
1441 2011 1550 2074 Deum
1582 2009 1729 2090 lecimus,
1766 2012 1802 2073 ut
1831 2030 1891 2074 nos
1924 2010 2094 2093 predictus

76 2118 256 2180 conventus
287 2114 429 2178 assiduis
456 2115 663 2180 orationibus
687 2114 827 2179 Domino
855 2117 1114 2180 recommendet.
1161 2116 1198 2179 In
1223 2116 1316 2180 cuius
1340 2117 1388 2180 rei
1412 2116 1581 2197 noticiam,
1612 2118 1691 2197 quia
1715 2115 1857 2196 sigillum
1881 2117 2094 2199 prepositure

74 2219 248 2285 Verdensis
273 2221 382 2284 adhue
405 2239 474 2284 non
496 2221 669 2302 habemus,
693 2219 799 2303 sigillo
823 2221 994 2286 scolastrie
1017 2241 1156 2305 presens
1179 2221 1338 2305 seriptum
1360 2221 1502 2286 lecimus
1526 2222 1672 2305 sigillari.
1712 2223 1796 2286 Acta
1820 2226 1898 2286 sunt
1919 2224 1982 2286 hec
2005 2242 2094 2288 anno

75 2325 201 2390 Dondni
225 2325 498 2390 M⁰.CC⁰.LXXX⁰
521 2344 621 2408 nono,
646 2325 699 2390 die
720 2325 836 2391 Brictii
859 2326 1019 2410 episcopi.

206 2445 260 2514 Or.
289 2449 333 2510 im
358 2446 557 2532 Steflaorele'o
583 2471 623 2512 aa
645 2447 773 2533 Lampo.
820 2449 874 2511 Aa
897 2450 1130 2534 onbdnqeredem
1155 2449 1468 2535 Perpamentotree'fea
1496 2452 1611 2516 rondes
1636 2449 1747 2536 813331,
1780 2450 1870 2537 Kopf
1889 2475 1926 2517 ea
1948 2453 2018 2532 face
2039 2457 2099 2517 3311

284 2551 405 2618 Barett.
456 2551 648 2633 Urmcbrdft:
671 2556 694 2638 †
718 2556 751 2620 S.
775 2556 831 2620 ΒΕ
967 2556 1069 2621 LBTI
1094 2557 1353 2623 SCOLASTICI
1377 2558 1494 2624 VERD
1605 2559 1638 2624 S.
1685 2556 1799 2642 [tepeat
1821 2556 1915 2643 Lrpp.
1942 2556 2094 2643 113331,

287 2657 320 2723 S.
344 2655 409 2721 291
433 2659 574 2745 Anbarrp
598 2658 656 2726 Nr.
681 2659 734 2726 12.

1024 2825 1138 2902 1424.

72 2945 276 3032 Erabiselrof
297 2945 472 3037 Siepfried
502 2971 568 3019 ooo
595 2949 689 3021 11313
721 2949 891 3021 3311131131
924 2952 1021 3022 circeo
1057 2952 1163 3023 Streit
1194 2952 1255 3023 dee
1282 2949 1443 3039 Biseloofs
1480 2952 1620 3042 Volqerlrr
1653 2975 1716 3022 333
1746 2953 1894 3024 Micelae
1926 2954 1997 3023 331
2031 2954 2096 3024 der

71 3048 194 3123 Kircbe
222 3054 285 3122 mit
311 3055 387 3124 dem
416 3053 633 3145 Doropropel,
667 3055 744 3126 dem
775 3055 911 3145 Groserr
936 3079 1000 3126 ooo
1027 3056 1271 3148 8313331333,
1308 3060 1383 3129 dem
1419 3058 1503 3147 Vopt
1529 3080 1605 3129 oom
1631 3056 1742 3148 Berpe
1775 3060 1847 3130 3331
1874 3059 1949 3129 dem
1976 3060 2092 3150 Barp-

177 3159 305 3249 333133
332 3181 397 3231 ooo
425 3159 619 3250 Stromberp
645 3183 758 3251 333333
784 3163 844 3232 eles
872 3163 1044 3234 Solvlosses
1072 3163 1249 3239 Archeion.
1304 3165 1373 3236 Bel
1401 3164 1684 3253 Η33133311289
1713 3165 1898 3236 December
1924 3163 1985 3236 31.

141 3303 145 3312 “
174 3295 214 3358 13
238 3295 373 3359 nomine
397 3295 530 3360 Domini
554 3315 661 3362 amen.
707 3299 776 3362 Nos
799 3298 939 3363 Sifridus
963 3300 1024 3364 Dei
1052 3300 1157 3382 gratia
1181 3301 1295 3365 sancte
1319 3300 1526 3366 Coloniensis
1551 3301 1687 3366 ecclesie
1712 3301 1982 3385 archiepiscopus
2006 3301 2092 3366 33331

72 3397 196 3482 imperii
225 3420 287 3483 per
316 3401 444 3465 Italiam
478 3403 784 3468 archicancellarius
814 3405 988 3486 cupientes
1017 3424 1079 3488 pro
1109 3407 1198 3472 bono
1230 3407 1321 3488 pacis
1355 3411 1389 3472 et
1421 3408 1596 3472 concordie
1630 3407 1748 3470 sedare
1784 3407 1992 3488 discordiam,
2028 3427 2093 3489 que

71 3503 154 3570 inter
184 3506 413 3570 venerabilem
444 3510 575 3589 patrem
599 3508 772 3573 dominum
794 3509 995 3592 Volquinum
1017 3513 1214 3595 episcopum
1237 3513 1444 3578 Mindensem
1468 3516 1501 3577 et
1524 3533 1620 3578 suam
1643 3513 1818 3577 ecclesiam
1842 3534 1882 3578 ex
1906 3516 2092 3597 33333313

72 3615 102 3675 et
127 3612 257 3677 nobiles
287 3612 376 3678 viros
400 3613 556 3679 Ottonem
588 3615 738 3680 eiusdem
767 3616 906 3680 ecclesie
934 3618 1152 3699 prepositum,
1186 3619 1358 3683 dominum
1382 3620 1591 3683 Gerhardum
1614 3620 1770 3683 comitem
1793 3619 1835 3682 de
1859 3621 2093 3702 Scowenborg,

72 3718 276 3782 Gerhardum
299 3720 497 3785 advocatum
525 3721 566 3785 de
596 3722 717 3802 Monte,
749 3721 933 3787 Henricum
959 3724 1193 3806 burcgravium
1225 3725 1267 3788 de
1295 3725 1487 3806 Stromherg
1518 3726 1552 3788 31
1582 3725 1629 3788 313
1662 3725 1860 3788 adherentes
1892 3725 2027 3789 clericos
2059 3732 2092 3790 et

71 3823 177 3905 133333
202 3844 243 3888 ex
268 3824 372 3902 altera
395 3828 467 3891 3313
490 3825 563 3906 1311,
589 3827 631 3890 ab
654 3827 735 3908 ipsis
752 3828 903 3910 partibus
920 3833 957 3893 31
973 3834 1087 3894 nostre
1104 3829 1306 3894 ordinationi
1322 3851 1382 3894 seu
1399 3829 1629 3912 compositioni
1646 3833 1772 3896 starent
1788 3829 1888 3894 fidem
1906 3832 2092 3914 recepimus

71 3930 269 3994 manualem.
308 3930 383 4007 Quo
406 3933 493 3997 facto
518 3937 559 3997 de
581 3935 713 3997 maturo
737 3935 952 4014 prudentium
976 3935 1113 4000 consilio
1138 3935 1364 4000 ordinavimus
1388 3939 1421 4000 et
1444 3936 1628 4016 statuimus,
1653 3937 1745 4018 quod
1762 3935 1975 4002 medietatem
1991 3937 2093 4002 castri

69 4034 201 4116 Arnem,
227 4055 329 4118 super
352 4056 419 4118 quo
443 4037 482 4100 lis
506 4041 580 4102 orta
603 4039 722 4120 133331,
745 4039 868 4104 habeat
891 4041 1031 4105 ecelesia
1058 4041 1249 4122 Mindensis,
1274 4041 1413 4106 alteram
1436 4061 1515 4105 vero
1539 4045 1668 4123 partem
1686 4042 1791 4106 dictus
1809 4042 1963 4108 dominus
1980 4063 2093 4108 comes

71 4141 108 4204 de
132 4142 360 4224 scowenburg
391 4143 433 4206 ab
463 4143 536 4225 ipso
565 4143 722 4227 episcopo
752 4145 888 4226 pacifice
911 4147 945 4209 in
968 4147 1099 4228 pheodo
1122 4147 1316 4228 possidebit,
1345 4146 1394 4211 ita
1416 4150 1539 4229 tamen,
1569 4149 1662 4231 quod
1685 4148 1796 4215 nullus
1820 4147 1921 4213 alium
1944 4149 1979 4212 in
2003 4149 2094 4214 (11313

70 4249 173 4312 333133
207 4248 357 4312 indebite
393 4247 553 4331 impediat
586 4249 638 4312 331
673 4250 876 4335 molestet¹);
912 4251 1034 4334 captivi
1061 4251 1139 4316 hinc
1168 4252 1246 4317 inde
1280 4253 1314 4316 in
1344 4254 1461 4317 eadem
1489 4253 1655 4318 discordia
1684 4253 1770 4335 capti
1799 4253 1896 4319 liberi
1925 4258 1958 4318 31
1988 4255 2090 4321 331311

71 4350 289 4432 dimittentur,
321 4353 428 4418 clerici
460 4354 561 4418 etiam
585 4357 686 4419 amoti
711 4375 731 4418 a
754 4358 823 4420 suis
848 4357 1018 4422 beneficiis
1041 4359 1212 4424 occasione
1236 4358 1386 4440 predicte
1410 4378 1528 4442 guerre
1551 4361 1593 4422 ad
1617 4360 1691 4440 ipsa
1714 4358 1847 4442 plenius
1871 4360 2093 4426 admittantur

70 4459 100 4520 31
121 4459 316 4538 gaudebunt
339 4459 381 4523 de
405 4461 531 4524 eisdem
554 4459 640 4525 sicut
664 4464 763 4526 33133
786 4462 922 4543 pacifice
946 4466 979 4528 et
1002 4465 1123 4546 quiete.
1170 4463 1289 4547 Item2)
1323 4465 1351 4528 si
1382 4464 1489 4529 dietus
1520 4465 1675 4530 dominus
1699 4466 1882 4530 Mindensis
1914 4466 2091 4550 episcopus

70 4563 247 4645 quicquam
271 4564 456 4645 questionis
480 4585 541 4630 seu
557 4567 704 4631 rancoris
720 4568 874 4632 habuerit
889 4572 1006 4634 contra
1021 4571 1109 4634 viros
1126 4571 1257 4635 nobiles
1275 4571 1448 4635 dominum
1464 4571 1623 4636 Ottonem
1640 4571 1856 4653 prepositum,
1881 4571 2089 4637 Gerhardum

69 4670 220 4733 comitem
259 4671 300 4734 de
331 4670 564 4754 Scowenborg‚
597 4672 807 4738 Gerhardum
840 4675 1036 4740 advocatum
1070 4677 1110 4740 de
1138 4678 1259 4755 Monte,
1292 4676 1472 4740 Henricum
1503 4675 1733 4758 burcgravium
1764 4677 1806 4741 de
1830 4679 2023 4759 Stromberg
2054 4683 2089 4744 31

69 4771 238 4839 dominum
265 4777 351 4839 terre
376 4775 506 4858 Welpie
534 4776 603 4841 sive
633 4781 749 4842 333133
782 4781 950 4861 quoslibet
986 4781 1122 4847 clericos
1146 4785 1180 4846 el
1204 4783 1313 4864 laycos
1336 4783 1371 4846 in
1396 4801 1508 4845 eorum
1532 4782 1688 4848 dominiis
1712 4783 1921 4862 constitutos,
1954 4783 2024 4849 sive
2048 4785 2088 4849 sil

70 4897 167 4943 causa
192 4881 427 4962 ecclesiastica,
458 4883 582 4965 pheodi
611 4903 670 4948 333
702 4883 817 4966 3131113,
846 4887 966 4951 diebus
995 4889 1114 4953 debitis
1139 4892 1171 4952 et
1194 4888 1438 4954 monicionibus
1461 4888 1580 4971 positis
1606 4893 1639 4953 et
1661 4889 1810 4972 signatis,
1842 4891 1943 4971 prout
1964 4890 2088 4956 iustum

68 4984 176 5067 fuerit,
206 5006 277 5052 non
300 5006 360 5069 per
382 5008 544 5070 gwerram
567 5009 629 5054 nec
651 4991 846 5057 violentiam
871 4992 1047 5076 aliqualem
1070 4993 1199 5077 precise
1222 4996 1452 5077 persequatur.
1489 4994 1582 5058 Idem
1605 4993 1727 5058 1331331
1751 4995 1882 5058 nobiles
1906 4995 2090 5078 supradicti

69 5107 104 5151 33
131 5111 251 5156 eorum
278 5093 403 5158 subditi
435 5095 569 5160 domino
592 5096 756 5161 Mindensi
785 5098 1005 5181 episcopo'et
1037 5099 1117 5181 suis,
1146 5100 1232 5164 31331
1254 5101 1408 5183 33333133
1432 5101 1593 5183 scriptum
1617 5103 1667 5165 est
1690 5103 1723 5164 31
1747 5121 1952 5184 expressum,
1983 5105 2017 5166 31
2040 5102 2088 5166 313

67 5196 173 5262 omnis
198 5197 366 5264 discordia
388 5199 504 5283 rapine
527 5203 561 5266 et
583 5201 730 5267 incendii
753 5203 886 5286 penitus
910 5205 953 5269 sit
976 5205 1091 5288 sopita.
1137 5207 1181 5270 Ut
1197 5209 1310 5270 autem
1327 5208 1388 5271 hec
1403 5206 1636 5272 inviolabiliter
1652 5207 1880 5288 observentur,
1903 5207 2087 5290 predictam

68 5303 342 5384 compositionem
385 5306 548 5371 conscribi
590 5306 728 5372 fecimus
766 5313 948 5392 nostroque
988 5330 1026 5376 33
1060 5311 1329 5394 supradictorum
1363 5313 1489 5376 domini
1524 5312 1683 5396 episcopi,
1724 5312 1860 5395 capituli
1894 5313 2087 5395 Mindensis,

67 5405 200 5474 Ottonis
224 5410 395 5492 prepositi,
420 5411 580 5476 Gerhardi
604 5413 732 5478 comitis
756 5415 797 5480 de
821 5416 1046 5500 Scowenburg
1070 5420 1104 5482 et
1127 5419 1289 5483 Gerhardi
1312 5418 1465 5483 advocati
1486 5420 1528 5483 de
1545 5419 1655 5484 Monte
1679 5417 1791 5502 sigillis
1815 5418 1948 5483 muniri.
1987 5418 2092 5485 Facta

1806 5523 1875 5588 57*
