5174 6798
1080 467 1149 526 lam
1350 495 1351 498 ¹
1859 499 1862 504 -
2081 446 2125 512 57

114 767 185 867 Der
203 771 397 884 preeunte
431 791 598 863 Visitotor
630 789 695 861 der
725 790 905 862 mindercr
934 662 1177 877 Βίὄιοεὲῗρι
1212 786 1290 857 dem
1315 783 1465 874 Biceliof
1490 785 1547 857 die
1584 785 1725 858 nnete
1761 785 2019 876 Vcrptiirbtuap
2050 784 2127 878 auf,

113 899 164 972 cite
188 895 436 986 ompstndeten
466 894 665 985 iufelqiiter
697 896 736 966 in
769 893 953 984 Mersche,
989 893 1128 968 desum
1153 893 1227 963 aad
1253 888 1423 962 Bncbbols
1462 889 1956 964 miseriammiseriar
1987 895 2129 966 Tarmia

114 1003 296 1077 eiansen
321 1000 395 1073 nuci
422 1002 485 1073 der
501 999 711 1090 Dornfabrilr
737 1001 793 1072 die
815 999 1053 1090 qebiibreadea
1075 997 1270 1086 Eirmdnfte
1295 1019 1338 1068 su
1365 997 1559 1068 nimina.
1607 993 1756 1069 minden
1774 999 1871 1070 2230
1889 999 2074 1072 December
2094 1002 2128 1076 5.

212 1119 383 1185 Universis
412 1119 477 1184 hoc
504 1118 666 1202 scriptum
691 1117 890 1201 inspecturis
922 1117 1025 1182 irater
1040 1115 1251 1200 inuenies)
1282 1115 1324 1179 de
1348 1115 1465 1180 ordine
1490 1115 1739 1181 predicatorum
1770 1115 1896 1180 domini
1919 1136 2006 1200 pape
2030 1119 2129 1200 peni·

112 1225 283 1296 tertiarius
306 1225 448 1295 salutem
472 1224 508 1292 in
530 1222 663 1292 Christo
686 1224 799 1292 ihesu.
846 1222 932 1290 Cum
953 1221 1153 1292 venerabilis
1181 1222 1277 1305 pater
1308 1219 1415 1304 0(tt0)
1446 1222 1554 1290 sancti
1583 1220 1711 1288 Nicolai
1746 1222 1781 1291 in
1808 1240 1941 1294 carcere
1970 1222 2129 1297 Tulliano

112 1333 275 1416 dyaconus
309 1328 486 1396 cardinalis
521 1329 704 1414 apostolica
738 1328 828 1398 sedis
862 1328 992 1411 legatus
1026 1347 1089 1394 nos
1116 1327 1159 1394 ad
1186 1327 1393 1398 Mindensem
1424 1325 1598 1398 eeclesiam
1631 1327 1834 1397 destinasset
1857 1329 1899 1394 ob
1924 1328 2127 1401 visitationis

113 1435 253 1502 officium
281 1436 511 1516 exercendum,
546 1435 673 1501 ibidem
693 1434 882 1500 invenimus
905 1435 940 1499 in
963 1453 1003 1500 ea
1025 1433 1187 1516 quasdam
1210 1431 1441 1518 possessiones
1463 1431 1506 1496 ad
1528 1451 1678 1505 mensam
1701 1433 1829 1497 domini
1852 1433 2001 1518 episcopi
2024 1434 2128 1517 perti-

111 1543 223 1613 rentes
252 1540 388 1612 nomine
417 1539 509 1612 reum
537 1540 710 1621 alienatas,
744 1540 908 1630 quasdam
937 1558 1017 1605 vero
1046 1539 1143 1606 titulo
1173 1537 1320 1623 pignoris
1345 1537 1516 1621 obligatas.
1561 1538 1659 1606 Unde
1682 1556 1758 1604 cum
1784 1539 1973 1620 superbiis
1995 1540 2030 1605 et
2052 1540 2127 1607 aliis

112 1645 255 1734 prefatus
280 1645 457 1736 episcopus
479 1648 595 1714 nostro
619 1664 655 1718 se
678 1645 815 1718 consilio
837 1644 1049 1718 submitteret
1070 1647 1104 1709 et
1119 1643 1287 1725 mandato,
1310 1643 1422 1733 ipsum
1436 1643 1533 1711 tactis
1550 1643 1767 1710 sacrosanctis
1782 1644 1961 1728 evangeliis
1977 1647 2129 1728 prestare

112 1752 246 1818 lecimus
270 1750 503 1832 iuramentum,
531 1754 569 1818 ut
593 1752 676 1821 duas
699 1751 810 1822 curtes
833 1750 869 1822 in
890 1751 1040 1820 Mersehe
1063 1751 1097 1814 et
1119 1750 1259 1818 totidem
1281 1750 1316 1816 in
1340 1749 1498 1816 Gotstede
1520 1752 1554 1815 et
1578 1747 1784 1820 advocatiam
1807 1749 1842 1816 in
1864 1746 2026 1818 Bocbolte
2050 1753 2127 1820 ante

113 1857 287 1942 epiphanie
315 1857 446 1926 Domini
480 1859 633 1928 octavam
658 1857 749 1930 omni
778 1856 951 1928 occasione
978 1855 1166 1937 postposita
1196 1858 1369 1936 recuperet
1399 1857 1432 1922 et
1455 1855 1499 1922 ad
1522 1855 1661 1922 ecclesie
1693 1874 1792 1920 usum
1815 1855 1937 1922 debeat
1960 1876 2127 1942 revocare,

111 1962 340 2030 niebilmuinus
363 1963 426 2030 arb
450 1962 563 2029 debito
585 1961 763 2036 iuramenti
786 1960 916 2044 prestiti
936 1960 1146 2048 promittens,
1169 1963 1208 2028 ut
1230 1959 1486 2040 W(illehelmus)
1511 1964 1628 2027 cantor
1651 1961 1686 2024 et
1710 1959 1743 2024 S.
1768 1960 1958 2044 canonicus,
1982 1961 2020 2030 G.
2037 1965 2073 2032 et
2088 1963 2127 2036 Τ.

111 2068 339 2140 ministeriales
362 2067 500 2137 ecclesie
524 2067 752 2139 Mindonensis
774 2066 900 2134 tructus
924 2065 1089 2135 dictorum
1113 2065 1278 2134 bonorum
1301 2065 1457 2150 colligant
1480 2065 1656 2152 diligenter
1679 2067 1713 2131 et
1735 2067 1967 2148 possessiones
1990 2067 2128 2140 ecclesie

111 2173 301 2256 recolligant
334 2173 497 2256 obligatas
531 2176 631 2264 prout
665 2172 783 2240 melius
818 2172 983 2239 videbitur
1013 2171 1179 2256 expedire.
1226 2171 1435 2240 iniunximus
1463 2171 1563 2236 etiam
1590 2171 1700 2239 eidem
1727 2172 1888 2258 episcopo
1920 2173 1982 2242 sub
2011 2175 2129 2246 eodem

110 2279 238 2346 vinculo
263 2279 450 2358 iuramenti,
474 2281 511 2350 ut
534 2278 577 2348 ad
599 2277 758 2347 fabricam
781 2277 918 2346 ecclesie
941 2277 1088 2365 sepefata
1111 2296 1174 2364 pro
1197 2276 1312 2360 vingiti
1336 2279 1370 2348 et
1393 2277 1524 2347 duabus
1548 2277 1724 2346 duodecim
1746 2277 1848 2348 libras
1869 2279 1965 2346 annis
1986 2281 2129 2362 quatuor

112 2385 265 2464 exsolvat,
294 2385 415 2466 quibus
439 2384 562 2467 elapsu
585 2403 628 2450 ne
650 2383 758 2473 qratia
780 2385 933 2453 trahatur
956 2383 1000 2450 ad
1022 2383 1293 2466 consequentiam
1316 2382 1430 2464 viginti
1453 2385 1487 2451 et
1510 2383 1593 2448 duas
1617 2383 1718 2454 libras
1741 2383 1839 2456 annis
1862 2384 2012 2467 siugulis,
2044 2385 2131 2462 sicut

111 2509 147 2555 ex
170 2489 310 2572 antiqua
332 2489 468 2555 ecclesie
490 2489 698 2556 institutione
721 2489 830 2556 iuerat
852 2488 1051 2569 ordinatum,
1075 2487 1265 2570 persolvere
1288 2506 1357 2551 non
1381 2487 1520 2552 omittat.
1566 2487 1608 2551 Et
1630 2489 1692 2552 hec
1713 2489 1825 2553 omnia
1840 2487 1913 2564 sine
1928 2491 2007 2556 dolo
2023 2492 2129 2563 malo-

111 2615 172 2677 que
194 2595 329 2678 ingenio
352 2596 542 2661 observabit
565 2614 627 2662 nec
649 2594 754 2660 dictas
776 2615 839 2660 nec
861 2594 943 2660 alias
965 2592 1195 2678 possessiones
1219 2593 1272 2658 vel
1295 2592 1440 2662 decimas
1463 2592 1632 2659 novalium
1655 2593 1824 2677 alienabit,
1860 2595 2004 2663 alienata
2037 2597 2129 2662 bona

109 2699 172 2766 fide
195 2700 377 2770 revocabit.
415 2701 538 2772 Datum
560 2701 672 2772 Minde
695 2719 783 2772 anno
805 2699 910 2782 gratie
928 2698 1106 2770 ,nullarum
1131 2698 1358 2770 ducentesimo
1380 2699 1559 2780 tricesimo,
1583 2699 1689 2769 Nonis
1712 2699 1913 2769 Decembris.

241 2802 334 2871 Neci
356 2807 425 2872 dnn
447 2803 557 2874 Dant
582 2804 632 2876 tei
660 2802 855 2882 Wrirdturein,
882 2801 975 2871 Sais.
999 2803 1075 2888 dipl.
1099 2799 1152 2882 VI,
1179 2800 1213 2868 S.
1229 2800 1297 2866 386
1317 2793 1500 2870 mederici
1548 2803 1660 2889 Royan
1680 2806 1716 2868 in
1736 2805 1811 2869 Mac.
1828 2802 1873 2884 II,
1900 2803 1963 2869 189
1986 2803 2045 2872 Nr.
2062 2804 2132 2870 356

320 2913 364 2977 im
385 2909 459 2996 qu.
485 2909 590 2982 rit-A.
613 2933 653 2984 zu
675 2911 825 2979 Mamur.
871 2911 1021 2981 Merscrre
1042 2906 1123 2973 Fini
1143 2907 1190 2974 bei
1211 2905 1334 2978 baim.

1071 3051 1154 3129 209

109 3181 182 3252 Der
207 3179 403 3271 pdpstlicbe
443 3180 609 3252 Visitotor
640 3181 704 3252 der
734 3181 880 3252 Diiseae
914 3179 1065 3252 Mindm
1095 3177 1307 3270 verpflicbtet
1340 3177 1406 3249 dcc
1439 3177 1590 3266 Biscirof
1615 3199 1680 3250 oon
1712 3179 1864 3252 Micdea
1897 3180 2028 3271 eidliclr,
2063 3183 2131 3253 den

109 3285 373 3376 Anmnssuaqen
400 3285 461 3358 des
495 3286 616 3376 Vnus
643 3287 706 3358 der
733 3286 873 3375 Kircie,
899 3292 1001 3357 nater
1027 3285 1136 3356 denen
1161 3283 1217 3355 die
1245 3283 1376 3354 Kircic
1402 3305 1466 3373 erp
1490 3283 1627 3371 earam
1653 3283 1751 3384 bobe,
1776 3287 1937 3358 eventoeu
1962 3289 2026 3360 mit
2052 3289 2130 3360 dem

595 3389 860 3463 Kirclienbocnc
886 3395 1204 3480 enineqeasutreten.
1258 3391 1355 3462 1230
1380 3388 1567 3460 December
1592 3391 1649 3462 12.

213 3509 388 3576 Universis
421 3509 486 3574 hoc
520 3509 682 3592 seriptum
715 3509 916 3592 inspecturis
950 3508 1053 3574 irater
1082 3506 1284 3590 J(ohannes)
1318 3506 1444 3577 ordinis
1481 3506 1729 3580 meduanum
1764 3509 1889 3577 domiui
1918 3529 2006 3593 pape
2033 3513 2131 3594 peni-

109 3615 282 3680 tentiarius
317 3615 458 3680 salutem
487 3614 522 3680 in
554 3614 696 3680 Christo.
754 3614 839 3682 Cum
869 3615 910 3678 de
939 3614 1096 3682 mandato
1123 3611 1322 3680 venerabilis
1345 3611 1451 3694 patris
1475 3611 1635 3695 Otitonis)
1659 3613 1765 3678 sancti
1787 3614 1915 3680 Nicolai
1937 3616 1972 3680 in
1995 3635 2128 3683 carcere

110 3719 264 3786 Tulliano
287 3718 417 3788 diaconi
440 3719 617 3789 cardinalis
640 3718 821 3803 apostolice
845 3719 933 3788 sedis
956 3719 1056 3802 legati
1071 3718 1282 3787 Mindensem
1303 3717 1472 3788 visitarem
1495 3718 1678 3798 ecclesiam,
1701 3719 1891 3789 invenimus
1913 3721 2001 3792 inter
2023 3722 2132 3788 multa

108 3827 313 3890 correctione
336 3826 445 3907 digna,
468 3826 694 3896 venerabilem
716 3827 753 3896 in
773 3825 908 3898 Christo
932 3828 1061 3908 patrem
1083 3826 1245 3902 nostrum,
1275 3822 1426 3894 eiusdem
1448 3823 1511 3894 loci
1536 3824 1738 3907 episcopum,
1763 3826 1916 3892 advocati
1940 3827 1992 3892 sui
2014 3827 2129 3900 multi.

109 3930 249 4014 plicibus
285 3930 476 3997 insolenciis
511 3935 547 3996 et
572 3931 700 4000 iniuriis
728 3931 864 3999 nrirrime
891 3931 1052 3996 restitisse
1084 3934 1117 4002 et
1148 3931 1192 3996 oh
1220 3931 1284 3998 hoc
1312 3930 1402 4002 bona
1430 3929 1643 4000 eeclesiarum
1668 3933 1704 3996 et
1726 3931 2024 4001 ecclesiasticarum
2052 3952 2131 4016 per-

107 4055 267 4109 sonarum
290 4036 387 4120 quasi
408 4037 542 4120 penitus
565 4037 725 4108 desolata.
770 4036 840 4102 Nos
864 4056 940 4119 ergo
964 4037 1088 4105 dictum
1112 4035 1309 4119 episcopum
1332 4054 1443 4106 coram
1459 4035 1606 4117 capituto
1623 4055 1684 4108 suo
1700 4037 1935 4108 convenientes
1951 4039 1988 4106 ut
2004 4039 2130 4110 talibus

110 4143 278 4213 resisteret
299 4141 428 4216 iniuriis
452 4143 485 4208 et
507 4141 693 4210 insolentiis
717 4143 759 4208 ab
783 4162 823 4208 eo
846 4142 1014 4224 exegimus
1037 4143 1273 4208 iuramentum.
1320 4140 1385 4220 Qui
1408 4140 1529 4208 nostris
1553 4141 1789 4224 obtemperans
1816 4142 1949 4209 monitis
1978 4146 2011 4208 et
2032 4163 2129 4211 man·

109 4245 190 4314 datis
212 4248 313 4320 tactis
335 4248 554 4320 sacrosanctis
578 4247 766 4330 eunmeliis
787 4247 966 4316 iuramenti
990 4247 1149 4328 religione
1170 4245 1325 4321 firmavit,
1349 4265 1392 4312 ne
1409 4246 1566 4328 deinceps
1582 4246 1780 4318 advocatum
1796 4247 1942 4330 abquam
1958 4268 2130 4322 annonam

109 4351 141 4416 in
167 4353 334 4436 principio
367 4352 487 4427 messis
516 4355 715 4435 extorquere
741 4351 897 4434 patiatur,
932 4351 1158 4433 captiositates
1188 4352 1224 4421 iu
1246 4351 1386 4435 placitis,
1421 4370 1487 4434 que
1510 4351 1688 4433 vulgariter
1710 4370 1789 4422 vare
1812 4353 1978 4435 diormtur,
2012 4355 2130 4438 hospi·

109 4458 276 4532 talitatum
298 4458 576 4542 importunitates,
599 4479 664 4542 que
687 4457 872 4540 herberghe
893 4459 1065 4538 vocantur,
1088 4457 1278 4530 exactiones
1301 4457 1336 4524 in
1352 4475 1459 4539 agros,
1482 4459 1604 4538 curtes,
1628 4457 1757 4538 domos,
1780 4459 1809 4523 si
1825 4459 1974 4528 desolate
1990 4459 2129 4543 fuerint,

108 4563 297 4630 nullatenus
321 4564 511 4647 sustinebit,
534 4584 659 4633 novum
682 4584 787 4650 genus
808 4563 1000 4646 exactionis,
1024 4565 1053 4629 si
1076 4565 1191 4632 forsan
1214 4581 1382 4644 emergere
1404 4562 1588 4645 mangelt,
1624 4563 1783 4646 reprimet
1805 4566 1840 4636 et
1862 4565 2019 4648 deponet,
2054 4566 2130 4635 aliis

108 4669 216 4740 autem
252 4669 440 4744 insolentiis
474 4670 624 4741 advocati
659 4673 692 4744 et
726 4669 855 4744 iniuriis
889 4669 1020 4738 resistet
1053 4670 1154 4753 prout
1184 4668 1306 4752 poterit
1336 4668 1370 4732 et
1396 4670 1539 4734 tenetur.
1599 4667 1726 4747 Quodsi
1759 4670 1910 4752 prefatus
1943 4673 2129 4744 advocatus

107 4773 319 4846 insolentiam
352 4776 405 4843 vel
433 4775 590 4848 iniuriam
620 4775 737 4846 iecerit
759 4775 906 4858 aliquam
929 4775 970 4842 de
993 4774 1163 4858 predictis,
1198 4775 1345 4843 decarne
1368 4773 1548 4856 assumptis
1572 4774 1740 4857 aliquibus
1764 4775 1806 4840 de
1829 4775 1975 4859 capitulo
1998 4778 2127 4850 illatam

108 4879 262 4949 iniuriam
286 4880 445 4964 episcopo
469 4881 678 4956 denuntiabit
700 4885 819 4965 petens
842 4881 1047 4965 suppliciter,
1070 4882 1107 4951 ut
1131 4881 1218 4950 hanc
1240 4879 1338 4949 faciat
1357 4879 1506 4946 revocari
1521 4879 1575 4952 vel
1589 4879 1702 4950 verius
1718 4880 1899 4952 emendari.
1937 4883 2127 4968 Episcopus

108 4989 215 5054 autem
242 4987 275 5054 si
296 4989 361 5060 boc
383 4987 515 5055 efficere
536 5007 607 5054 non
628 4987 753 5070 poterit
773 4987 860 5055 inira
881 4987 1072 5070 quindecim
1094 4975 1169 5054 dies'
1189 5005 1210 5051 a
1231 4988 1383 5069 ternpore
1407 4985 1670 5060 denuntiationis
1692 4988 1947 5070 computandos,
1982 5009 2023 5057 ex
2046 4992 2128 5062 orne

108 5091 304 5163 advocatum
338 5112 414 5163 cum
440 5093 509 5166 suis
531 5091 685 5169 officiatis
707 5093 1029 5168 excommunicatum
1051 5092 1184 5175 publice
1206 5092 1418 5166 denuntiabit
1439 5095 1474 5162 et
1496 5093 1538 5161 ab
1562 5092 1717 5163 omnibus
1740 5091 1838 5161 feriet
1860 5093 1984 5176 evitari,
2019 5095 2128 5168 donec

107 5198 290 5267 satisfaciat
322 5199 460 5272 ecclesie
490 5200 544 5270 vel
575 5198 794 5271 ecclesiastice
821 5219 975 5283 persone,
1010 5199 1064 5267 oui
1086 5198 1224 5267 iniurias
1247 5198 1412 5280 irrogavit.
1460 5198 1559 5277 Quod
1582 5199 1761 5282 episcopus
1784 5201 1883 5274 tactis
1906 5201 2126 5274 sacrosanctis

109 5303 297 5388 evangeliis
327 5308 536 5378 sacramento
562 5305 780 5388 corporaliter
807 5306 948 5388 pres-tite
971 5325 1008 5380 se
1030 5307 1195 5379 iacturum
1218 5307 1252 5378 et
1274 5308 1484 5376 servaturum
1506 5306 1541 5376 iu
1564 5304 1648 5380 acie
1672 5305 1810 5388 capituli
1832 5305 1996 5390 promisit
2040 5307 2129 5378 Aen

107 5414 183 5482 sunt
204 5411 270 5482 hee
293 5430 381 5484 anno
404 5410 507 5494 qratia
530 5411 715 5493 llCCdinl,
738 5411 777 5476 Π.
822 5409 902 5484 Idus
926 5412 1126 5486 Decembris.

209 5547 505 5594 wantum-aueum.
1889 5539 1910 5603 8
