5168 6798
1084 457 1152 513 1250
1613 542 1617 556 Ι
2081 441 2143 506 153

260 655 316 720 Or.
339 657 383 720 ata
404 653 479 742 Kpl.
505 653 611 722 sc-A.
641 675 681 718 zu
707 652 890 733 Hoanooer,
920 651 1000 737 scm
1020 650 1165 731 Romula,
1194 649 1257 718 Nr.
1280 650 1323 714 21
1334 675 1364 730 a,
1395 650 1482 718 batia
1511 648 1614 737 stapel
1639 650 1726 716 nabat
1757 649 1958 738 Bgfeatigunp
1986 650 2037 717 ab.
2082 651 2145 719 Die

338 759 418 827 Urlc.
441 760 549 828 aldea
570 761 691 847 feviter
718 761 896 826 dicionem
920 759 1003 826 Seite
1029 760 1083 824 des
1112 759 1252 824 linteam
1278 756 1412 824 Deckelv
1438 778 1496 822 oon
1517 758 1594 823 Mac.
1623 755 1658 822 T.
1683 755 1741 838 46,
1772 779 1818 822 wo
1848 759 1904 823 dev
1925 757 2145 845 Herouspebar

333 871 377 932 sta
406 865 567 932 amala.
613 866 676 933 Die
702 864 826 949 schrift
855 868 995 932 milweim
1020 867 1160 931 aratori.
1184 901 1227 913 -
1251 862 1314 930 Die
1341 863 1446 930 beiden
1468 863 1583 929 Bellen
1616 865 1794 946 „Gratum“
1824 865 1891 929 ond
1920 866 1976 946 „Si
2000 866 2075 949 quis
2104 887 2144 933 ex

333 975 462 1040 alien0“
487 973 561 1037 aad
581 973 668 1038 nicht
681 973 904 1060 feetzmtdlen.

129 1213 198 1286 Der
222 1209 394 1282 Edellcerr
420 1208 553 1299 Lavdolf
578 1231 642 1281 oon
668 1209 836 1281 Arutec'm
869 1208 1042 1386 “iamiam
1058 1097 1321 1387 Ιέἶῖηξὲὶοίἓῗν
1351 1207 1601 1385 (ἐόενηῖιὶνεὴεη
1633 1208 1715 1278 awai
1743 1208 1883 1280 Hdusar
1909 1209 1947 1279 ia
1975 1207 2143 1298 Ecbdorf.

925 1337 963 1385 aa
988 1337 1031 1387 aa
1291 1336 1329 1386 er
1380 1375 1388 1390 .

230 1433 394 1499 Ludolfus
416 1433 538 1500 nobilis
561 1434 604 1500 de
626 1433 776 1498 Arnhem
805 1431 970 1500 universis
998 1451 1136 1517 presens
1159 1431 1319 1516 scriptum
1341 1431 1462 1498 visuris
1486 1433 1630 1496 salutem
1661 1432 1697 1496 in
1719 1434 1929 1516 perpetuum.
1977 1432 2032 1497 Ad
2055 1434 2145 1500 noti-

127 1541 204 1607 ciam
225 1541 297 1604 tam
318 1539 507 1606 futurorum
534 1559 636 1624 quam
667 1539 873 1623 presentium
894 1539 1049 1604 volumus
1072 1537 1263 1622 pervenire,
1287 1538 1379 1620 quod
1409 1555 1469 1602 nos
1500 1557 1576 1601 cum
1600 1555 1767 1602 consensu
1789 1539 1903 1604 uxoris
1926 1539 2144 1606 etheredum

126 1649 311 1712 nostrorum
338 1646 578 1730 proprietatem
607 1647 747 1712 duarum
773 1646 948 1712 domorum
977 1645 1012 1710 in
1035 1645 1226 1728 ththorpe
1254 1662 1329 1707 cum
1353 1643 1509 1707 omnibus
1538 1644 1607 1708 suis
1636 1643 1838 1724 attinentiiS,
1869 1664 1953 1728 quas
1988 1646 2144 1712 dominus

126 1751 310 1817 Garhardus
341 1751 428 1817 Saxo
459 1753 501 1816 da
528 1770 630 1818 manu
659 1753 775 1818 nostra
806 1751 842 1816 in
875 1751 1009 1835 pheodo
1043 1750 1189 1831 tenebat,
1213 1748 1350 1814 domino
1373 1749 1574 1832 Engelberto
1611 1751 1785 1833 preposito
1820 1753 1855 1815 et
1884 1751 2021 1818 ecclesie
2045 1753 2143 1818 beate

125 1856 251 1940 virginis
274 1856 310 1922 in
334 1857 589 1924 Overenlrerlren
614 1858 813 1923 contulimus
836 1859 979 1940 receptis
1006 1859 1151 1941 quatuor
1173 1856 1293 1922 marcis
1317 1856 1359 1920 ab
1383 1855 1519 1921 eisdem.
1559 1857 1604 1921 Ut
1629 1859 1741 1922 autem
1763 1858 1828 1922 hoc
1849 1859 1974 1924 factum
1990 1861 2142 1924 nostrum

124 1962 352 2046 inposterum
383 1965 558 2030 anemine
588 1965 694 2048 possit
723 1964 874 2048 infringi,
909 1982 1010 2047 super
1038 1964 1103 2028 hoc
1137 1961 1265 2046 prefate
1294 1961 1434 2028 ecclesie
1467 1965 1656 2044 presentem
1681 1962 1823 2028 litteram
1858 1965 2020 2029 tradimus
2046 1965 2143 2048 sigilli

123 2069 221 2134 nostri
245 2070 430 2135 munimine
453 2071 655 2136 roboratam.
709 2071 827 2136 Testes
856 2069 957 2135 huius
980 2069 1028 2134 rei
1058 2072 1150 2133 sunt:
1186 2069 1377 2134 Gerhardus
1401 2069 1504 2150 Saxo,
1536 2068 1758 2152 Engelbertus
1789 2069 1897 2136 dictus
1922 2071 2142 2155 Sadelprene,

124 2175 293 2240 Conradus
316 2176 358 2242 de
382 2176 497 2258 Ullen,
529 2176 681 2242 iordanis
710 2177 751 2242 de
775 2177 1026 2260 Pepinchusen,
1062 2175 1277 2240 Hermannus
1305 2173 1426 2254 Brant,
1461 2174 1652 2240 Garhardus
1686 2176 1728 2240 de
1750 2177 1891 2257 Velden,
1928 2177 2143 2242 Hermannus

122 2280 256 2346 Pustere
293 2277 429 2362 milites:
463 2284 675 2349 Hermannus
710 2283 795 2350 Rike
830 2286 864 2349 et
894 2283 949 2348 alii
982 2302 1083 2367 quarn
1116 2282 1242 2364 plures.
1288 2282 1412 2346 Datum
1447 2282 1482 2346 in
1509 2281 1622 2347 Minda
1658 2300 1746 2348 anno
1783 2281 1916 2347 Domini
1946 2281 2141 2349 M⁰.CC⁰.L⁰.

121 2386 223 2470 pridie
245 2387 363 2452 Nonas
387 2387 552 2454 Octobris.
639 2407 643 2416 ’

251 2489 308 2555 Or.
331 2478 375 2556 im
398 2491 474 2578 Kgl.
500 2492 603 2561 sa-A.
632 2517 673 2558 zu
694 2495 846 2573 Miaater,
881 2495 983 2558 Morta
1003 2495 1069 2558 uad
1093 2491 1216 2558 &meon
1238 2496 1273 2558 in
1294 2493 1423 2559 Mindon
1452 2491 1511 2558 Nr.
1536 2492 1589 2559 11.
1634 2492 1706 2557 Das
1730 2492 1925 2559 Bmcolavtciolc
1949 2497 2002 2561 dea
2026 2494 2144 2583 Sagala

331 2621 372 2662 an
395 2597 710 2685 Pergamentatreifen
733 2601 812 2664 idest
832 2601 911 2664 noct
933 2602 991 2665 den
1014 2599 1097 2664 vanas
1121 2598 1299 2665 blackeneim
1314 2599 1413 2663 Adler
1435 2597 1595 2664 erkennen.
1631 2597 1724 2664 Felvlt
1740 2598 1789 2665 ba·
1811 2597 2040 2687 Walapemnann,
2070 2601 2142 2668 UB.

332 2705 386 2772 dea
410 2703 507 2788 Stifta
530 2705 771 2772 Obernlcivclrm.
821 2705 915 2772 θεάν.
942 2705 1093 2772 Zetactr.
1117 2707 1147 2772 d.
1171 2706 1243 2770 aar.
1273 2701 1341 2770 Ver.
1363 2705 1423 2787 fair
1443 2702 1702 2772 Nc'edaraoclmen.
1726 2705 1839 2793 Javrq.
1865 2706 1954 2771 1853
1978 2708 2012 2775 S.
2037 2706 2091 2774 95.

118 2957 222 3049 Popst
249 2959 425 3032 Innocens
453 2960 522 3033 IV.
559 2961 669 3033 crtedt
695 2961 762 3035 den
787 2961 987 3034 Besuclvern
1014 2851 1371 3139 gestatobbfflvgigittrcte
1407 2961 1446 3031 tn
1473 2961 1624 3034 Mindea
1660 2960 1859 3052 Indulpeoa.
1913 2962 2013 3054 lason
2043 2961 2143 3036 1250

1121 3089 1159 3138 er
1237 3122 1244 3138 .

218 3183 444 3250 Innocencius
467 3183 643 3270 episcopus
667 3205 784 3252 servus
807 3205 981 3251 servorum
1004 3185 1064 3251 Dei
1088 3184 1214 3251 dilectis
1237 3184 1314 3250 filiis
1337 3185 1466 3250 decano
1489 3187 1524 3250 et
1549 3186 1697 3269 capitulo
1720 3185 1860 3251 ecclesie
1884 3186 1991 3252 sancti
2009 3187 2143 3252 Martini

116 3285 299 3355 Mindensis
322 3291 464 3356 salutem
488 3295 522 3358 et
545 3291 761 3376 apostolicam
790 3291 1068 3358 benedictionem.
1114 3291 1207 3357 Licet
1229 3292 1268 3370 is,
1292 3291 1334 3356 de
1362 3291 1457 3357 cuius
1490 3312 1627 3358 munere
1655 3292 1764 3372 venit,
1794 3294 1832 3356 ut
1854 3291 1917 3356 sibi
1942 3311 1961 3356 a
1985 3292 2141 3359 fidelibus

116 3394 181 3459 suis
204 3395 306 3480 digne
329 3415 367 3462 ac
388 3396 601 3464 laudabiliter
622 3399 786 3465 serviatur
810 3399 850 3464 de
873 3397 1108 3464 habundancia
1118 3398 1145 3482 ¹)
1168 3397 1302 3480 pietatis
1326 3417 1396 3479 sue,
1421 3417 1485 3481 que
1509 3399 1627 3464 merita
1644 3398 1834 3482 supplicum
1857 3398 1987 3464 excedit
2009 3402 2043 3465 et
2065 3403 2143 3465 vota

115 3499 197 3564 bene
231 3501 457 3569 servientibus
491 3503 597 3569 mullo
632 3504 760 3570 maiora
793 3504 961 3586 retribuit,
995 3523 1096 3587 quam
1126 3504 1259 3570 valeant
1288 3505 1489 3586 promereri,
1526 3503 1796 3588 nichilominus2)
1824 3507 1943 3570 tamen
1967 3506 2141 3589 cupientes

115 3607 252 3673 reddere
277 3609 420 3674 Domino
428 3609 457 3695 ³)
486 3610 650 3694 populum
679 3611 917 3695 acceptabilem
940 3609 1179 3676 christifideles
1204 3611 1248 3675 ad
1271 3611 1546 3694 complacendum
1579 3611 1610 3676 ei
1642 3611 1961 3694 quasiquibusdam
1985 3611 2142 3676 illectivis

114 3714 259 3796 premiiS,
287 3713 507 3798 indulgeneiis
534 3716 662 3797 scilicet
688 3719 722 3782 et
743 3717 1008 3798 remissionibus,
1033 3716 1225 3798 invitamus,
1255 3719 1293 3781 ut
1320 3716 1440 3783 exinde
1463 3717 1647 3782 reddantur
1670 3718 1782 3782 divine
1803 3717 1912 3801 gracie
1937 3717 2137 3803 apciores4).

113 3817 297 3903 Cupientes
319 3821 433 3905 igitur,
462 3825 500 3888 ut
527 3823 667 3890 ecclesia
687 3825 800 3889 vestra
825 3823 861 3888 in
887 3824 1013 3889 bonore
1039 3823 1128 3889 beati
1157 3823 1290 3888 Martini
1318 3823 1470 3890 dedicata
1498 3822 1651 3906 congruis
1681 3823 1867 3889 honoribus
1895 3823 2136 3906 frequentetur,

114 3925 270 3991 omnibus
293 3947 372 3994 vere
394 3929 623 4012 penitentibus
646 3931 681 3996 et
703 3929 878 4012 confessis,
901 3929 959 4013 qui
987 3929 1161 3995 ecclesiam
1182 3928 1292 4013 ipsam
1321 3929 1356 3994 in
1383 3929 1469 3994 festo
1492 3930 1598 4012 ipsius
1631 3930 1863 3995 venerabiliter
1885 3930 2066 4012 visitarint,
2098 3930 2142 3996 de

112 4031 354 4116 omnipotentis
376 4034 438 4100 Dei
460 4034 688 4102 misericordia
714 4038 748 4102 et
771 4035 944 4102 beatorum
968 4035 1059 4100 Petri
1082 4037 1115 4100 et
1139 4034 1235 4101 Pauli
1266 4034 1494 4120 apostolorum
1524 4034 1596 4100 eius
1625 4036 1825 4101 auctoritate
1852 4035 1971 4101 confisi
1995 4037 2140 4119 quadra-

111 4134 200 4217 ginta
223 4137 299 4204 dies
322 4140 365 4206 de
387 4139 538 4208 iniuncta
559 4141 622 4208 sibi
645 4142 835 4226 penitencia
862 4141 958 4207 annis
988 4139 1124 4224 singulis
1146 4140 1404 4207 misericorditer
1431 4141 1618 4207 relaxamus
1626 4139 1663 4226 ⁵).
1710 4142 1833 4207 Datum
1857 4141 2011 4225 Lugduni
2035 4141 2139 4208 XIIII.

110 4239 282 4311 Kalendas
305 4244 515 4329 Novembris,
539 4247 753 4332 pontificatus
775 4249 881 4315 nostri
904 4267 994 4314 anno
1018 4251 1145 4313 octavo.

330 4349 353 4422 ¹)
371 4352 537 4406 abundantia
555 4352 580 4404 B
596 4353 652 4406 aad
666 4354 758 4408 immor
776 4357 788 4407 t
798 4354 851 4424 sair
869 4370 892 4411 c.
929 4351 952 4424 ²)
970 4353 1144 4406 nibilominus
1163 4352 1196 4408 B.
1233 4351 1256 4422 ⁸)
1275 4353 1351 4408 Dom.
1370 4353 1443 4406 redd.
1462 4352 1494 4408 B.
1533 4351 1557 4423 ⁴)
1576 4355 1738 4422 acceptiores
1757 4352 1789 4406 B.
1827 4353 1851 4424 ⁵)
1870 4354 1950 4408 relax.
1971 4354 2032 4407 mis.
2052 4352 2084 4410 B.

242 4436 337 4503 Noclc
359 4439 437 4506 Μεσ.
461 4437 489 4525 I,
513 4441 577 4505 111
603 4440 638 4508 S.
661 4441 703 4505 41
729 4443 787 4530 (A)
812 4443 878 4508 aad
898 4441 976 4507 Mac.
1000 4440 1028 4522 I,
1053 4440 1117 4506 110
1132 4441 1194 4527 sol.
1219 4440 1297 4506 42o.
1323 4441 1382 4529 (B)
1405 4445 1450 4506 im
1472 4440 1546 4528 Kgl.
1573 4440 1682 4508 sa-A.
1706 4445 1742 4506 in
1765 4441 1914 4507 Mamaea.

1076 4585 1170 4666 534.

110 4703 222 4802 Popst
253 4711 427 4784 Innocena
453 4709 522 4790 IV.
549 4711 706 4804 bestdttqt
732 4713 798 4787 dea
824 4714 954 4787 lisinas
982 4713 1134 4803 Gregors
1162 4711 1234 4789 IX.
1271 4713 1355 4786 atter
1381 4714 1437 4786 dia
1463 4735 1528 4802 oon
1554 4714 1631 4785 dem
1659 4713 1966 4805 Rovdioollcputen
1999 4713 2074 4787 Otto
2100 4715 2140 4785 in

347 4817 410 4890 der
435 4819 614 4893 mindencr
639 4816 768 4893 Kirolce
791 4820 1001 4912 petroffeaea
1026 4821 1309 4913 Etorichtungaa.
1363 4819 1463 4913 hyon
1492 4818 1594 4894 1250
1621 4819 1809 4892 December
1836 4819 1896 4893 18.

247 4933 345 5003 Gedr.
368 4933 479 5016 Fame,
503 4933 578 5004 PU.
608 4933 713 5022 Wesg‘.
740 4935 775 5003 S.
797 4935 865 5003 238
887 4935 947 5001 Nr.
970 4935 1047 5004 520.
1094 4937 1156 5004 Die
1179 4937 1270 5004 Bulla
1293 4937 1432 5025 Gregors
1455 4935 1527 5002 oben
1549 4936 1608 5004 Nr.
1632 4936 1709 5004 232.

277 5204 429 5298 Bisclvof
447 5209 588 5282 Jolcm
612 5231 678 5282 uon
704 5208 856 5282 Mtaden
881 5210 1014 5283 tuosctt
1039 5084 1108 5284 mci
1110 5083 1189 5283 31511.
1217 5209 1354 5284 necem
1381 5211 1521 5301 Horae.
1580 5209 1681 5285 1250
1707 5210 1895 5283 Deaember
1922 5214 1977 5282 14.

212 5326 388 5394 lohannes
412 5327 472 5393 Dei
501 5327 612 5412 gracia
633 5327 817 5394 Mindensis
846 5329 1023 5414 episeopus
1054 5328 1218 5395 universis
1244 5347 1384 5413 presens
1414 5329 1577 5412 scriptum
1598 5329 1719 5395 mauris
1748 5329 1891 5395 salutem
1922 5329 1959 5395 in
1981 5329 2138 5396 Domino.

102 5430 157 5496 Ad
181 5433 348 5499 noticiam
371 5437 441 5500 tam
464 5435 653 5500 futurorum
676 5453 777 5520 quam
798 5435 1010 5519 presencium
1032 5435 1208 5520 pervenire
1230 5436 1401 5517 volumus,
1425 5436 1517 5518 quod
1540 5454 1603 5501 nos
1625 5435 1856 5502 Burchardum
1880 5435 2137 5520 Carpentarium

213 5569 307 5616 Wsstf.
320 5570 461 5619 vra-sum
474 5571 514 5621 Vl.
1881 5560 1925 5625 20
