5086 6768
440 381 510 446 416
1357 393 1532 450 1284-1285

444 594 555 660 solent
576 592 769 659 testimonio
794 591 955 659 roborari.
1002 591 1128 656 Notum
1149 589 1248 672 igitur
1272 590 1315 655 sit
1338 589 1503 671 omnibus,
1537 590 1629 672 quod
1657 607 1718 653 nos
1745 589 1789 654 ob
1818 607 1965 654 amorem
1992 588 2054 654 Dei
2081 589 2334 672 omnipotentis,
2363 609 2471 671 aquo

446 700 538 766 bona
560 701 679 765 cuncta
701 698 922 783 percepimus
950 697 1120 779 largiendo
1146 701 1280 763 terrena
1301 696 1441 762 mercari
1471 696 1606 762 celestia
1634 696 1807 778 cupientes
1830 713 1984 760 mansum
2006 713 2112 760 unum
2141 695 2176 760 in
2199 695 2345 776 Vrilede‚
2373 715 2471 777 quern

446 806 486 871 de
510 824 610 871 manu
632 803 754 892 lnostra
780 803 952 871 iohannes
981 806 1015 868 et
1045 803 1267 870 Godescalcus
1299 805 1418 868 fratres
1449 803 1528 868 dicti
1558 803 1697 885 Selecop
1725 801 1846 867 milites
1876 801 1950 867 iure
1978 803 2157 867 tenuerant
2188 801 2321 881 reodau,
2353 805 2388 866 et
2415 821 2469 867 sex

445 931 552 995 agros,
580 931 664 995 quos
692 910 829 976 domina
857 910 1056 976 Frederunis
1086 913 1120 975 et
1148 891 1229 975 suus
1258 908 1347 973 filius
1379 909 1569 974 Reinnerus
1599 908 1678 973 dicti
1710 908 1753 974 de
1776 908 1907 973 Horreo
1934 908 1970 972 in
1998 908 2071 972 loco
2103 907 2161 990 qui
2192 907 2314 973 dicitur
2342 909 2469 973 Mersch
2534 923 2535 992 ἦ

443 1038 551 1103 prope
568 1019 699 1085 Lothen
721 1019 885 1084 hactenus
908 1017 1139 1100 possederunt,
1162 1016 1324 1099 priorisse
1347 1019 1382 1080 et
1398 1016 1575 1080 conventui
1600 1033 1755 1080 sororum
1778 1014 1814 1078 in
1831 1015 1961 1080 Lothen
1984 1033 2053 1080 una
2076 1033 2152 1078 cum
2167 1013 2326 1093 iratribus
2350 1015 2470 1079 nostris
2534 1031 2535 1072 1

444 1123 604 1191 Heinrico
627 1123 810 1190 Mindensis
834 1123 971 1188 ecclesie
994 1123 1129 1190 maioris
1145 1122 1303 1188 canonico
1327 1123 1360 1186 et
1378 1122 1502 1187 Ottoue
1526 1122 1569 1185 ob
1594 1121 1703 1186 anime
1726 1123 1841 1186 nostre
1857 1121 2042 1186 remedium
2062 1120 2248 1185 liberaliter
2271 1119 2471 1186 contulimus

444 1232 477 1296 et
500 1230 741 1315 assignavimus
775 1233 914 1314 propter
938 1231 1055 1310 Deum,
1090 1232 1128 1294 ut
1151 1229 1237 1294 dicte
1261 1247 1392 1292 sorores
1416 1229 1532 1310 eisque
1556 1228 1773 1293 succedentes
1801 1227 2039 1310 proprietatem
2068 1229 2101 1292 et
2126 1225 2287 1309 quicquid
2316 1225 2352 1289 in
2376 1226 2470 1290 honis
2534 1229 2535 1232 ’

445 1336 571 1402 eisdem
594 1337 774 1402 habuimus
797 1339 960 1419 perpetuo
984 1336 1196 1419 possidentes
1220 1337 1368 1400 nostram
1391 1336 1424 1398 et
1439 1338 1618 1418 parentum
1633 1337 1824 1398 nostrorum
1848 1336 1881 1398 et
1904 1333 2040 1398 fratrum
2064 1336 2099 1398 et
2114 1352 2266 1399 sororum
2281 1335 2471 1396 nostrarum

446 1443 573 1508 animas
597 1443 667 1508 suis
689 1443 811 1525 iugiter
833 1443 1120 1508 recommendatas
1143 1440 1351 1506 orationibus
1374 1441 1531 1506 habeant.
1587 1441 1631 1506 Ut
1655 1443 1766 1505 autem
1789 1441 1852 1504 hcc
1882 1441 2017 1505 donatio
2047 1441 2163 1504 nostra
2196 1441 2270 1503 rata
2302 1441 2336 1503 ct
2360 1439 2471 1503 incon-
2534 1465 2535 1536 1

444 1549 540 1615 vulsa
563 1551 767 1631 permaneat,
791 1568 930 1631 presens
954 1547 1113 1633 scriptum
1144 1548 1223 1612 inde
1251 1547 1440 1613 confectum
1463 1547 1627 1612 conscribi
1650 1547 1789 1612 fecimus
1820 1548 1853 1610 et
1884 1547 1993 1628 sigillo
2017 1546 2131 1610 nostro
2160 1547 2192 1609 et
2224 1545 2334 1627 sigillo
2363 1544 2470 1610 fratris

446 1655 551 1722 nostri
575 1655 723 1721 Heinrici
747 1656 897 1720 canonici
921 1655 1128 1721 communiri.
1173 1655 1259 1719 Acta
1281 1655 1360 1719 suut
1383 1653 1445 1718 hec
1468 1673 1557 1718 anno
1581 1652 1713 1718 Domini
1736 1650 2112 1717 M⁰.CC⁰.LXXX⁰.IIII⁰.
2158 1651 2277 1716 Testes
2301 1651 2403 1716 huius
2428 1650 2470 1715 rei
2534 1655 2535 1662 ’

446 1764 540 1827 sunt:
577 1761 731 1827 dominus
753 1761 946 1828 Bernardus
975 1761 1167 1844 capellanus
1190 1763 1305 1825 noster
1335 1760 1472 1841 comitis,
1504 1759 1697 1824 Volcmarus
1721 1758 1762 1823 de
1786 1759 1923 1838 stenen,
1953 1758 2179 1824 Godescalcus
2203 1757 2337 1839 Selcop‚
2370 1755 2471 1820 Bern-

447 1869 546 1936 ardus
570 1868 612 1932 de
634 1869 801 1949 Hermen,
824 1867 957 1949 milites
982 1870 1015 1932 et
1038 1867 1094 1932 alii
1117 1887 1218 1950 quam
1241 1867 1354 1950 plures
1377 1865 1444 1930 fide
1469 1866 1569 1950 digni.

581 1971 636 2038 Or.
660 1976 704 2038 im
727 1973 845 2036 Archiv
868 1974 921 2038 deo
944 1971 998 2038 Kl.
1025 1971 1167 2038 Locccun.
1213 1970 1315 2056 Siepal
1336 1993 1403 2035 com
1429 1969 1744 2056 Perqamentatreifen
1767 1969 1818 2035 ab.
1868 1968 1963 2034 Gedru
1987 1995 2014 2036 o.
2040 1968 2237 2054 Homero,
2269 1967 2471 2053 Caleaberper
2534 2005 2535 2076 3

666 2077 738 2146 UB.
764 2078 859 2144 Ahar.
885 2077 948 2158 ΙΙΙ,
974 2077 1007 2144 S.
1030 2076 1097 2142 274
1121 2075 1182 2145 Nr.
1208 2075 1283 2142 436.
2534 2079 2535 2112 l

1409 2239 1527 2317 1309.
2534 2231 2535 2320 l

450 2368 544 2456 Gru!
570 2367 731 2440 Gerhnrd
756 2390 822 2438 von
849 2367 954 2459 Hoyn
986 2367 1058 2439 and
1089 2368 1181 2437 scine
1207 2366 1351 2436 Butder
1378 2367 1563 2456 Heinrich,
1591 2366 1765 2437 Domherr
1790 2387 1854 2436 von
1884 2366 2048 2453 Mindon,
2079 2365 2153 2435 und
2183 2364 2258 2436 ouo
2292 2364 2469 2454 hestdtipen

502 2475 558 2546 dte
585 2475 694 2545 durch
721 2475 796 2545 ihre
823 2473 949 2544 Eltern
973 2473 1145 2562 pemachre
1172 2472 1372 2563 Schenlrunp
1398 2474 1490 2544 mnes
1517 2472 1741 2562 Ledeipcneu
1767 2495 1814 2542 osu
1841 2471 1901 2545 ln.
1920 2471 2050 2546 Lohde.
2097 2470 2280 2560 Nccnhury
2310 2468 2421 2542 1284.

557 2593 724 2657 Gerardus
748 2591 808 2657 Dei
831 2591 936 2674 gratia
960 2611 1071 2656 cornes
1094 2590 1129 2655 in
1153 2592 1249 2673 Hoya
1283 2591 1446 2656 universis
1475 2590 1648 2673 presencia
1672 2589 1790 2654 visuris
1820 2590 1874 2654 vel
1903 2589 2067 2654 audituris
2098 2588 2239 2654 salutem
2264 2589 2299 2654 iu
2323 2590 2468 2655 Domino.

449 2700 513 2766 Rei
536 2701 684 2783 exposcit
707 2698 844 2779 utilitas,
869 2700 906 2763 ut
930 2697 1046 2780 quevis
1069 2697 1155 2763 actio
1178 2698 1214 2762 in
1238 2717 1299 2762 suo
1323 2700 1443 2762 robore
1466 2698 1660 2780 permaneat
1682 2695 1881 2762 testimoniis
1905 2715 1944 2760 ac
1967 2695 2151 2779 sigillorum
2168 2695 2377 2778 appensione
2400 2715 2468 2778 per·

447 2806 623 2870 hennetur.
678 2805 783 2888 Igitur
813 2805 897 2869 scire
924 2805 1079 2868 volumus
1109 2807 1284 2886 presentes
1314 2823 1376 2868 nec
1410 2804 1512 2868 latere
1543 2805 1706 2887 posteros,
1742 2803 1833 2885 quod
1866 2822 1928 2867 nos
1959 2821 2027 2868 una
2054 2821 2130 2867 cum
2164 2800 2324 2867 fratribus
2352 2800 2468 2864 nostris

449 2910 585 2976 Hinrico
608 2910 790 2976 Mindensis
814 2909 952 2976 ecclesie
976 2910 1135 2976 canonico
1158 2911 1192 2974 et
1215 2910 1339 2974 Ottone
1365 2909 1592 2988 donacionem,
1615 2927 1717 2991 quarn
1739 2908 1891 2973 fecerunt
1914 2911 2010 2991 pater
2033 2910 2147 2974 noster
2174 2911 2208 2972 et
2230 2910 2338 2974 mater
2363 2912 2470 2972 nostra
2534 2969 2535 2988 ¹

448 3017 484 3082 in
507 3017 684 3083 Lodewico
714 3017 848 3099 famulO,
878 3036 978 3100 quem
1005 3017 1218 3081 contulerunt
1253 3017 1391 3082 cenobio
1420 3035 1458 3080 ac
1486 3015 1664 3080 conventui
1692 3013 1729 3078 iu
1752 3013 1893 3096 Lothen,
1921 3016 2027 3080 ratam
2054 3014 2218 3078 habemus
2249 3013 2350 3078 nichil
2379 3014 2468 3077 nobis

449 3124 520 3188 sive
543 3122 640 3189 dictis
663 3123 820 3188 fratribus
851 3123 973 3187 nostris
996 3122 1049 3187 vel
1072 3115 1203 3188 nostris
1227 3121 1407 3187 heredibus
1435 3121 1517 3186 iuris
1549 3121 1683 3205 inipso
1715 3123 1934 3185 reservantes.
1988 3120 2059 3184 Nos
2087 3139 2165 3202 ergo
2194 3121 2237 3185 ad
2263 3120 2371 3203 ipsius
2398 3120 2468 3183 facti

448 3229 556 3294 nostri
579 3229 772 3295 firmitatem
794 3229 967 3313 presencia
991 3228 1096 3311 sigillo
1120 3231 1236 3293 nostro
1259 3227 1418 3293 iussimus
1443 3226 1652 3291 communiri.
1694 3226 1812 3291 Testes
1836 3229 1928 3291 sunt:
1954 3226 2176 3292 Godescalcus
2200 3226 2310 3291 dictus
2327 3225 2467 3308 Selecop,

449 3337 642 3403 Volcmarus
666 3336 708 3400 de
732 3336 868 3416 Steden‚
904 3336 1103 3400 Gemandus
1127 3335 1169 3399 de
1193 3334 1358 3414 Hermen,
1393 3333 1564 3398 Arnoldus
1597 3335 1638 3398 de
1667 3332 1850 3416 Nienburg,
1880 3332 2011 3414 milites
2038 3332 2214 3397 Conradus
2245 3332 2410 3414 plebanus
2437 3331 2470 3394 in

449 3441 622 3525 Nienburg
645 3462 683 3506 ac
706 3441 861 3506 sacerdos
884 3440 1129 3523 Borchardus¹)
1159 3440 1283 3505 ibidem
1308 3440 1351 3504 ad
1375 3439 1477 3505 altare
1501 3440 1634 3505 domine
1658 3440 1770 3504 nostre
1792 3438 1994 3504 deserviens.
2041 3440 2164 3505 Datum
2191 3437 2366 3520 Nienburg
2389 3457 2470 3502 anno

448 3548 584 3613 Domini
606 3546 890 3614 M⁰.CC⁰.LXXX⁰.
915 3549 1044 3630 quarto.

666 3652 688 3724 ¹)
707 3653 753 3706 Or.
772 3653 956 3705 Borchandus.

587 3740 641 3804 Or.
665 3745 709 3806 im
730 3740 933 3822 Stiftaarchr'c
954 3763 995 3804 zu
1019 3739 1144 3825 Lernqo.
1190 3740 1244 3802 An
1267 3761 1324 3802 uon
1347 3739 1402 3804 der
1431 3736 1507 3805 Urlc.
1531 3739 1764 3824 pecchm’ttcnem
1788 3737 2102 3823 Perqomentstreifen
2128 3739 2268 3803 eremitat
2295 3751 2352 3823 qut
2374 3737 2471 3802 erlal-

665 3860 746 3912 ιω
776 3846 879 3932 sceqer
904 3851 961 3910 mn
989 3847 1044 3912 aa
1073 3844 1261 3931 amaran:
1295 3847 1375 3931 15.
1401 3846 1548 3911 nourr.
1573 3845 1772 3911 nannum
1796 3847 1853 3911 ou
1878 3845 2000 3911 Hom
2035 3845 2101 3908 aaa
2122 3843 2316 3930 aarum.
2365 3843 2474 3928 nerea
2534 3823 2535 3896 Γ

663 3953 759 4040 unp.
784 3953 880 4040 new.
905 3951 950 4033 rr,
977 3951 1010 4019 s.
1034 3952 1079 4016 25
1102 3949 1164 4015 rvr.
1187 3949 1264 4016 209.
2534 3963 2535 4000 ;

1404 4114 1516 4191 1310.

449 4243 521 4316 Die
550 4245 693 4316 Broder
719 4243 835 4332 Adolf
854 4244 927 4316 und
954 4241 1074 4314 Auen
1099 4240 1235 4330 Grafcu
1261 4263 1326 4313 uon
1345 4241 1603 4331 Schwolenberp
1629 4241 1831 4332 meretpnen
1856 4242 1919 4312 mit
1936 4239 2184 4332 Einwillipunp
2210 4239 2307 4311 darer
2325 4239 2470 4326 Bntder,
2534 4325 2535 4330 ¹

450 4351 509 4422 dea
535 4349 700 4440 Bischofs
726 4349 872 4440 Volqatu
899 4371 964 4421 uon
993 4349 1144 4420 Mindon
1170 4349 1242 4420 und
1269 4349 1329 4419 dcc
1348 4347 1598 4438 Dompropstea
1627 4347 1783 4420 Gatnther
1810 4369 1875 4418 oon
1895 4346 2120 4438 Mopdeburq‚
2148 4347 2226 4417 dem
2246 4346 2384 4434 Grafen
2403 4345 2471 4417 ouo

449 4479 514 4528 uon
531 4458 717 4528 Euaretein
738 4455 848 4528 Gttter
865 4457 903 4526 in
922 4455 1062 4543 Gestorf
1077 4457 1140 4525 mit
1158 4455 1235 4526 dem
1256 4454 1535 4526 Patronotsrecht
1563 4454 1627 4525 der
1645 4454 1798 4542 donipen
1816 4450 1949 4528 Kirche.
1996 4454 2095 4525 1285
2122 4453 2200 4542 (vor
2222 4451 2382 4524 Febnmr
2400 4451 2471 4540 19).

584 4573 680 4640 Gedr.
712 4571 817 4652 Weatf.
847 4569 918 4637 ΠΒ.
944 4569 1003 4652 IV,
1026 4569 1059 4635 S.
1082 4570 1149 4636 843
1171 4568 1232 4634 Nr.
1257 4567 1354 4649 1819,
1378 4595 1404 4638 n.
1430 4568 1628 4656 Hodenberp,
1655 4569 1861 4656 Calenberqer
1890 4567 1957 4634 ΠΒ.
1983 4569 2071 4636 Abth.
2091 4567 2154 4648 III,
2181 4566 2469 4644 8280111144,
2534 4561 2535 4644 1

665 4678 801 4764 Gramen,
829 4677 918 4764 Oriq.
947 4677 1104 4764 Pyrmont.
1130 4677 1164 4743 S.
1191 4675 1264 4756 112,
1302 4675 1434 4755 Scheidt,
1471 4673 1546 4740 Vom
1571 4678 1653 4742 Adel
1677 4675 1711 4742 S.
1734 4673 1810 4743 273.
1836 4675 1951 4762 Reqeat
1975 4700 2003 4739 o.
2029 4675 2180 4762 Spilcker,
2206 4675 2319 4742 Gesch.
2344 4677 2374 4742 d
2400 4672 2469 4738 dar.

662 4809 689 4850 u.
714 4783 875 4850 merswin
904 4782 973 4847 ΠΒ.
999 4783 1033 4849 S.
1060 4781 1133 4848 198.
1180 4783 1271 4861 Graf
1292 4780 1362 4847 Ouo
1382 4805 1441 4846 oon
1463 4781 1624 4848 masten
1650 4782 1806 4848 &derideat
1834 4805 1886 4846 am
1911 4780 1962 4847 19.
1988 4779 2134 4847 Febmor
2161 4783 2244 4848 dicae
2271 4777 2372 4847 Geor
2396 4777 2471 4845 nebat

665 4891 733 4956 dem
751 4890 1007 4956 Patronatsreclrt
1029 4891 1097 4954 dem
1118 4888 1171 4954 Kl.
1188 4888 1332 4968 Locrum,
1356 4891 1416 4974 opt.
1441 4913 1468 4952 v.
1481 4887 1668 4976 Hodenbery
1691 4913 1721 4954 a.
1739 4912 1769 4954 a.
1790 4886 1826 4956 0.
1850 4887 1910 4955 Nr.
1934 4887 2010 4968 445,
2037 4887 2163 4974 Grupen
2186 4913 2216 4953 u.
2234 4913 2265 4952 a.
2286 4887 2324 4955 O.
2351 4883 2468 4962 81116,

671 4995 777 5080 Weatf.
807 4995 877 5064 ΠΒ.
902 5020 932 5062 a.
956 5021 986 5061 o.
1011 4995 1049 5061 O.

1408 5107 1512 5184 1311.

454 5233 613 5325 Biachof
646 5233 792 5326 Volqutn
823 5257 887 5306 von
920 5233 1072 5306 Mindon
1095 5239 1251 5324 pestana
1283 5234 1355 5306 unct
1389 5233 1551 5305 habundet
1586 5233 1643 5304 dic
1678 5231 1930 5324 Verpfdnduup
1962 5231 2023 5304 des
2054 5231 2206 5305 Zehntcn
2237 5233 2276 5304 in
2311 5232 2468 5306 numm
2534 5229 2535 5232 ’

1038 5363 1085 5412 on
1113 5339 1174 5444 Kl.
1202 5340 1346 5415 Leocru
1401 5339 1551 5412 Mindon
1578 5337 1683 5412 1285
1710 5339 1819 5410 Mdrz
1846 5337 1907 5415 12.
