5062 6776
1054 358 1121 413 1275
2044 348 2113 414 329»

94 554 254 636 intingue
277 551 412 618 testium
436 552 487 616 vel
511 553 675 636 scripture
698 553 858 619 memoria
880 554 1095 636 perheunan'.
1141 555 1302 620 Noverint
1332 575 1410 637 ergo
1434 555 1590 632 universi,
1615 557 1719 638 quod,
1742 557 1851 639 cuml)
1875 559 1963 623 inter
1987 579 2049 624 nos
2072 579 2112 625 ex

95 683 163 740 una,
196 662 229 724 et
252 658 461 725 Gerhardum
485 659 645 723 famulum
670 659 795 723 dictum
819 659 860 724 de
883 659 1042 725 Welsede
1066 680 1106 725 ex
1129 663 1223 745 parte
1247 661 1351 725 altera
1373 681 1475 745 super
1498 662 1674 728 advocatia
1696 663 1839 728 duonun
1862 683 2054 731 mansorum
2078 666 2113 730 in

94 767 243 836 Northem
268 765 364 831 nobis
387 764 629 848 pertinentium
650 767 741 828 mota
764 764 881 830 fuisset
901 765 1106 848 aliquamdiu
1129 767 1266 832 materia
1290 767 1486 849 questionis,
1511 767 1638 851 idem2)
1662 768 1884 852 G(erhardus)
1909 790 1977 836 una
2000 771 2113 837 uobis-

94 895 160 941 cum
181 872 215 937 in
238 872 408 956 presentia
431 871 654 936 universitatis
677 871 820 936 militum
849 874 883 936 et
914 871 1130 956 burgensium
1138 873 1164 952 8)
1188 873 1434 939 Rintelensium
1463 875 1666 940 constitutus
1697 875 1876 958 resignavit
1905 879 2113 944 advocatiam

93 976 267 1067 predictam
289 978 332 1042 ad
354 996 474 1043 manus
498 977 660 1044 Reinardi
683 978 798 1043 famuli
822 977 902 1043 dicti
926 980 967 1044 de
991 978 1206 1060 Vorenholte,
1235 999 1255 1043 a
1278 999 1345 1063 quo
1369 981 1510 1044 eandem
1534 981 1567 1045 in
1593 982 1726 1062 pheodo
1749 984 1866 1048 tenuit.
1914 983 2111 1066 Regnardus

92 1107 162 1154 vero
189 1085 360 1167 predictus
396 1084 618 1149 incontinenti
644 1104 759 1148 coram
786 1085 883 1150 nobis
915 1088 949 1150 et
976 1085 1135 1169 predictis
1166 1085 1358 1152 hominibus
1390 1086 1644 1152 Rintelensibus
1678 1089 1884 1154 renunciavit
1915 1091 2006 1155 omni
2036 1091 2112 1172 iuri,

93 1190 208 1280 quod¹)
231 1191 296 1256 sihi
318 1191 354 1255 in
377 1191 551 1256 advocatia
572 1191 639 1256 iam
662 1190 751 1256 dicta
773 1194 963 1274 competere
987 1191 1165 1274 videbitur,
1189 1192 1249 1257 tali
1273 1193 1507 1259 nichilominus
1531 1194 1735 1275 conditione,
1765 1197 1855 1277 quod
1879 1215 1941 1262 nos
1964 1196 2113 1263 Arnoldo

93 1301 171 1368 dicto
194 1299 319 1382 Serape
344 1297 406 1363 civi
423 1297 610 1364 Rintelensi
629 1301 758 1363 tantum
775 1302 808 1362 et
831 1319 900 1363 non
923 1298 993 1363 suis
1016 1298 1195 1364 heredibus
1218 1300 1323 1364 dictos
1348 1300 1432 1366 duos
1456 1319 1589 1364 mansos
1618 1300 1660 1365 ad
1683 1305 1815 1384 tempus
1839 1303 1906 1367 vite
1930 1321 1990 1368 sue
2014 1301 2111 1382 subl)

92 1407 227 1494 quadam
255 1424 368 1470 annua
402 1406 563 1489 pensione
592 1405 817 1471 conferremus
853 1405 895 1471 ab
922 1405 997 1487 eofi)
1027 1405 1260 1489 possidendos,
1292 1410 1325 1470 et
1355 1425 1394 1470 eo
1419 1405 1611 1492 defuncto⁷)
1646 1406 1817 1492 eosdem⁸)
1855 1407 2033 1490 remittat9)
2068 1409 2113 1474 ad

91 1517 229 1579 nostram
254 1512 426 1577 ecclesiam
450 1510 571 1595 sine¹⁰)
595 1512 858 1577 contradictione
882 1511 1042 1594 qualibet.
1082 1513 1194 1577 Dictos
1218 1511 1384 1594 siquidem
1409 1532 1543 1576 mansos
1573 1513 1682 1578 eidem
1693 1513 1844 1578 Arnotdo
1868 1516 1934 1580 suh
1964 1515 2113 1599 predicta

90 1618 249 1686 sententia
273 1619 314 1683 ab
338 1617 429 1682 omni
453 1617 626 1683 advocatia
649 1618 771 1682 liberos
795 1617 995 1682 contulimus
1018 1618 1052 1682 in
1076 1618 1166 1682 hunc
1189 1619 1336 1696 modum,
1363 1619 1516 1683 videlicet
1540 1620 1630 1701 quod
1653 1620 1803 1703 prefatus
1821 1619 1991 1686 Arnotdus
2015 1620 2112 1684 nobis

90 1724 219 1808 singulis
245 1723 340 1788 annis
363 1725 398 1789 in
421 1723 532 1807 vigilia
554 1723 723 1789 Michaelis
747 1725 860 1788 decem
886 1724 1010 1789 solidos
1034 1723 1218 1790 Mindensis
1242 1728 1375 1789 monete
1400 1745 1529 1791 necnon
1555 1730 1587 1790 et
1610 1726 1724 1810 viginti
1748 1746 1805 1790 sex
1824 1727 1955 1791 modios
1979 1746 2112 1792 annone

90 1831 213 1896 maioris
238 1850 394 1895 mensure
418 1830 610 1910 Mindensis,
638 1831 794 1895 videlicet
821 1832 895 1896 octo
919 1829 1075 1912 siliginis,
1110 1834 1186 1894 octo
1210 1851 1329 1904 avene,
1359 1834 1487 1915 septem
1517 1832 1609 1896 ordei
1645 1835 1678 1896 et
1706 1834 1775 1897 tres
1810 1831 1909 1898 tritici
1938 1832 1973 1896 in
2001 1832 2113 1916 vigilia

90 1937 214 2002 Andree
240 1937 350 2000 Minde
373 1936 562 2018 persolvere
585 1939 748 2017 teneatur,
774 1937 924 2019 alioquin
947 1937 1068 2019 prelati
1090 1936 1198 2000 mansi
1228 1939 1270 2002 ad
1295 1957 1356 2000 nos
1385 1937 1488 2002 libere
1520 1937 1747 2003 devolventur.
1795 1939 1899 2003 Porro
1923 1939 2112 2021 sepedictus

89 2043 252 2108 Amoldus
282 2044 368 2108 hanc
399 2042 543 2124 graciam
571 2043 634 2107 sibi
666 2043 787 2108 tactam
816 2043 899 2108 nulli
927 2043 1075 2108 vendere
1108 2044 1197 2128 et¹¹)
1227 2044 1376 2109 conferre
1404 2044 1526 2126 poterit
1555 2047 1613 2109 aut
1625 2043 1663 2126 12)
1688 2043 1814 2127 aliquid
1841 2045 1876 2109 in
1905 2047 1969 2109 hoc
1992 2044 2112 2126 facere,

89 2151 170 2233 quod
192 2151 236 2214 sit
261 2151 374 2214 nostre
396 2150 601 2214 contrarium
623 2149 797 2215 voluntati.
844 2150 889 2214 Ut
912 2152 1024 2215 autem
1053 2169 1193 2233 presens
1224 2150 1383 2233 scriptum
1415 2150 1604 2216 inviolabile
1628 2155 1836 2234 perseveret,
1866 2151 1972 2232 sigillo
1996 2155 2112 2216 nostro

89 2261 118 2320 et
139 2256 223 2320 dicte
248 2255 389 2320 civitatis
414 2256 621 2320 decrevimus
645 2255 851 2320 communiri.
899 2257 1008 2321 Huius
1036 2256 1083 2320 rei
1112 2258 1215 2320 testes
1248 2260 1341 2322 sunt:
1374 2256 1573 2340 H(enricus)
1602 2257 1793 2340 prepositus
1821 2257 1856 2321 in
1880 2256 2049 2336 Ryntelen
2080 2259 2113 2321 et

88 2362 197 2426 tratres
222 2362 275 2427 sui
300 2361 490 2427 Gerhardus
514 2364 547 2426 et
570 2362 779 2445 Ludingerus
803 2364 845 2428 de
868 2361 1051 2428 Bardeleve
1074 2361 1197 2427 milites
1221 2367 1254 2428 et
1277 2362 1451 2428 Tidericus
1478 2362 1621 2429 famulus
1646 2363 1746 2427 trater
1771 2383 1904 2441 eorum,
1938 2362 2112 2428 Conradus

89 2471 124 2532 de
139 2468 321 2534 Bardeleve
337 2467 433 2532 miles
450 2471 482 2532 et
504 2468 566 2533 tilii
583 2469 635 2532 sui
651 2470 819 2551 liutgerus
836 2471 870 2534 et
886 2469 1059 2536 Conradus
1075 2468 1198 2549 famuli,
1221 2469 1390 2533 lohannes
1407 2469 1449 2534 de
1469 2470 1645 2552 Rottorpe,
1662 2469 1835 2533 Tiderieus
1855 2471 1896 2534 de
1913 2468 2112 2552 Helbeke1³)

88 2575 252 2640 Tidericus
277 2576 318 2640 de
340 2574 461 2656 Brolre,
484 2574 653 2640 Amoldus
677 2576 719 2639 de
741 2575 1005 2655 Boysinchusen‚
1030 2575 1199 2640 Henricus
1223 2577 1265 2640 de
1290 2575 1455 2658 Rottorpe
1478 2575 1621 2655 milites3
1649 2575 1863 2640 Borchardus
1888 2578 1921 2640 et
1943 2575 2113 2641 Amoldus

88 2685 197 2748 tratres
222 2683 266 2746 de
290 2682 489 2762 Getmunde,
514 2683 684 2747 lohannes
707 2683 749 2747 de
764 2682 971 2748 Mollenbelre
996 2684 1030 2746 et
1049 2681 1141 2747 tilius
1165 2702 1247 2747 suus
1263 2681 1489 2763 HermannuS,
1515 2682 1685 2748 Arnoldus
1702 2682 1743 2746 de
1758 2681 1958 2747 Varenholte
1982 2680 2111 2759 famuli3

88 2789 293 2854 Borchardus
317 2790 358 2853 de
382 2789 542 2866 Helbelre,
572 2787 746 2854 Conradus
770 2789 812 2852 de
834 2787 1012 2853 Eckersten
1036 2788 1176 2868 militeS,
1200 2793 1234 2854 et
1258 2789 1346 2853 dicte
1371 2787 1515 2854 civitatis
1538 2790 1704 2870 consules
1733 2787 1905 2853 Tidericus
1928 2789 1970 2852 de
1992 2788 2112 2869 Grove,

89 2897 176 2961 Alius
199 2896 350 2978 Magnus,
375 2894 546 2959 lohannes
571 2896 613 2959 de
638 2894 844 2972 Haverbeke,
868 2895 1037 2960 Arnoldus
1061 2896 1185 2978 Serape
1209 2895 1360 2960 similiter
1383 2895 1559 2976 consules;
1584 2893 1756 2960 lohannes
1772 2895 1988 2974 Monetarius‚
2012 2893 2112 2959 ‘lide-

89 3003 167 3067 ricus
191 3003 234 3066 de
251 3002 449 3066 Steinhereh
472 3001 666 3083 burgenses
689 3003 839 3083 preterea
862 3001 1061 3066 universitas
1085 3001 1308 3084 burgensium.
1349 3002 1434 3066 Acta
1457 3003 1538 3067 sunt
1562 3019 1649 3065 anno
1671 3001 1804 3066 Domini
1820 2999 2111 3080 M⁰.CC⁰.LXXV⁰.,

88 3109 151 3172 llll.
175 3110 254 3174 ldus
279 3107 365 3184 Maii,
389 3107 574 3172 indictione
596 3107 706 3172 tertia.

300 3213 321 3282 ¹)
341 3214 516 3266 communiter
526 3213 579 3283 fu‘r
597 3229 655 3267 euru
674 3215 744 3266 inter
763 3211 796 3265 A.
844 3212 865 3277 ¹)
884 3213 968 3266 eidem
989 3213 1022 3268 A.
1072 3213 1095 3278 8)
1116 3213 1283 3281 burgensium
1302 3212 1338 3266 A.
1385 3213 1409 3282 ⁴)
1428 3219 1454 3265 et
1474 3213 1507 3267 A.
1555 3211 1578 3280 ὓ)
1598 3227 1646 3264 sou
1666 3212 1699 3264 A.
1747 3211 1814 3277 ⁸)rs
1834 3211 1867 3264 A.
1917 3211 1938 3280 7)
1957 3209 2058 3264 dstmto
2079 3209 2112 3266 A.

410 3302 434 3372 ⁸)
452 3303 522 3355 idem
542 3301 576 3354 A.
615 3300 638 3370 ο)
657 3303 758 3355 remisit
776 3301 810 3354 A.
851 3300 886 3371 ιο)
905 3303 962 3354 sine
982 3317 1035 3369 qua
1052 3301 1139 3354 decem
1160 3301 1280 3370 quolibet
1298 3300 1333 3366 A,
1373 3302 1408 3371 ¹¹)
1426 3306 1457 3354 ut
1476 3303 1510 3353 A.
1550 3299 1585 3370 1·)
1604 3305 1635 3352 ut
1653 3300 1687 3353 A.
1727 3299 1762 3370 ²³)
1782 3300 1897 3353 Helbeks
1919 3301 1951 3352 A.

213 3389 380 3476 Abechrsfl
411 3391 465 3455 dea
500 3388 551 3455 16.
576 3389 691 3454 Jahrb.
719 3393 754 3454 in
784 3391 859 3456 Mae.
892 3387 1161 3474 V1L2702,fol.
1187 3388 1230 3455 73
1237 3413 1254 3453 o
1288 3392 1332 3452 im
1355 3389 1427 3474 Kpl.
1453 3387 1560 3454 St.·A.
1595 3409 1635 3453 aa
1658 3389 1797 3453 Mamor
1834 3389 1901 3472 (A).
1960 3389 2114 3454 Northen

296 3503 376 3561 wiist
400 3497 449 3560 bei
473 3496 606 3560 Rintelo.

1042 3675 1160 3755 1055.

89 3803 181 3892 Grus
195 3805 272 3877 Otto
300 3827 363 3876 oon
382 3804 603 3894 normalem
624 3803 696 3893 quc
723 3805 786 3876 orit
803 3805 1039 3895 Zustimmurp
1066 3806 1179 3876 seina
1198 3804 1300 3874 Fron
1328 3803 1510 3892 (Hcdwr'yl
1540 3802 1612 3874 aad
1638 3803 1749 3873 omnm
1775 3801 1935 3872 Brudars
1953 3801 2113 3891 51111519,

88 3909 248 4002 Propstes
275 3932 340 3982 ooo
365 3934 391 3986 s.
418 3911 558 3983 Johurm
584 3913 622 3982 in
652 3911 859 4001 Osrrobrrlclr,
885 3933 929 3981 au
955 3913 1083 3982 sunem
1109 3911 1182 3981 und
1208 3912 1322 3982 semer
1351 3909 1473 3980 littero
1503 3909 1686 3981 Seelcohcil
1713 3909 1777 3980 dos
1804 3907 1898 3978 Erbo
1926 3906 2113 3978 Modovvio

589 4017 641 4089 bei
668 4017 819 4089 Bactrum
847 4017 924 4088 dem
950 4015 1005 4092 Kt.
1035 4015 1261 4105 Murienseld.
1314 4014 1417 4086 1275
1443 4015 1522 4085 Auli
1550 4013 1610 4086 13.

187 4136 307 4202 Testes
331 4138 425 4200 sunt:
447 4133 631 4215 lohannes,
655 4136 860 4200 Reinbertus
882 4135 1001 4200 iratres
1025 4135 1066 4200 de
1090 4134 1203 4214 Rubo,
1226 4133 1430 4216 Rhegehode
1456 4132 1540 4214 Top,
1566 4130 1729 4197 Ludoltus
1746 4131 1859 4214 Neget,
1884 4130 2113 4196 Theodericus

87 4239 204 4324 Renes,
229 4242 399 4308 Henricus
414 4241 532 4320 Vinio,
557 4242 695 4320 milites3
720 4241 884 4306 Henricus
906 4240 1122 4322 Duvelesoop,
1147 4239 1340 4322 EgebertuS,
1365 4238 1493 4319 famuli,
1516 4241 1551 4303 et
1572 4237 1729 4304 officiales
1754 4237 1895 4303 comitis.

214 4345 312 4412 Gedr.
337 4371 363 4410 v.
388 4345 541 4425 Ledebur,
566 4345 684 4409 Archiv
707 4343 770 4423 III,
797 4344 830 4411 S.
854 4344 931 4423 307,
957 4343 1069 4430 Regaet
1098 4342 1203 4424 Westf.
1232 4342 1303 4407 UB.
1330 4340 1392 4424 III,
1417 4341 1452 4407 S.
1477 4342 1545 4407 498
1567 4340 1628 4405 Nr.
1651 4340 1727 4408 967.

1039 4559 1157 4637 1056.

87 4685 175 4777 Graj
205 4689 282 4761 Ouo
307 4711 372 4761 oon
402 4689 620 4780 maerstem
644 4688 802 4778 volanti
828 4689 890 4759 mit
909 4689 1146 4778 Zuslimmung
1171 4688 1281 4758 saluas
1307 4687 1474 4776 Bructero,
1502 4687 1614 4758 odam
1643 4683 1743 4756 Frau
1769 4684 1843 4755 und
1869 4685 1982 4756 seina
2000 4684 2114 4757 solae

209 4796 287 4868 dein
314 4793 369 4866 Kl.
397 4796 629 4868 Groreolrorst
658 4795 765 4867 duur
791 4794 864 4866 und
892 4794 1024 4884 Ho'rige
1050 4796 1088 4864 la
1114 4793 1329 4866 Rieserhcclr.
1386 4793 1729 4882 Rovmsher91275
1757 4791 1894 4881 August
1922 4789 1980 4868 13.

186 4913 267 4978 Otto
292 4933 403 4980 comes
426 4914 461 4978 in
484 4915 701 4996 Raveusberg
729 4914 885 4978 omnibus
908 4911 943 4976 in
965 4916 1177 4996 perpetuum.
1223 4912 1308 4978 Acta
1336 4911 1568 4996 sollempniter
1597 4910 1686 4976 delet
1708 4909 1851 4991 oblivio,
1880 4909 1945 4975 nisi
1968 4911 2072 4994 script
2095 4947 2111 4960 ·

84 5033 190 5082 rarum
214 5019 396 5086 fulciantur
423 5020 625 5086 testimonio.
672 5020 834 5086 Noverint
859 5019 972 5103 itaque
1002 5021 1072 5084 tam
1098 5018 1224 5104 posteri
1251 5039 1353 5102 quam
1382 5022 1571 5103 presentes,
1598 5017 1690 5100 quod
1720 5035 1780 5081 nos
1810 5015 1851 5082 de
1881 5036 2046 5082 consensu
2076 5023 2111 5084 et

86 5123 253 5192 voluntate
276 5126 388 5192 fratris
416 5126 523 5193 nostri
549 5126 718 5192 Lndewici
744 5125 906 5210 prepositi
938 5125 1077 5190 ecclesie
1105 5125 1212 5190 sancti
1241 5122 1406 5190 lohannis
1437 5125 1473 5190 in
1498 5122 1730 5197 Osenbmcke‚
1762 5121 1969 5208 Hathewigis
1997 5122 2111 5187 uxoris

85 5233 205 5312 nostre,
230 5251 408 5316 puerorum
432 5234 626 5299 nostrorum
646 5232 830 5298 Hermauni
859 5233 893 5296 et
917 5231 1085 5298 Ludewici
1116 5250 1247 5296 necnon
1277 5231 1427 5296 minium
1457 5230 1622 5296 heredum
1651 5233 1843 5294 nostrorum
1872 5229 2110 5313 proprietatem

84 5331 247 5404 bonorum
270 5341 303 5404 et
326 5339 499 5406 hominum
522 5339 566 5404 ad
581 5339 756 5404 ecclesiam
771 5337 960 5404 Riseubeke
982 5338 1208 5420 pertinentem
1230 5339 1302 5402 tam
1322 5337 1360 5402 in
1379 5337 1499 5420 pratis,
1523 5334 1668 5420 pascuis
1691 5333 1839 5420 piscinis,
1864 5334 1950 5418 agris
1966 5336 2001 5400 et
2017 5333 2112 5400 silvis

186 5475 482 5526 vanuum-aucun.
654 5492 657 5496 ·
1850 5443 1894 5506 42
