5058 6792
424 425 493 490 220
1420 432 1489 490 1260

1386 630 1464 707 739

424 759 572 850 Bisclvof
590 757 777 834 Widelo'ad
796 779 857 829 voa
876 757 1026 829 Miadea
1052 757 1149 829 sdbnt
1175 757 1248 828 sicli
1274 758 1336 828 ruit
1362 757 1425 828 der
1451 757 1733 845 oufstdadischeu
1752 757 1854 830 aaut
1871 755 2022 828 Mindon
2048 757 2122 828 aad
2148 757 2215 830 den
2239 781 2302 831 coa
2317 763 2424 836 uasa

931 863 1058 935 wieder
1084 885 1157 940 aas.
1212 861 1257 934 In
1285 861 1396 934 Novo
1425 861 1559 934 Castro
1588 861 1689 936 1260
1718 863 1858 937 Otrtober
1884 862 1946 934 27.

532 1003 571 1067 In
599 999 732 1066 nomine
761 1001 875 1064 sancte
902 1002 936 1065 et
962 999 1132 1065 individue
1158 997 1329 1064 trinitatis.
1375 998 1501 1063 Notum
1528 997 1572 1063 sit
1599 999 1756 1065 omnibus
1783 999 1961 1079 ortodoxis,
1996 998 2099 1081 quod,
2131 1017 2207 1064 cum
2233 1001 2316 1066 inter
2340 1023 2423 1070 vene-

423 1107 565 1174 rabilem
594 1107 767 1172 dominum
797 1104 1034 1170 Widelrindum
1057 1105 1263 1170 Mindensem
1292 1103 1490 1187 episcopum
1517 1124 1557 1169 ex
1580 1125 1647 1170 una
1673 1107 1768 1191 parte
1792 1108 1825 1170 et
1847 1105 1988 1170 heredes
2019 1123 2057 1170 ac
2079 1103 2199 1170 fratres
2222 1107 2371 1174 Friderici
2390 1110 2423 1177 de

424 1212 584 1296 Hasten1)
616 1232 656 1276 ex
680 1213 784 1276 altera
807 1231 909 1295 super
931 1211 1117 1277 hereditate
1139 1211 1246 1295 ipsius
1270 1209 1428 1275 Friderici
1451 1211 1484 1275 et
1506 1213 1596 1276 statu
1623 1210 1823 1277 conditionis
1851 1212 2033 1277 eorundem
2059 1214 2093 1276 et
2120 1230 2220 1294 super
2246 1213 2423 1295 quibusdam

426 1319 576 1385 articulis
614 1321 729 1383 contra
763 1317 929 1383 civitatem
959 1317 1166 1382 Mindensem
1201 1317 1308 1400 gravis
1344 1316 1515 1382 altercatio
1548 1319 1744 1396 verteretur,
1779 1315 2002 1382 mediantibus
2037 1316 2238 1400 quibusdam
2268 1321 2424 1400 canonicis,

423 1425 697 1491 ministerialibus
721 1443 760 1489 ac
782 1421 1005 1506 burgensibus
1021 1422 1248 1488 Mindensibus
1271 1421 1347 1486 talis
1371 1419 1553 1487 amicabilis
1578 1425 1611 1486 et
1632 1421 1744 1488 finalis
1768 1422 1963 1507 compositio
1986 1423 2176 1488 intervenit.
2222 1424 2307 1489 Dicti
2326 1425 2425 1492 fratres

423 1531 639 1609 Wernherus,
663 1529 847 1608 Meynricus
872 1532 905 1592 et
929 1528 1092 1593 Ludolius
1118 1527 1232 1612 quia2)
1256 1530 1373 1593 contra
1397 1527 1568 1592 dominum
1592 1527 1788 1611 episcopum
1812 1529 1998 1604 clamand0,
2033 1528 2200 1612 pulsando
2223 1532 2257 1595 et
2279 1531 2377 1613 ipsum
2397 1535 2425 1598 in

423 1637 555 1703 civitate
589 1635 791 1701 includendo
827 1635 1009 1700 tumultum
1038 1637 1071 1698 et
1099 1633 1299 1699 seditionem
1334 1633 1598 1716 excitaveram),
1633 1637 1702 1699 tam
1732 1634 1797 1717 ipsi
1825 1654 1929 1718 quarn
1958 1635 2157 1701 universitas
2187 1636 2323 1702 civitatis
2355 1639 2424 1702 datis

423 1742 640 1826 septingentis
676 1741 919 1825 quinquaginta
952 1740 1074 1805 marcis
1109 1740 1235 1822 argenti
1264 1741 1297 1805 et
1326 1739 1474 1805 exhibita
1502 1740 1728 1807 satisfactione
1757 1742 1969 1824 competenti,
2004 1740 2159 1808 videlicet
2189 1744 2226 1806 ut
2250 1744 2425 1810 universitas

424 1849 522 1913 nudis
558 1847 711 1931 pedibuS,
747 1850 901 1911 auctores
936 1866 1014 1912 vero
1051 1865 1127 1909 cum
1155 1845 1255 1928 virgis
1287 1844 1322 1908 in
1352 1845 1496 1910 camisiis
1534 1846 1648 1928 suis4),
1684 1847 1795 1912 eidem
1833 1847 1991 1930 episcopo
2027 1850 2121 1912 extra
2155 1868 2270 1914 muros
2304 1851 2425 1915 civitatis

423 1959 635 2019 occurrentes
665 1956 697 2017 et
726 1953 870 2036 pedibus
899 1952 968 2016 suis
997 1953 1145 2017 advoluti
1173 1953 1307 2017 veniam
1334 1951 1501 2017 humiliter
1530 1955 1707 2035 querentes
1738 1953 1849 2018 taliter
1879 1953 1988 2035 ipsum
2018 1973 2125 2035 usque
2148 1953 2183 2018 in
2206 1955 2327 2020 curiam
2348 1975 2425 2020 suan

425 2063 670 2144 prosequentes
692 2060 727 2123 in
751 2060 893 2142 gratiam
915 2058 1019 2142 ipsius
1043 2055 1234 2142 redirentl).
1281 2058 1459 2122 Adiectum
1482 2057 1616 2140 etiamn
1641 2057 1775 2140 exstitit,
1799 2062 1835 2122 ut
1851 2059 1885 2122 in
1901 2061 2100 2141 perpetuam
2116 2058 2230 2144 sactil)
2254 2063 2425 2127 memoriam

424 2166 581 2231 dominus
606 2167 780 2249 episcopus
804 2167 930 2228 curtem
955 2164 1300 2229 Hillewardinchusen
1324 2184 1399 2229 cum
1423 2164 1492 2228 suis
1517 2164 1700 2230 attinentiis
1723 2165 1863 2230 haberet
1886 2185 1948 2229 nec
1971 2164 2091 2247 aliquis
2116 2166 2228 2250 ipsum
2252 2168 2292 2231 de
2314 2168 2426 2232 civitate

422 2272 587 2338 Mindensi
621 2291 721 2355 super
755 2271 818 2336 hoc
847 2271 1058 2352 aliquatenus
1088 2271 1292 2351 molestaret,
1327 2290 1389 2354 pro
1413 2291 1480 2354 qua
1503 2274 1636 2338 centum
1660 2291 1787 2337 marcas
1811 2271 1876 2337 sibi
1899 2272 2061 2337 exhibitas
2086 2273 2250 2339 refirtavit.
2297 2273 2426 2352 Quodsi

425 2380 505 2444 dicti
528 2378 669 2443 heredes
693 2381 803 2442 ratum
825 2378 948 2442 habere
972 2378 1111 2456 nollent,
1143 2377 1297 2441 dominus
1322 2377 1498 2459 episcopus
1522 2378 1796 2460 compositionem
1820 2380 1943 2444 factam
1967 2379 2015 2442 eis
2039 2399 2171 2444 servare
2194 2380 2328 2446 minime
2349 2383 2426 2443 tene-

423 2487 526 2565 retur,
550 2485 642 2548 salva
666 2484 700 2547 in
724 2483 879 2548 omnibus
904 2483 1113 2548 ordinatione
1138 2502 1197 2547 seu
1223 2483 1465 2564 compositione
1489 2485 1636 2568 presenti
1645 2483 1673 2569 ¹¹)
1696 2483 1784 2548 inter
1807 2484 2003 2568 episcopum
2019 2487 2051 2548 et
2066 2485 2262 2568 burgenses,
2301 2487 2359 2550 Pro
2376 2485 2426 2549 hiis

423 2596 535 2656 autem
559 2591 715 2655 dominus
740 2590 917 2672 episcopus
941 2588 1121 2655 heredibus
1147 2589 1224 2653 dicti
1248 2589 1446 2674 F(1iderici),
1470 2591 1555 2655 sicut
1579 2611 1639 2674 per
1662 2591 1955 2656 commutationem
1978 2591 2020 2655 ab
2037 2590 2287 2674 osnaburgensi
2310 2590 2426 2656 ecclesia

422 2697 459 2763 in
481 2699 533 2762 ius
555 2696 823 2772 ministerialium
845 2696 1029 2760 Mindensis
1054 2696 1191 2760 ecclesie
1213 2698 1428 2778 transierunt,
1453 2697 1601 2763 omnium
1625 2697 1766 2762 aliorum
1790 2696 1956 2763 bonorum
1977 2696 2196 2762 hereditatem
2221 2701 2255 2762 et
2277 2698 2327 2762 ius
2348 2696 2427 2761 mini·

423 2803 606 2868 sterialium
630 2802 831 2884 recognovit.
881 2801 985 2867 Dictis
1009 2801 1145 2886 etiamss)
1168 2802 1324 2866 fratribus
1346 2803 1541 2881 Wernhem,
1566 2803 1731 2885 Meynrico
1755 2807 1788 2868 et
1812 2803 1954 2870 Ludollo
1978 2805 2011 2867 et
2034 2822 2151 2868 eorum
2174 2803 2290 2886 pueris
2312 2805 2428 2886 plenum

423 2911 476 2974 ius
504 2908 771 2974 ministerialium
802 2909 992 2992 assignavit.
1041 2908 1209 2990 Quicquid
1234 2907 1367 2987 etiam9)
1393 2909 1546 2974 dominus
1570 2911 1748 2993 episcopus
1771 2914 1888 2974 contra
1910 2908 2159 2974 universitatem
2183 2928 2287 2991 super
2309 2910 2367 2973 hiis
2386 2908 2427 2971 rel

423 3015 628 3098 quibuslibet
663 3015 735 3079 aliis
767 3014 929 3080 discordie
957 3015 1009 3079 vel
1033 3016 1183 3079 rancoris
1207 3015 1334 3094 habuit,
1369 3034 1430 3097 per
1452 3017 1538 3080 hanc
1562 3015 1837 3098 compositionem
1859 3015 2007 3080 totaliter
2030 3016 2081 3080 est
2104 3015 2263 3098 sopitum.
2309 3016 2428 3096 Insuper

421 3122 511 3185 idem
536 3121 713 3203 episcopus
737 3121 904 3185 civitatem
928 3122 960 3184 et
982 3120 1165 3202 burgenses
1189 3121 1223 3184 in
1246 3120 1336 3185 omni
1358 3120 1431 3185 iure
1455 3121 1674 3201 conservabit,
1710 3121 1801 3204 quod
1829 3122 1871 3186 ab
1900 3122 2168 3186 antecessoribus
2191 3122 2262 3185 suis
2286 3121 2427 3200 Conrado,

422 3228 600 3292 Wilhelmo
629 3229 663 3292 et
690 3229 841 3292 Johanne
878 3227 1043 3310 episcopis
1076 3229 1260 3292 noscuntur
1288 3227 1450 3292 hactenus
1478 3227 1644 3291 habuisse.
1693 3227 1878 3310 Burgenses
1903 3225 2035 3310 etiamn
2060 3227 2233 3292 dominum
2256 3228 2428 3309 episcopum

422 3336 457 3399 et
481 3333 654 3398 ecclesiam
689 3351 784 3397 suam
812 3333 902 3398 omni
930 3334 1001 3398 iure
1026 3336 1058 3397 et
1081 3333 1235 3398 libertate
1259 3333 1404 3416 gaudere
1426 3332 1631 3417 permittent,
1668 3353 1734 3416 que
1761 3333 1823 3397 sibi
1853 3334 1894 3398 de
1924 3334 1994 3398 iure
2023 3333 2192 3397 communi
2227 3335 2281 3399 vel
2311 3334 2429 3414 antiqua

421 3438 667 3504 consuetudine
691 3440 743 3504 vel
768 3438 916 3522 etiam10)
941 3439 1142 3521 specialibus
1166 3439 1346 3522 privilegiis
1370 3443 1562 3522 competere
1588 3439 1814 3504 dinoscuntur.
1863 3439 1960 3504 Hanc
1984 3439 2146 3524 autemll)
2170 3439 2430 3523 compositionem

422 3546 578 3610 dominus
602 3545 779 3627 episcopus
802 3563 865 3627 pro
889 3565 926 3610 se
950 3547 982 3609 et
1007 3545 1162 3609 omnibus
1186 3545 1255 3609 suis
1278 3546 1392 3610 amicis
1416 3545 1490 3630 aci)
1513 3544 1743 3626 familiaribus
1768 3545 1884 3610 civitas
1908 3544 2059 3631 etiam12)
2081 3563 2143 3627 pro
2168 3565 2204 3611 se
2229 3549 2264 3611 et
2286 3545 2351 3609 suis
2372 3545 2430 3608 lau·

421 3652 549 3718 toribus
558 3650 601 3734 13)
624 3651 778 3716 omnibus
807 3652 1045 3735 approbarunt.
1090 3650 1219 3729 Quodsi
1246 3650 1367 3733 aliquis
1396 3671 1435 3714 ex
1459 3651 1619 3716 alterutra
1627 3649 1666 3731 14)
1689 3655 1786 3735 parte
1809 3650 1945 3734 hanc¹⁶)
1969 3651 2245 3735 compositionem
2272 3650 2429 3732 intringere

422 3757 535 3838 vellet,
560 3757 737 3840 episcopus
762 3757 883 3822 civitati
908 3760 942 3822 et
966 3757 1080 3822 civitas
1104 3757 1263 3840 episcopo
1287 3757 1428 3822 invicem
1452 3757 1515 3822 sibi
1539 3757 1695 3822 assistent
1717 3776 1778 3839 pro
1803 3757 1929 3822 viribus
1953 3761 2116 3842 quantum
2140 3762 2293 3840 possunt.
2339 3756 2430 3820 Huius

422 3863 641 3930 ordinationis
670 3865 702 3926 et
729 3863 979 3946 compositionis
1010 3863 1210 3928 mediatores
1241 3866 1336 3928 erant
1366 3863 1579 3928 honorabiles
1606 3862 1669 3927 viri
1698 3863 1790 3929 Cono
1818 3863 2022 3946 scolasticus,
2057 3863 2217 3928 Ludolfus
2248 3861 2431 3938 cellerarius

423 3969 572 4052 Widego,
596 3968 758 4034 Ludolfus
776 3970 921 4034 decanus
938 3969 1159 4050 HamelensiS,
1183 3969 1319 4034 maioris
1337 3968 1475 4033 ecclesie
1491 3969 1651 4049 canonici,
1675 3967 1796 4033 nobilis
1811 3970 1862 4034 vir
1880 3969 2033 4034 dominus
2049 3969 2267 4035 Bernhardus
2284 3970 2323 4033 de
2340 3965 2432 4048 low),

423 4075 608 4159 Lippoldus
625 4076 666 4139 de
679 4075 859 4157 Mendele,
876 4075 1064 4141 Florentius
1081 4072 1368 4158 Wicbgraviusll),
1382 4075 1545 4140 Henricus
1560 4075 1600 4140 de
1613 4073 1875 4158 Dungerdenffl),
1893 4075 2136 4155 ministeriales
2153 4076 2336 4157 burgenses
2351 4091 2431 4138 vero:

288 4255 289 4258 Ἴ
423 4181 589 4246 Henricus
614 4182 655 4245 de
680 4179 926 4265 Holthusen19)
950 4181 1173 4246 Godescalcus
1198 4180 1239 4246 de
1262 4179 1420 4262 Bordere,
1444 4181 1686 4246 Wichmannus
1711 4181 1752 4246 de
1768 4181 1883 4261 Reme,
1907 4181 2085 4245 Bertoldus
2110 4180 2221 4264 Gloge.
2272 4182 2315 4246 Ut
2337 4183 2433 4246 autem

422 4289 484 4352 hec
515 4287 549 4352 in
576 4290 750 4371 posterum
779 4290 852 4351 rata
879 4288 1108 4369 permaneant,
1143 4306 1283 4369 presens
1318 4287 1440 4369 pagina
1474 4287 1599 4350 domini
1635 4286 1783 4370 episcopi
1815 4288 1847 4350 et
1875 4287 2013 4369 capituli
2043 4289 2076 4352 et
2103 4287 2246 4352 civitatis
2269 4283 2433 4352 Mindensis

423 4392 536 4474 sigillis
572 4393 699 4458 munita
732 4395 783 4457 est
817 4393 852 4456 in
886 4392 988 4458 robur
1023 4396 1185 4476 perpetue
1219 4391 1396 4470 firmitatis,
1431 4390 1569 4474 quod²⁰l
1601 4392 1805 4456 Wernherus
1842 4393 1987 4457 decanus
2021 4395 2054 4458 et
2081 4393 2265 4476 capitulum
2301 4393 2335 4456 in
2361 4391 2433 4454 hanc

423 4499 562 4564 formam
585 4498 836 4581 compositionis
862 4497 1071 4563 concorditer
1095 4501 1128 4562 et
1151 4499 1337 4562 voluntarie
1361 4501 1611 4562 consenserunt.
1658 4497 1746 4562 Acta
1768 4499 1849 4560 sunt
1871 4498 1933 4562 hec
1956 4517 2044 4562 anno
2067 4499 2200 4564 Domini
2225 4493 2433 4572 M⁰.CG⁰.LX⁰,

421 4605 456 4670 in
480 4605 576 4670 Novo
601 4605 718 4670 Castro
743 4606 776 4669 et
798 4605 834 4670 in
857 4604 968 4688 vigilia
991 4605 1145 4686 Symonis
1170 4607 1203 4668 et
1224 4604 1320 4684 lude,
1357 4624 1376 4666 a
1400 4603 1554 4686 capitul0,
1589 4603 1863 4668 ministerialibus
1891 4603 1971 4687 et¹¹)
1998 4605 2221 4688 burgensibus
2252 4603 2433 4689 approbata.

638 4727 659 4797 ¹)
678 4727 785 4780 Hastam
810 4726 846 4778 W.
885 4727 907 4796 ¹)
928 4729 973 4795 qui
995 4726 1023 4779 0.
1062 4727 1084 4796 ¹)
1104 4728 1304 4780 concitaverunt
1325 4724 1353 4778 C.
1392 4725 1415 4796 ⁴)
1434 4726 1650 4794 suis-pedibus
1662 4727 1737 4795 felrlt
1756 4724 1784 4780 C.
1823 4724 1847 4796 ³)
1868 4726 2004 4780 redierunt
2025 4725 2096 4780 CW.
2135 4727 2158 4797 ⁸)
2178 4732 2204 4780 et
2225 4725 2254 4781 C.
2295 4727 2317 4797 ¹)
2335 4726 2391 4778 fidei
2411 4720 2433 4792 C¹

743 4813 767 4885 ⁸)
787 4813 865 4868 Felrlt
885 4813 913 4867 C.
964 4817 986 4885 ¹³)
1006 4818 1084 4868 etiam
1103 4815 1178 4884 selilt
1198 4813 1225 4867 0.
1278 4814 1312 4884 ¹⁰)
1331 4816 1360 4866 in
1386 4815 1414 4867 C.
1464 4815 1498 4884 ¹¹)
1517 4816 1596 4867 etiam
1623 4814 1656 4866 itt
1707 4815 1741 4884 ¹¹)
1761 4829 1822 4868 vero
1844 4812 1872 4868 C.
1921 4815 1957 4885 ¹³)
1975 4815 2139 4868 sanctoribus
2165 4815 2200 4868 W.
2251 4815 2286 4887 ¹⁴)
2305 4815 2384 4868 altera
2408 4809 2433 4860 W·

744 4902 873 4974 ¹¹)Fetlt
889 4903 924 4955 W.
959 4903 994 4974 ¹⁶)
1008 4905 1066 4956 Lon
1081 4902 1109 4958 C.
1143 4901 1178 4972 ¹¹)
1191 4903 1344 4972 Wigravius
1367 4901 1398 4954 W.
1433 4902 1468 4973 ¹⁸)
1483 4903 1658 4956 Dunclrerdeu
1674 4901 1702 4955 Ο.
1736 4901 1939 4972 ¹¹)Holzbusen
1956 4901 1992 4956 W.
2026 4903 2062 4974 ¹⁰)
2080 4905 2142 4972 quia
2159 4903 2196 4959 W.
2228 4903 2266 4975 ¹¹)
2286 4907 2313 4956 et
2322 4901 2390 4971 setlt
2407 4897 2433 4952 ll'.

558 5009 728 5088 Adrobrift
752 5008 937 5073 Cutemoaua
959 5012 993 5072 irc
1016 5009 1093 5072 Mac.
1123 5006 1157 5073 Τ.
1181 5008 1225 5071 26
1249 5011 1305 5073 ool.
1330 5005 1356 5087 I,
1384 5006 1418 5073 S.
1441 5007 1509 5072 250
1530 5009 1596 5071 aad
1622 5007 1656 5070 Τ.
1680 5005 1725 5072 36
1747 5011 1803 5073 ool.
1829 5006 1894 5087 ΙΙΙ,
1922 5008 1954 5073 S.
1983 5009 2044 5072 131
2050 5009 2087 5094 ff
2116 5014 2159 5073 im
2181 5008 2255 5095 Kyt.
2283 5009 2382 5075 se-A.
2404 5027 2435 5066 ra

636 5113 804 5180 Haaaocer
828 5113 893 5199 (C).
943 5113 1038 5180 Gedr.
1070 5112 1265 5192 Wtirdtweia,
1292 5113 1380 5179 Sota.
1406 5113 1479 5200 dipl.
1505 5111 1565 5192 XI,
1593 5113 1689 5178 &13
1712 5112 1792 5202 (W).
1840 5114 1955 5201 Regeat
1975 5139 2002 5178 a.
2026 5113 2222 5200 Hodenberp,
2246 5114 2352 5202 Hoyer
2377 5109 2433 5174 ΗΒ.

636 5221 727 5286 aare.
759 5219 853 5299 vrri,
885 5219 918 5284 a.
944 5219 984 5285 71
1015 5219 1076 5283 rvr.
1102 5219 1145 5286 78
1173 5222 1240 5284 aaa
1262 5221 1338 5284 rrae.
1366 5217 1408 5296 rr,
1434 5218 1509 5301 rea,
1532 5218 1593 5284 m.
1616 5203 1662 5283 95
1683 5222 1749 5284 una
1770 5219 1845 5287 aco.
1894 5221 2240 5304 Hinewardinghusen
2264 5225 2307 5284 aa
2331 5215 2435 5300 uersa

636 5329 766 5413 diapeen
794 5326 839 5390 W.
863 5329 930 5390 und
950 5327 1008 5391 Kr.
1034 5327 1170 5392 illiadem.
