5058 6792
438 468 503 532 206
1426 477 1494 532 1258

434 677 465 742 N
469 697 487 740 e
510 677 746 742 modernorum
769 673 856 738 sacta
878 673 1024 756 legitima
1046 673 1115 738 ulla
1137 672 1315 738 vetustatis
1338 671 1515 756 posteritas
1537 671 1649 737 valeat
1672 672 1900 754 calumpniari,
1924 672 2069 754 expedit,
2085 675 2123 737 ut
2137 691 2206 755 que
2222 670 2284 737 rite
2298 677 2444 755 geruntur

433 783 621 848 litterarum
654 779 846 847 testimonio
880 780 1086 845 roborentur.
1134 778 1296 844 Noverint
1325 779 1442 861 itaque
1471 779 1539 842 tam
1569 777 1697 860 posteri
1728 797 1829 860 quarn
1857 780 2041 861 presentes,
2075 779 2166 861 quod
2192 797 2256 842 nos
2280 778 2445 846 amicorum

434 890 625 953 nostrorum
649 887 826 952 accedente
849 885 986 951 consilio
1011 888 1044 950 et
1068 885 1235 952 Ludewici
1258 884 1390 950 heredis
1411 884 1445 948 in
1461 883 1676 966 Ravensberg
1692 885 1725 948 et
1741 883 1889 949 omnium
1905 884 2066 948 heredum
2082 886 2273 949 nostrorum
2291 892 2444 951 annuente

434 1013 601 1059 consensu
634 992 757 1057 curtim
786 993 936 1058 nostram
964 993 1135 1058 Stemmen
1165 995 1197 1056 et
1220 991 1464 1075 proprietatem
1486 990 1636 1054 eiusdem
1659 992 1729 1054 tarn
1752 1009 1827 1053 cum
1851 989 1983 1072 pascuis
2007 1010 2108 1073 quam
2132 990 2244 1072 pratis
2267 993 2301 1056 et
2322 991 2445 1072 piscinis

434 1101 564 1166 ettam
595 1098 688 1164 silvis
723 1117 825 1181 quarn
858 1097 945 1182 agris
980 1098 1078 1163 cultis
1107 1101 1142 1162 et
1170 1097 1359 1163 excolendis
1383 1114 1515 1160 necnon
1538 1115 1614 1161 cum
1637 1095 1728 1161 omni
1750 1096 1938 1178 integritate
1961 1096 2131 1162 fructuum
2154 1097 2198 1161 ad
2222 1099 2360 1162 eandem
2380 1117 2445 1180 per-

434 1206 617 1271 tinencium
651 1225 712 1288 pro
743 1205 913 1287 sexaginta
943 1207 978 1269 et
1007 1204 1154 1287 quinque
1189 1203 1307 1268 marcis
1339 1201 1480 1269 cenobio
1509 1202 1552 1265 ad
1576 1201 1700 1266 Lacum
1723 1204 1836 1266 sancte
1860 1202 1962 1267 Maria
1984 1202 2197 1286 temporibus
2221 1204 2445 1270 venerabilium
2520 1233 2521 1244 ¹

433 1331 654 1396 personarum
678 1310 803 1376 domini
827 1309 995 1374 Thiderici
1017 1308 1180 1393 prepositi
1204 1308 1339 1374 claustri
1363 1307 1525 1373 nominati
1548 1327 1679 1373 necnon
1703 1308 1836 1373 domine
1852 1308 2026 1374 Gertrudis
2043 1310 2193 1375 eiusdem
2212 1310 2276 1376 loci
2293 1311 2446 1375 abbatisse

434 1419 507 1501 pari
530 1437 696 1483 consensu
719 1419 753 1481 et
776 1415 896 1481 affectu
919 1417 1047 1482 sincero
1076 1415 1285 1480 vendidimus
1314 1415 1376 1479 sub
1399 1415 1459 1479 tali
1484 1413 1683 1496 conditione,
1717 1419 1755 1481 ut
1778 1418 1942 1498 perpetua
1962 1415 2087 1481 ibidem
2110 1417 2318 1499 gaudeamus
2340 1416 2445 1481 frater·
2520 1499 2521 1504 ἵ

434 1525 538 1588 nitate
566 1526 600 1589 et
627 1524 807 1589 amicorum
838 1525 872 1587 et
900 1523 1111 1589 familiarium
1141 1525 1339 1602 nostrorum,
1375 1521 1432 1604 qui
1461 1521 1502 1585 de
1529 1521 1594 1586 hoc
1624 1521 1736 1586 seculo
1766 1520 1821 1603 pie
1845 1522 2071 1602 decesserunt,
2107 1522 2273 1587 memoria
2295 1523 2445 1603 usquein

435 1630 676 1713 sempiternum
700 1628 905 1710 observetur,
928 1628 1082 1693 videlicet
1105 1628 1235 1693 comitis
1258 1625 1437 1706 Ludewici,
1461 1626 1590 1692 comitis
1614 1626 1725 1692 Adolfi
1750 1628 1791 1693 de
1814 1628 1914 1693 Dasle
1937 1647 2069 1712 necnon
2084 1627 2239 1694 Alheidis
2263 1627 2373 1693 uxoris
2394 1647 2445 1692 sue

435 1740 469 1802 et
492 1737 649 1802 comitmn
672 1735 783 1801 Adolfi
807 1737 842 1799 et
865 1734 995 1799 Ludolii
1030 1737 1064 1800 et
1093 1738 1207 1800 nostra
1238 1753 1367 1799 necnon
1395 1731 1541 1798 filiorum
1572 1736 1772 1813 nostrorum,
1807 1753 1883 1798 cum
1911 1734 2023 1800 debita
2047 1737 2163 1800 nature
2186 1734 2445 1818 persolverimus.

435 1842 545 1907 Huius
572 1840 771 1906 venditionis
807 1841 876 1905 sive
905 1839 982 1904 facti
1013 1842 1117 1906 testes
1145 1841 1240 1904 sunt:
1274 1839 1376 1904 frater
1400 1839 1578 1921 Helpricus
1602 1858 1733 1904 necnon
1757 1838 1860 1903 frater
1884 1839 2041 1904 Hinricus
2065 1841 2184 1906 domus
2209 1841 2390 1906 Mindensis
2411 1841 2445 1904 de

434 1947 551 2013 ordine
573 1947 834 2029 Predicatorum,
858 1946 1044 2012 Fridericus
1068 1947 1272 2029 cappalanus
1296 1948 1329 2011 et
1352 1945 1495 2030 scriptor
1517 1947 1553 2010 in
1575 1946 1802 2028 Ravensberg,
1834 1946 1987 2010 dominus
2012 1946 2200 2013 Hartradus
2226 1947 2334 2011 dictus
2356 1945 2444 2024 Wull,

435 2053 589 2120 dominus
614 2053 811 2118 Ludewicus
836 2053 940 2134 Hake,
965 2053 1155 2118 Gerhardus
1179 2055 1212 2117 et
1235 2051 1406 2118 Gotlridus
1429 2051 1547 2115 fratres
1571 2051 1651 2115 dicti
1674 2051 1715 2115 de
1730 2050 1924 2129 Quernhem
1947 2055 1981 2118 et
2004 2052 2061 2116 alii
2084 2073 2186 2134 quarn
2211 2052 2334 2134 plures.
2373 2051 2444 2114 ltem

434 2163 473 2226 ut
501 2161 535 2224 in
562 2159 649 2225 facto
680 2161 749 2222 tam
778 2159 924 2241 legitimo
948 2158 1039 2223 nulla
1061 2160 1097 2223 in
1119 2160 1291 2240 posterum
1313 2157 1420 2240 possit
1443 2156 1644 2223 intervenire
1667 2157 1868 2240 calumpnia,
1903 2159 2091 2239 presentem
2126 2157 2286 2241 paginam
2320 2157 2444 2220 fecimus

435 2265 599 2331 conscribi
617 2267 650 2330 et
666 2265 849 2348 sigillorum
871 2267 1061 2330 nostrorum
1078 2264 1262 2330 munimine
1278 2264 1436 2330 roborari.
1475 2265 1597 2328 Datum
1612 2263 1647 2327 in
1664 2263 1881 2346 Ravensberg
1897 2283 1984 2328 anno
2001 2263 2132 2328 Domini
2149 2261 2444 2340 M⁰.Cc⁰.L⁰.vfl1⁰.,

434 2372 470 2436 in
492 2371 601 2454 vigilia
624 2371 713 2436 beati
736 2370 859 2436 Mathei
882 2371 1033 2453 apostoli.
1548 2453 1550 2458 Ι

569 2475 623 2540 Or.
648 2479 691 2538 im
715 2474 788 2560 Kyl.
815 2474 919 2539 sc-A.
947 2497 987 2538 zu
1009 2473 1185 2554 Hannooer,
1217 2475 1390 2539 Morieneee
1419 2473 1478 2539 Nr.
1502 2474 1556 2540 66.
1603 2475 1658 2539 An
1680 2477 1735 2540 der
1762 2473 1913 2540 urrann
1934 2476 2056 2560 tcinpen
2087 2475 2116 2540 1.
2143 2474 2250 2560 Sr'epel
2271 2476 2327 2539 der
2348 2473 2446 2554 Grrifin

648 2580 809 2658 trattati,
834 2581 922 2644 etorlc
949 2580 1136 2666 beectddr’qt,
1160 2580 1190 2647 2.
1215 2583 1269 2645 dea
1292 2581 1416 2662 Groferr
1442 2580 1589 2648 Orneon
1612 2581 1818 2667 Recentorp,
1841 2580 1872 2647 3.
1897 2582 1950 2644 dee
1973 2579 2245 2662 Grofen.brcdotf
2263 2603 2320 2645 oon
2333 2579 2443 2654 Doeeel,

651 2688 844 2753 sdmmtticlre
872 2692 972 2772 toenio
1001 2687 1185 2753 erkenndar.
1243 2686 1337 2752 Gedr.
1368 2712 1396 2752 o.
1421 2685 1619 2773 Hoderrberp,
1657 2686 1857 2774 Calenberper
1890 2685 1920 2751 U
1923 2687 1962 2750 B.
1993 2686 2091 2750 Abit.
2123 2685 2156 2766 V,
2190 2687 2227 2752 S.
2251 2685 2294 2750 61
2324 2684 2378 2750 Nr.
2399 2681 2445 2748 67.

652 2791 803 2858 Summers
825 2798 869 2857 im
891 2795 1018 2860 tannen.
1044 2793 1187 2858 Londlcr.
1213 2793 1344 2858 Isindra.

1384 2974 1457 3052 701
1465 2992 1506 3053 a.

437 3101 608 3172 Eclellrerr
633 3097 818 3171 Berntord
844 3122 908 3171 aur
936 3101 1049 3193 lippe
1076 3102 1148 3171 nod
1174 3103 1267 3172 scine
1296 3101 1395 3172 Fron
1424 3097 1575 3195 Sophia,
1604 3101 1793 3174 comitissa
1820 3102 1866 3172 de
1895 3101 2146 3196 Ravensberg,
2174 3107 2289 3172 setara
2312 3098 2443 3190 perneta-

434 3206 617 3295 sclrofllr'clv
643 3208 706 3278 mit
733 3208 810 3278 dcrn
838 3207 1014 3278 Konoerrte
1042 3209 1103 3278 der
1129 3207 1172 3277 tl.
1202 3207 1327 3278 Morio
1353 3209 1392 3277 in
1424 3206 1611 3298 Irippstoctt
1634 3209 1776 3297 pauisse
1810 3207 2077 3297 Verordnunyen
2104 3210 2142 3278 in
2168 3205 2286 3298 Berup
2312 3204 2379 3292 auf
2397 3202 2443 3273 dic

717 3312 909 3401 Einttinste
937 3314 997 3384 des
1021 3320 1214 3402 percunctere
1242 3314 1399 3384 Ktosters
1426 3312 1502 3401 fest.
1558 3313 1744 3404 Dippstodt
1773 3313 1875 3387 1258
1903 3314 2180 3405 deprevatum.

569 3427 682 3513 Repeat
703 3427 795 3515 [app.
819 3428 917 3515 Reqp.
942 3429 969 3508 J,
996 3429 1029 3495 S.
1045 3429 1112 3494 206
1135 3427 1195 3492 Nr.
1211 3426 1287 3496 299.
1336 3428 1448 3516 Sophia
1470 3453 1539 3494 soor
1561 3431 1611 3496 die
1633 3435 1736 3496 zoae
1762 3429 1928 3496 Galatia
1951 3430 2134 3495 Berotards
2157 3427 2254 3516 (HD,
2277 3433 2357 3494 aeine
2377 3435 2444 3490 erate

649 3558 717 3599 rear
742 3535 856 3621 Sophia
877 3557 935 3600 oon
960 3534 1125 3621 Amwbery,
1149 3525 1209 3621 opt.
1235 3560 1265 3599 o.
1283 3560 1312 3598 a.
1330 3533 1367 3600 O.
1392 3533 1470 3600 Note
1491 3558 1531 3599 zu
1552 3534 1611 3602 Nr.
1628 3535 1693 3600 321
1716 3537 1783 3601 und
1803 3549 1896 3601 unm
1918 3534 1978 3598 Nr.
1998 3534 2070 3601 765.
2117 3535 2246 3602 Errtere
2268 3536 2350 3599 karra
2370 3529 2443 3595 nult

648 3645 706 3704 mit
729 3640 901 3706 Siclrerlrer't
930 3645 964 3706 io
992 3643 1049 3707 den
1081 3641 1297 3706 Stommboum
1324 3644 1379 3706 der
1409 3641 1533 3722 Grafen
1555 3664 1612 3707 oon
1636 3641 1838 3728 Rooonoberp
1871 3643 2039 3729 sinperer'lrt
2069 3643 2199 3708 werdm.
2248 3641 2293 3706 Ob
2315 3643 2358 3704 aie
2378 3647 2444 3701 eruo

647 3748 1014 3812 materterarum
1039 3747 1161 3834 Sophia,
1190 3747 1220 3812 T
1216 3750 1318 3813 ociter
1340 3747 1491 3834 Inrdurqo
1509 3747 1547 3826 I.‚
1572 3749 1621 3812 die
1646 3752 1693 3830 (in
1715 3761 1812 3814 crater
1834 3747 1914 3836 Ehe)
1939 3753 1996 3813 mit
2017 3750 2086 3814 dem
2101 3747 2277 3814 Edellvcrrre
2299 3743 2444 3810 Heruwnn

648 3875 706 3916 von
728 3852 819 3918 Holte
849 3856 921 3940 (opt.
947 3853 1007 3921 Nr.
1033 3854 1111 3941 409)
1144 3856 1325 3920 uerleirotet
1353 3855 1440 3918 mor?
1478 3893 1515 3902 -
1552 3853 1599 3917 Eo
1620 3878 1694 3940 mop
1717 3855 1866 3941 abriperer
1889 3856 1957 3920 lrier
1981 3854 2116 3920 bernerkt
2136 3855 2268 3934 werden,
2304 3853 2376 3915 dass
2402 3845 2445 3910 iclr

648 3960 774 4045 darauf
791 3961 951 4025 verziclvtet
972 3960 1059 4039 labe,
1085 3962 1144 4024 alle
1173 3958 1353 4038 Urkunden,
1377 3965 1412 4024 in
1434 3959 1566 4024 walchen
1588 3962 1671 4026 dicae
1696 3960 1809 4047 sophie
1830 3961 1927 4027 nabere
1949 3963 2048 4026 iterem
2064 3962 2179 4025 Manno
2200 3960 2360 4038 ersclcint,
2383 3951 2444 4029 aus·

647 4066 814 4130 aureuma
835 4068 902 4130 und
922 4089 984 4130 rtur
1006 4065 1175 4152 dicimipen
1200 4065 1434 4152 bemckeiclrtiqt
1456 4064 1545 4144 tabe,
1570 4067 1680 4131 welche
1703 4091 1761 4131 oua
1784 4069 1842 4132 den
1863 4071 1908 4131 im
1929 4065 2068 4133 Vorwort
2083 4065 2292 4152 onpepebeneu
2308 4059 2445 4130 aarum

648 4172 734 4236 nicht
756 4170 950 4258 therpanqen
972 4174 1094 4237 werden
1117 4174 1251 4254 dorstet.

1405 4353 1495 4430 702.

435 4473 587 4564 Bisclof
621 4476 807 4550 Wdelrind
838 4499 901 4548 oon
936 4479 1084 4549 Minden
1119 4478 1321 4571 oerpfdndet
1354 4481 1410 4551 die
1443 4479 1623 4552 villicatio
1657 4482 1696 4552 in
1724 4479 1943 4552 Moodelstolr
1975 4482 2051 4551 dem
2077 4480 2192 4552 Ritter
2217 4479 2364 4553 Hcrbert
2389 4489 2443 4542 cun

637 4583 854 4655 Moudetslolr
880 4583 942 4672 fair
968 4584 1115 4656 leundert
1142 4586 1215 4657 und
1240 4588 1393 4676 rwonrip
1420 4586 1553 4657 cremer
1580 4586 1698 4657 Morte.
1757 4585 2031 4658 Mtauen1258
2060 4586 2203 4658 Olrtober
2229 4585 2265 4657 2.

570 4702 687 4766 Testes
703 4701 802 4766 huius
819 4702 865 4766 rei
882 4705 975 4768 sunt:
998 4704 1180 4769 Wernerus
1204 4705 1361 4784 decanus,
1386 4704 1479 4768 Cono
1503 4703 1708 4786 scolasticus,
1733 4704 1895 4772 Ludolfus
1918 4704 2108 4784 celerarius,
2133 4703 2290 4769 Hinricus
2306 4703 2346 4767 de
2361 4696 2443 4770 Slon,

438 4807 606 4872 Gerardus
622 4811 747 4888 cantor,
782 4808 939 4890 Wedego,
975 4808 1138 4875 Ludolfus
1166 4811 1417 4876 archidiaconns
1446 4811 1483 4876 in
1505 4810 1607 4892 Osen,
1641 4809 1766 4892 Bruno,
1801 4812 1970 4876 lohannes
1994 4811 2036 4875 de
2058 4810 2205 4890 Buclren,
2239 4804 2386 4874 Iordanis
2408 4799 2443 4862 de

438 4913 685 4997 Callenthorpe,
716 4913 884 4980 Gerardus
916 4915 958 4980 de
981 4915 1196 4998 Herevordia,
1225 4917 1399 4982 Conradus
1424 4919 1464 4982 de
1487 4916 1755 5002 Ward(enberg),
1788 4915 1943 5000 magister
1965 4916 2145 4996 Amoldus,
2177 4916 2387 4982 Hermannus
2407 4905 2443 4968 de

439 5019 527 5084 Hoia
549 5021 715 5101 canonici;
749 5020 940 5086 Bernardus
969 5021 1089 5086 nobilis
1120 5023 1160 5087 de
1189 5021 1247 5102 Lo,
1283 5021 1467 5105 Lippoldus
1496 5025 1537 5089 de
1560 5023 1741 5104 Mandeslo,
1777 5023 1989 5088 Hermannus
2013 5024 2055 5088 de
2077 5022 2201 5103 Buren,
2236 5019 2387 5086 Hinricus
2407 5010 2443 5074 de

437 5126 619 5207 Bottlethe,
654 5124 842 5193 Fridericns
866 5130 907 5194 de
931 5128 1137 5210 Steigerden,
1172 5130 1340 5194 Gerardus
1369 5130 1411 5194 de
1435 5129 1584 5210 Hornen,
1620 5129 1782 5195 Ludolfus
1810 5130 1852 5196 de
1878 5129 2057 5210 Nienborg,
2092 5129 2254 5194 Ecbertus
2280 5115 2441 5192 Vriedacb,

439 5231 650 5297 Lothewicus
674 5234 875 5299 marscalcus
898 5233 1037 5314 milites3
1065 5234 1201 5299 Florelre
1224 5235 1465 5318 Wichgravius,
1489 5234 1651 5300 Ludolfus
1674 5238 1706 5300 et
1730 5235 1926 5300 Tlridericus
1950 5235 1992 5299 de
2015 5234 2199 5314 Mandeslo,
2222 5235 2385 5300 lohannes
2406 5221 2441 5285 de

438 5339 578 5420 Elesen,
609 5339 768 5422 Gerlagus
791 5339 992 5420 Advocatus,
1021 5341 1132 5405 Bruno
1160 5341 1202 5404 de
1226 5341 1473 5426 Hnddestorpe,
1502 5341 1671 5407 lohannes
1702 5341 1743 5407 de
1766 5341 2038 5424 Serrninghusen,
2067 5339 2241 5406 Conradus
2272 5340 2314 5404 de
2335 5331 2441 5401 Geien·

435 5445 555 5528 husen,
578 5443 703 5512 famuli.
