5112 6768
444 423 511 488 514
1381 437 1556 494 1297-1298

446 642 630 714 Hermann
658 661 721 710 von
751 639 912 710 lldnstcr
938 660 1001 709 con
1029 639 1100 709 ilem
1126 663 1169 709 aa
1196 639 1294 711 Lelm
1320 645 1408 729 truc,
1442 639 1509 710 den
1535 638 1617 729 Hos
1636 641 1672 712 in
1710 639 1985 733 Volmerdinpsen
2013 641 2410 740 (Volemerinchusen)
2439 648 2472 716 in

442 747 508 820 der
534 745 723 834 mindener,
752 745 824 816 und
851 745 917 816 den
944 744 1024 833 Hos
1055 743 1214 834 Wcrtlof
1237 747 1273 816 in
1302 745 1364 816 der
1391 744 1616 818 omannccer
1633 745 1786 837 Dictaeae,
1814 749 1877 820 mit
1894 748 1958 820 der
1978 750 2081 840 Bittc,
2109 749 2175 822 den
2194 751 2338 840 Kaulcr
2366 753 2472 824 demit

1115 873 1158 921 aa
1185 850 1350 923 belcham.
1408 850 1511 923 1297
1539 852 1726 924 December
1753 850 1787 924 1.

577 969 672 1034 Gedr.
708 966 842 1046 Mese-rt,
878 968 993 1033 Minci.
1030 965 1258 1034 Urlc.-Somml.
1290 965 1349 1044 IV,
1387 967 1421 1034 S.
1451 964 1528 1032 329.
1586 967 1699 1054 Reqcet
1731 995 1758 1034 a.
1789 971 1997 1050 Milverctcdt‚
2033 971 2132 1059 Reqp.
2168 974 2302 1060 archiep.
2341 975 2472 1060 Μαρᾶει

659 1074 748 1158 bury.
773 1071 836 1151 III,
867 1073 901 1138 S.
925 1071 992 1136 365
1019 1071 1078 1136 Nr.
1102 1071 1177 1138 963.

1398 1202 1517 1281 1605.

441 1330 577 1420 Herzog]
607 1328 795 1400 Bernbcrd
821 1351 882 1399 von
913 1327 1063 1400 Sachsen
1090 1328 1283 1417 cheremon
1310 1328 1387 1400 dem
1414 1327 1469 1403 ΚΖ.
1488 1329 1638 1401 Icccnm
1665 1331 1720 1401 ein
1751 1329 1822 1402 (int
1848 1331 1886 1401 in
1910 1329 2273 1420 Gravincborstelde,
2301 1334 2371 1404 das
2398 1335 2472 1406 scin

489 1435 700 1507 Ministcrial
728 1433 847 1504 Alcen
873 1456 936 1504 con
963 1433 1162 1505 Hinncbcclc
1185 1457 1291 1524 pecca
1318 1436 1392 1506 cine
1418 1434 1513 1507 balbe
1541 1435 1717 1507 bolldndcr
1744 1435 1842 1524 ΗΜΘ
1869 1437 1940 1508 ilem
1966 1437 2161 1508 merasce
2187 1439 2254 1510 bot.
2310 1438 2427 1512 1297.

577 1551 672 1617 Gedr.
697 1577 724 1615 c.
749 1549 944 1636 Hodcndery,
972 1549 1178 1636 Calmberyer
1205 1549 1277 1614 UB.
1308 1551 1405 1619 Abte.
1432 1550 1493 1630 III,
1520 1551 1553 1617 S.
1570 1552 1637 1615 322
1660 1551 1719 1618 Nc.
1735 1553 1813 1618 516.
1868 1551 1976 1638 Weyen
1999 1556 2309 1622 Grevincborstelde
2334 1559 2397 1640 cyr.
2423 1559 2471 1621 deb

655 1656 734 1723 Note
756 1681 795 1721 aa
818 1656 878 1720 Nr.
902 1657 956 1723 28.
1004 1654 1041 1721 In
1066 1657 1121 1721 der
1150 1655 1224 1723 Urlc.
1250 1657 1345 1721 cteclrt
1368 1661 1416 1722 ein
1440 1655 1568 1734 chler;
1591 1659 1742 1723 cntcceder
1764 1663 1806 1722 iet
1828 1659 1883 1724 der
1899 1657 2000 1724 Namc
2023 1661 2075 1724 dea
2099 1660 2288 1726 Amemtere
2311 1662 2389 1725 oder
2412 1664 2471 1725 doe

655 1763 773 1828 Datum
797 1765 964 1850 cortenay,
989 1763 1244 1828 wahracdeinliclr
1268 1777 1407 1828 eruerer.

1396 1928 1515 2005 1606.

441 2056 512 2126 Μαι
548 2055 620 2125 ΜΜ
649 2055 786 2144 Betrycr
818 2075 879 2124 von
910 2055 1106 2124 Dorbnand
1142 2053 1276 2123 danim
1304 2053 1369 2123 den
1397 2053 1558 2143 Scddffen
1584 2053 1657 2124 aad
1684 2054 1880 2126 Rctshcrrn
1906 2077 1969 2124 am
2000 2054 2196 2126 osnabrmc
2222 2055 2285 2144 fair
2312 2057 2371 2126 die
2400 2057 2470 2128 Be-

439 2162 631 2252 mtr'lnmyen
659 2183 717 2231 erm
745 2159 1072 2250 Zorcctersnmcm
1099 2160 1161 2230 der
1187 2160 1286 2230 ibren
1313 2157 1472 2264 Bttrpern
1499 2160 1608 2230 darei
1635 2160 1691 2231 die
1717 2157 1880 2248 Bisclzdtc
1907 2183 1970 2231 con
1999 2161 2197 2233 Osnobrticlr
2222 2161 2295 2231 and
2315 2163 2471 2233 Mindea

932 2266 1116 2354 ceramon
1146 2265 1277 2353 Pferde
1304 2267 1377 2336 aad
1403 2262 1618 2337 Baarmittel.
1677 2267 1714 2338 0.
1742 2267 1775 2341 J.
1804 2265 1924 2356 (1297
1928 2265 1971 2357 2).

573 2384 627 2450 Or.
652 2389 695 2448 im
722 2382 917 2448 Stadtarclriv
939 2405 978 2446 zu
1005 2382 1198 2447 Ocnadriiclc.
1245 2381 1347 2467 Sicpcl
1369 2382 1414 2447 ab.

1400 2545 1513 2622 1607.
2546 2617 2547 2624 ,

439 2677 517 2747 Dus
546 2673 600 2746 In.
630 2674 848 2762 Midan-decl,
884 2673 948 2744 dus
975 2673 1226 2761 Jocmmssatc
1253 2675 1290 2742 in
1319 2673 1470 2743 Minden
1507 2671 1578 2742 arrd
1602 2679 1771 2762 peccante
1798 2671 1958 2760 Ersecen
1989 2673 2147 2762 priinden
2175 2674 2231 2744 die
2258 2671 2402 2764 Kopellc
2433 2677 2468 2744 io
2546 2625 2547 2650 ἶ

1044 2778 1273 2874 Othbergen.
1330 2779 1427 2850 1298
1455 2778 1560 2867 April
1588 2776 1645 2852 13.

543 2900 628 2963 Acta
657 2899 829 2962 bominum
859 2897 945 2961 tollit
976 2897 1108 2977 oblivio,
1143 2917 1208 2980 que
1238 2917 1298 2962 noc
1321 2897 1425 2961 literis
1457 2917 1518 2961 nec
1548 2897 1688 2961 testibus
1718 2897 1976 2978 perbennantur.
2025 2897 2169 2962 Proinde
2192 2918 2255 2962 nos
2278 2898 2467 2963 llecbtildis

439 3007 500 3072 Dei
524 3005 632 3089 gratia
655 3003 825 3068 abbatissa
848 3006 1024 3085 totumque
1049 3003 1224 3085 collegium
1247 3003 1385 3067 ecclesie
1409 3003 1443 3066 in
1468 3003 1663 3068 llolenbeke
1685 3023 1801 3067 verum
1826 3003 1925 3067 etiam
1951 3003 2134 3084 capitulum
2157 3023 2334 3070 commune
2359 3007 2467 3070 saneti

436 3112 599 3178 lobannis
633 3110 668 3174 in
696 3110 817 3187 blinda,
854 3109 1019 3174 Henricns
1054 3110 1096 3173 de
1128 3111 1305 3192 Roltorpe‚
1340 3109 1509 3174 lohannes
1545 3109 1586 3172 de
1616 3108 1740 3190 Begba,
1776 3109 1990 3172 Hermannus
2025 3109 2066 3173 de
2101 3110 2297 3174 Molenbeke
2332 3111 2465 3190 milites,

439 3219 666 3283 Helenbertus
691 3217 733 3279 de
757 3216 878 3294 Torua,
913 3215 1082 3280 iohannes
1107 3218 1140 3278 et
1163 3216 1353 3280 Gerhardus
1377 3215 1495 3279 fratres
1520 3216 1596 3280 dicti
1622 3215 1829 3296 Dommeger,
1862 3214 2032 3278 Helmicus
2065 3215 2191 3294 sanor,
2223 3216 2464 3293 Vasdnanusu

437 3323 565 3404 famuli,
591 3322 762 3404 Lefgardis
786 3323 827 3386 de
851 3321 951 3386 Turri
976 3322 1085 3395 vidua,
1118 3321 1175 3403 qui
1199 3322 1402 3386 coniunctim
1427 3324 1461 3386 et
1484 3321 1662 3403 vulgariter
1687 3319 1818 3384 erfexen
1844 3321 1993 3400 dicimur,
2022 3320 2178 3385 omnibus
2202 3324 2272 3386 tam
2295 3323 2465 3387 modernis

437 3449 539 3513 quam
562 3428 683 3493 futuris
707 3428 867 3509 scriptum
892 3428 1100 3492 intuentibus
1124 3427 1277 3509 cupimus
1302 3447 1376 3491 esse
1400 3430 1526 3502 notum,
1559 3428 1650 3509 qnod
1673 3426 1716 3490 ad
1740 3426 1903 3508 capellam
1927 3426 2121 3508 Otbbergen
2143 3428 2178 3490 in
2201 3429 2329 3492 honore
2353 3433 2465 3492 sancte

438 3538 541 3602 llarie
564 3535 700 3618 virginis
724 3535 759 3598 in
783 3535 1011 3615 assumptione
1035 3554 1138 3616 super
1162 3533 1398 3615 proprietatem
1415 3534 1521 3616 ipsius
1538 3533 1673 3616 capituli
1692 3533 1973 3597 llolenbeccensis
1990 3551 2058 3596 nou
2074 3533 2182 3597 solum
2198 3552 2260 3615 pro
2278 3533 2466 3598 animarum

437 3645 626 3706 nostrarum
650 3643 873 3704 constructam
899 3641 1056 3714 remedio,
1080 3642 1147 3704 imo
1171 3640 1214 3702 ob
1239 3641 1401 3705 nefariam
1425 3640 1524 3703 etiam
1547 3640 1647 3703 huius
1671 3644 1760 3704 terre
1784 3639 1992 3718 discordiam,
2016 3639 2158 3704 insulam
2184 3641 2355 3720 quandam
2379 3643 2466 3704 terre

437 3747 570 3812 arabilis
593 3746 684 3811 iuxta
707 3746 755 3828 By
779 3746 844 3810 den
868 3746 980 3828 Stigen
1016 3748 1113 3810 sitam
1139 3747 1282 3829 quodam
1307 3748 1404 3829 prato
1429 3746 1557 3809 adiecto
1581 3745 1614 3808 in
1640 3745 1761 3826 angulo
1785 3743 1983 3808 Burwerder
2006 3745 2072 3808 sito
2104 3747 2317 3826 quatuorque
2350 3747 2465 3826 iugera

436 3855 527 3919 iuxta
550 3852 765 3934 Vorwerde2)
789 3853 853 3917 sita
877 3872 951 3916 cum
975 3853 1107 3917 duobus
1136 3853 1241 3916 sancti
1265 3852 1397 3915 llartini
1421 3852 1600 3934 iugeribus
1632 3851 1795 3932 quosdam
1825 3869 1920 3932 agros
1950 3850 2045 3921 alios,
2074 3849 2132 3932 qui
2160 3871 2255 3933 agros
2286 3853 2464 3936 pastorum

437 3965 472 4024 et
495 3959 638 4024 Dilliken
667 3959 832 4038 dicuntur,
863 3958 1010 4022 unanimi
1020 3958 1048 4040 ἰῐ)
1079 3962 1268 4022 nostrorum
1295 3959 1444 4022 omniurn
1472 3957 1733 4040 prescriptorum
1761 3958 1802 4020 de
1826 3975 1993 4020 consensu
2017 3960 2050 4020 et
2073 3957 2244 4021 voluntate
2268 3957 2466 4038 plenissima

435 4065 635 4130 contulimus
659 4064 758 4145 pleno
782 4065 864 4142 iure,
889 4064 988 4128 modo
1012 4065 1211 4129 conditionis
1237 4065 1377 4142 adiecta
1403 4065 1493 4147 quod
1510 4063 1647 4128 ecclesie
1664 4062 1947 4126 lloleubeccensis
1964 4062 2113 4127 canonici
2129 4063 2315 4144 predictam
2331 4064 2465 4128 duabus

435 4173 470 4236 in
495 4171 680 4236 ebdomada
709 4170 838 4234 vicibus
867 4170 958 4234 adire
987 4171 1143 4234 tenentur
1171 4170 1371 4234 celebrando
1402 4170 1574 4252 capellam,
1600 4170 1663 4232 nisi
1692 4170 1753 4234 boe
1781 4188 1842 4251 per
1875 4167 2082 4234 necessitatis
2112 4169 2288 4232 articulum
2315 4189 2374 4233 seu
2404 4189 2466 4250 per

435 4278 557 4342 virium
581 4276 786 4352 debilitatem
811 4277 1012 4358 quandoque
1036 4277 1246 4358 contingeret
1270 4278 1428 4341 revocari.
1465 4278 1525 4342 Est
1550 4275 1714 4340 adiectum
1737 4276 1898 4356 preterea,
1923 4275 2024 4355 quod,
2041 4273 2069 4338 si
2086 4275 2212 4356 rapinis
2229 4276 2282 4339 vel
2298 4275 2462 4339 incendiis

434 4384 487 4448 vel
516 4403 717 4465 quocunque
748 4382 812 4447 alio
842 4401 931 4461 casu,
966 4383 1056 4464 quod
1087 4382 1185 4462 absit,
1221 4383 1455 4465 prenominata
1481 4383 1713 4464 inposterum
1743 4381 1785 4445 ab
1810 4380 1979 4464 aliquibus
2002 4399 2109 4463 usque
2132 4381 2174 4445 ad
2198 4380 2462 4445 destructionem

435 4489 571 4555 finalem
594 4489 834 4572 inpugnarctur
857 4489 1006 4569 ecclesia,
1031 4489 1179 4570 predicte
1203 4491 1330 4570 capelle
1354 4489 1541 4571 proprietas
1567 4488 1608 4551 ad
1632 4507 1751 4552 manus
1774 4487 1880 4570 ipsius
1909 4487 2078 4551 abbatisse
2093 4487 2263 4570 totiusque
2279 4489 2461 4552 conventus

435 4597 469 4660 iu
495 4595 688 4660 llolenbeke
725 4596 827 4660 libere
859 4597 1089 4660 reverteretur.
1137 4596 1279 4678 Insuper
1310 4599 1453 4676 quatuor
1483 4594 1597 4676 iugera
1625 4593 1811 4676 Gozebring
1838 4595 1871 4657 et
1900 4593 2106 4676 Burmorgen
2137 4612 2240 4674 penes
2269 4591 2462 4674 Olbbergeu

434 4703 500 4767 sita
523 4701 587 4783 ipsi
611 4701 750 4765 ecclesie
775 4701 818 4764 ad
841 4700 1117 4765 illuminationem
1141 4703 1174 4764 et
1198 4701 1240 4764 ad
1262 4703 1426 4765 structure
1447 4701 1692 4783 reparationem
1709 4719 1881 4780 erogamus
1899 4703 2086 4765 nostrorum
2102 4700 2249 4764 omnium
2267 4699 2462 4781 plenissimo

436 4810 477 4873 de
507 4827 682 4872 consensu.
728 4807 782 4872 Ad
811 4807 946 4872 evidens
982 4806 1082 4871 buius
1113 4807 1160 4871 rei
1188 4807 1417 4872 testimonium
1453 4811 1642 4889 presentem
1670 4806 1815 4870 litteram
1847 4805 2029 4888 sigillorum
2060 4809 2248 4870 nostrorum
2276 4803 2462 4868 munimine

435 4914 588 4979 dedimus
612 4915 812 4978 roboratam.
859 4913 982 4979 Datum
1006 4932 1094 4977 anno
1111 4913 1242 4977 Domini
1267 4912 1373 4977 lllCC.
1399 4912 1612 4994 nonagesimo
1637 4915 1765 4991 oetav0,
1789 4913 1824 4975 in
1841 4915 1958 4977 octava
1975 4911 2118 4992 Pascbe;
2142 4909 2461 4994 superscriptionem

436 5020 671 5102 approbamus.

650 5127 670 5191 ¹)
692 5125 846 5177 Vastmurus
865 5143 898 5175 zu
919 5125 1008 5178 lacent
1046 5125 1068 5195 ²)
1091 5125 1229 5176 Vornerlre
1248 5142 1281 5175 zu
1302 5125 1391 5176 lesen?
1429 5123 1450 5193 ³)
1470 5140 1525 5176 una
1544 5122 1581 5178 Μ.

569 5213 735 5298 Abaclrrifl
760 5214 899 5299 Moopere
920 5217 954 5277 in
982 5215 1053 5278 Mac.
1086 5210 1155 5290 VII,
1187 5211 1285 5290 6813,
1320 5212 1353 5278 S.
1377 5214 1421 5276 55
1455 5217 1498 5275 im
1522 5211 1596 5296 qu.
1624 5209 1727 5277 St-A.
1751 5233 1790 5274 zu
1814 5211 1953 5274 altmar
1979 5211 2051 5294 (M).
2100 5210 2291 5294 Othbergen
2314 5214 2388 5272 acet
2411 5205 2462 5268 lm·

648 5319 846 5396 didllenbcclc,
881 5321 941 5403 apl.
973 5317 1200 5404 erpmmmm,
1229 5319 1327 5404 chp.
1354 5318 1514 5383 Sclrccmb.
1549 5318 1583 5383 S.
1607 5317 1683 5395 321,
1720 5315 1879 5394 docetor,
1911 5315 2039 5382 Bacche.
2069 5317 2122 5380 dea
2145 5317 2273 5379 ammai.
2300 5313 2458 5378 beonnam

649 5425 774 5490 Mirrden
802 5423 835 5489 S.
863 5423 934 5489 100.
1547 5431 1548 5434 ’
