5058 6792
1058 439 1232 495 1257-1258
2098 431 2158 496 197

137 637 272 703 devotis
296 636 508 702 oracionibus
536 636 663 700 sincere
693 633 882 701 dilectionis
910 634 1074 700 allectum.
1123 635 1216 700 Licet
1246 656 1314 719 eos,
1349 656 1434 720 quos
1458 637 1581 703 Christi
1605 639 1705 703 nectit
1727 657 1830 721 amor,
1864 644 2027 706 terrarum
2051 641 2164 726 spacia

134 745 292 811 dividant
322 745 356 811 et
384 742 533 808 locorum
568 743 702 825 separet
735 741 907 822 distancia,
942 761 1075 826 semper
1101 744 1214 808 tamen
1242 763 1299 807 eos
1326 748 1360 808 et
1389 744 1509 809 mentis
1536 745 1638 810 trahit
1665 745 1795 812 affectio
1826 748 1860 811 et
1887 746 1968 830 ligat
1994 747 2162 814 vinculum

140 851 299 916 caritatis.
345 849 471 914 Audita
500 847 602 931 igitur
635 847 723 912 sama
753 848 939 912 honestatis
967 849 1000 911 et
1031 847 1210 932 religionis,
1246 869 1312 934 que
1334 849 1370 914 in
1393 850 1533 916 ecclesia
1554 853 1665 916 vestra
1687 851 1820 934 geritur,
1855 851 1890 916 in
1912 853 2108 920 societatem
2130 857 2164 919 et

139 957 382 1023 fraternitatem
405 957 550 1020 vestram
572 954 675 1038 recipi
698 957 732 1021 et
746 975 806 1020 vos
822 955 856 1019 in
872 956 1023 1022 nostram
1043 955 1192 1038 recipere
1214 956 1465 1038 concupivimus
1485 958 1751 1040 supramodum,
1775 958 1861 1023 sicut
1876 960 1980 1024 eciam
1997 996 2038 1006 -
2055 961 2163 1025 littere

139 1067 252 1130 vestre
277 1064 430 1148 patentes
452 1061 548 1127 uobis
564 1061 665 1126 misse
682 1061 852 1126 declarant
869 1099 910 1110 -
926 1081 986 1126 vos
1010 1063 1225 1146 cognovimus
1248 1062 1430 1128 affectasse.
1470 1062 1566 1128 Unde
1582 1063 1666 1128 scire
1682 1064 1782 1130 debet
1796 1066 1986 1130 venerande
2001 1065 2163 1130 universi-

138 1170 217 1236 tatis
245 1171 355 1235 vestre
383 1168 551 1249 discretio,
587 1169 679 1251 quod
706 1167 947 1234 fraternitatem
976 1167 1085 1251 ipsam
1119 1168 1197 1233 hinc
1224 1167 1302 1234 inde
1326 1169 1472 1252 cupitam
1495 1169 1611 1236 libenti
1635 1171 1747 1236 animo
1770 1175 1802 1236 et
1826 1171 1974 1237 unanimi
1998 1191 2163 1239 consensu

139 1277 315 1342 vobiscum
348 1275 483 1354 inimus,
517 1275 563 1339 ita
590 1277 627 1339 ut
654 1274 697 1338 ad
725 1273 874 1340 debitum
909 1273 1124 1340 fraternitatis
1159 1275 1352 1339 huiusmodi
1381 1276 1601 1341 communiter
1629 1277 1664 1341 in
1688 1276 1762 1342 aliis
1790 1277 1935 1342 ecclesiis
1967 1280 2164 1345 consuetum

137 1384 257 1449 mutuo
280 1380 377 1448 nobis
399 1383 469 1446 tam
492 1380 527 1445 in
550 1381 618 1445 vita
641 1400 743 1463 quam
766 1379 801 1444 in
825 1383 931 1447 morte
955 1380 1111 1463 deinceps
1135 1383 1317 1446 teneamur.
1365 1383 1487 1446 Datum
1511 1383 1639 1448 Zwerin
1664 1403 1752 1448 anno
1777 1385 1908 1450 Domini
1925 1384 2163 1466 M⁰.CCLVII⁰.,

135 1507 254 1554 mense
276 1487 467 1552 Novembri.

273 1593 443 1670 Absotnft
467 1595 521 1658 dea
550 1593 601 1657 14.
624 1592 678 1657 Jh.
706 1595 741 1656 ia
768 1592 846 1660 Mac.
877 1589 948 1670 VII,
980 1589 1079 1669 2401,
1117 1589 1152 1656 S.
1181 1589 1223 1654 41
1258 1595 1302 1655 im
1329 1591 1402 1677 Κ9ἰ.
1434 1591 1536 1659 sc-A.
1572 1615 1611 1656 zu
1638 1595 1785 1660 distanter.
1833 1594 1928 1662 Gedr.
1965 1593 2162 1674 Weirdtwcin,

357 1698 452 1764 Saba.
476 1699 551 1785 dipl.
577 1697 620 1777 X,
647 1697 681 1763 S.
710 1696 760 1776 15,
786 1697 899 1784 Repeat
919 1697 997 1762 Mac.
1021 1696 1066 1775 II,
1091 1695 1166 1776 189,
1189 1695 1249 1763 Nr.
1274 1695 1349 1764 899.

1110 1841 1195 1919 681.

236 1967 294 2042 Kl.
324 1969 516 2058 Neandorf
534 1969 694 2058 5515591
722 1970 799 2041 deta
828 1969 886 2040 Kl.
915 1969 1051 2042 bevera
1078 1970 1176 2040 einen
1202 1969 1352 2040 Zetctea
1378 1972 1417 2040 in
1444 1970 1699 2062 Houslcdmpen.
1754 1972 1944 2063 Neandorl
1968 1972 2079 2046 1257.

252 2089 410 2154 Hinricus
448 2090 508 2154 Dei
548 2090 657 2172 gracia
690 2090 896 2173 prepositus,
934 2088 1085 2153 Alheidis
1123 2087 1283 2169 priorissa
1322 2091 1479 2172 totusque
1520 2095 1703 2154 conventus
1741 2090 1935 2156 ancillarum
1970 2091 2091 2156 Christi
2129 2093 2165 2157 in

140 2197 343 2279 Nenthorpe
367 2195 531 2260 universis
565 2214 705 2278 presens
736 2195 897 2278 scriptum
926 2194 1046 2258 visuris
1081 2193 1223 2258 salutem
1251 2194 1286 2257 in
1309 2195 1461 2260 Domino.
1508 2196 1562 2260 Ad
1585 2195 1740 2262 noticiam
1763 2199 1831 2262 tam
1854 2196 2041 2264 futurorum
2064 2218 2164 2281 quam

140 2303 353 2388 presencium
376 2301 550 2385 pervenire
573 2301 738 2384 cupimus
762 2302 854 2382 quod
877 2319 938 2363 nos
956 2319 975 2369 a
993 2299 1123 2365 dilectis
1147 2300 1181 2364 in
1198 2300 1331 2364 Christo
1355 2302 1537 2384 preposito,
1562 2303 1728 2386 domine1)
1753 2303 1921 2368 abbatisse
1937 2306 1971 2369 et
1986 2305 2164 2369 conventui

140 2410 177 2474 in
201 2408 349 2474 Leveren
375 2410 538 2491 peccunia
562 2410 705 2490 recepta,
729 2407 888 2489 quicquid
910 2407 991 2472 iuris
1014 2407 1049 2472 in
1074 2407 1202 2472 decima
1226 2408 1441 2491 Huscampen
1465 2415 1500 2472 et
1523 2407 1592 2472 suis
1617 2408 1805 2473 attinenciis
1826 2408 1944 2473 sivein
1960 2409 2165 2492 proprietate

139 2519 201 2581 aut
224 2515 297 2582 aliis
320 2513 510 2580 racionibus
534 2515 587 2579 vel
602 2513 835 2596 questionibus
858 2513 1047 2593 habuimus,
1071 2513 1154 2596 ipsis
1177 2513 1265 2578 iusta
1287 2533 1326 2577 ac
1349 2533 1427 2579 vera
1450 2513 1680 2596 resignacione
1705 2515 1899 2598 reliquimus
1921 2515 2116 2597 simpliciter
2132 2517 2166 2581 et

141 2622 308 2688 absolute.
355 2622 395 2688 In
418 2621 514 2686 cuius
537 2621 584 2685 rei
607 2619 836 2685 testimonium
866 2638 1007 2703 presens
1031 2621 1191 2703 scriptum
1215 2619 1320 2702 sigillo
1343 2619 1539 2686 venerabilis
1568 2621 1675 2703 patris
1699 2641 1737 2686 ac
1761 2621 1886 2686 domini
1909 2622 2013 2687 nostri
2036 2622 2165 2704 W(ide-

139 2729 253 2815 kindi)
274 2727 455 2793 lllindensis
491 2726 640 2809 episcopi
671 2729 703 2790 et
733 2728 848 2790 nostro
883 2726 1075 2792 roboratum
1103 2725 1255 2809 predicto
1279 2726 1457 2791 conventui
1480 2726 1515 2790 in
1540 2726 1689 2792 Leveren
1710 2727 1745 2790 in
1768 2727 1994 2792 testimonium
2017 2728 2165 2793 validum

137 2853 327 2918 erogamus.
375 2835 497 2898 Datum
520 2833 555 2896 in
577 2832 774 2915 Nenthorpe
798 2851 886 2898 anno
910 2832 1043 2897 Domini
1066 2831 1356 2898 M⁰.CG⁰.L⁰.V⁰.II.

357 2936 568 3002 ἣὼωὼ

279 3025 333 3090 Or.
356 3029 401 3090 im
424 3025 497 3112 Kpl.
524 3024 628 3092 sc-A.
657 3049 696 3088 zo
719 3026 870 3102 515555,
906 3023 1028 3090 hevam
1050 3023 1108 3088 Nr.
1135 3023 1187 3090 75.
1235 3026 1289 3090 Α5
1314 3025 1625 3111 Per·pamentatra7fen
1653 3027 1712 3092 das
1733 3039 1790 3112 put
1811 3027 1963 3092 erbaltenc
1987 3026 2092 3112 Siepel
2112 3028 2165 3092 dea

356 3132 504 3212 Riachofa
537 3135 595 3198 uie
616 3131 803 3217 [15555559
833 3129 936 3216 1959,
964 3130 1067 3217 Stepel
1097 3129 1172 3216 Hest
1195 3131 1239 3210 II,
1270 3131 1361 3197 Abila.
1388 3132 1414 3209 J,
1451 3129 1523 3212 Tof.
1546 3131 1590 3195 54
1621 3131 1682 3198 Nc,
1705 3135 1726 3195 5
1760 3133 1827 3197 und
1856 3135 1916 3196 das
1945 3135 2083 3197 verietate
2113 3133 2166 3196 des

355 3237 408 3306 Kl.
435 3237 607 3320 Nenndorf
622 3242 679 3302 555
705 3237 882 3324 55555559
904 3261 931 3302 5.
957 3235 1152 3322 Hodenberp,
1176 3237 1282 3324 Hoyer
1310 3236 1379 3303 ΠΒ.
1405 3238 1502 3302 Atel.
1533 3235 1589 3317 VJ,
1618 3235 1704 3304 Titel.

1110 3401 1201 3478 682.

139 3529 330 3602 Dominus
358 3527 611 3600 Warmannns
639 3527 848 3599 Mindensis
882 3527 1082 3600 canonicus
1116 3533 1155 3598 et
1189 3527 1372 3622 plebanus
1406 3529 1446 3598 in
1474 3526 1675 3599 Honovere
1709 3534 1809 3599 anter
1841 3527 2071 3619 dealeupcn
2105 3528 2187 3598 der'

302 3635 466 3708 Urkcnde
494 3635 555 3706 des
582 3634 719 3723 Grafen
746 3633 887 3722 hadolf
907 3656 972 3704 oon
1007 3633 1197 3722 ll’unstors
1216 3637 1278 3722 155·
1305 3635 1361 3706 dte
1388 3631 1515 3706 Kircte
1541 3636 1579 3704 in
1615 3635 1873 3724 Wo'ltinperode.
1928 3635 2033 3706 1257.

280 3751 375 3818 Gedr.
403 3753 621 3818 1115555555
653 3750 683 3814 U
686 3751 725 3817 B.
759 3749 851 3833 (ΗΒ.
880 3752 911 3817 5.
940 3752 1012 3818 liat.
1048 3749 1174 3817 Vereins
1202 3753 1226 3832 f.
1258 3751 1507 3817 Niedersoclrsea
1537 3749 1616 3836 Heft
1641 3750 1661 3815 Ι
1667 3749 1703 3826 V)
1738 3749 1772 3816 S.
1795 3750 1839 3814 34
1870 3747 1930 3815 Νν.
1953 3749 2007 3816 21.
2055 3750 2169 3836 Repeat

359 3858 511 3924 555.
536 3859 566 3922 c.
591 3859 660 3922 55.
691 3855 759 3923 rer.
777 3859 809 3943 f.
835 3839 1085 3922 5555555
1105 3857 1159 3942 ry.
1185 3856 1272 3923 1887
1297 3856 1331 3923 s.
1358 3856 1504 3921 13215.
1531 3857 1603 3921 15.

135 4133 293 4222 Bisclrof
322 4131 507 4206 Widelciad
534 4153 598 4201 555
627 4131 777 4201 Minden
808 4130 880 4200 555
906 4131 969 4202 der
992 4131 1157 4221 Edelvopt
1194 4129 1379 4204 Widelcind
1408 4152 1480 4200 555
1497 4132 1623 4222 Berge.
1638 4127 1819 4217 55555555,
1848 4129 1929 4200 does
1954 4129 2011 4199 dte
2028 4125 2169 4199 Brauer

130 4241 276 4329 Justae,
313 4237 498 4313 Wdelcind
524 4237 597 4308 555
624 4236 755 4308 Ε1555
783 4258 847 4307 oon
875 4236 960 4308 Stoa
988 4235 1055 4307 den
1081 4258 1145 4306 555
1171 4237 1248 4308 dem
1267 4237 1382 4308 Ritter
1408 4235 1563 4310 Walttcr
1578 4241 1728 4327 9555551
1745 4233 1845 4307 Puer
1871 4255 2169 4326 vorgenmnmeaea

147 4345 314 4434 Vcrlcauf
349 4367 412 4416 coc
455 4345 531 4416 drot
568 4343 692 4433 Hersen
731 4343 870 4414 Laudes
908 4365 951 4413 55
988 4340 1285 4438 Hertsigchusen
1326 4365 1373 4412 55
1407 4341 1469 4413 Kl.
1503 4341 1787 4432 Barsinplcouaea
1823 4341 2013 4433 95555591
2052 4340 2167 4413 haben.

877 4449 1027 4520 Mindcn
1055 4451 1151 4521 1258
1177 4448 1318 4520 Janoar
1345 4447 1437 4540 3(.?).

252 4569 371 4635 Testes
398 4570 497 4633 huius
525 4567 572 4634 rei
600 4569 696 4633 sunt:
732 4567 885 4633 dominus
910 4567 1122 4632 Hermannus
1147 4567 1250 4632 abbas
1274 4567 1464 4648 buccensis,
1499 4567 1648 4650 widego,
1678 4565 1832 4631 iordanis
1856 4566 1898 4629 de
1923 4565 2168 4646 Callenthorpe,

134 4677 158 4742 J
163 4676 315 4740 ohannes
336 4676 377 4740 de
393 4674 538 4754 Bucken,
563 4674 718 4756 magister
742 4673 922 4754 ArnolduS,
946 4673 1121 4740 lleinneke
1145 4673 1185 4739 de
1208 4674 1301 4755 Slon,
1326 4673 1500 4740 Conradus
1524 4674 1670 4738 decanus
1695 4671 1800 4738 sancti
1824 4670 1957 4737 Martini
1980 4671 2168 4735 Mindenses

137 4781 311 4862 canonici;
344 4781 502 4846 Hinricus
533 4780 663 4845 iuvenis
693 4780 874 4845 advocatus
904 4780 945 4844 de
973 4780 1095 4861 Monte,
1130 4779 1287 4845 Hinricus
1311 4780 1353 4843 de
1376 4779 1556 4860 Bottlethe,
1592 4779 1761 4846 lohannes
1784 4777 1934 4859 Westlal,
1965 4777 2168 4858 Volcmarus,

137 4889 343 4968 Bottherus,
367 4887 535 4954 lohannes
558 4887 601 4951 de
625 4886 842 4967 Gandersem,
866 4885 996 4950 milites,

279 4993 377 5059 Gedr.
399 4993 481 5056 noct
504 4993 573 5057 555
599 4990 652 5056 or.
676 4995 719 5068 im
743 4990 815 5076 Κ9ἰ.
842 4989 946 5056 se-A.
970 5012 1010 5054 zu
1032 4987 1209 5068 Hannover,
1234 4989 1493 5075 Barsiaphaucen
1515 4988 1576 5056 Nr.
1601 4987 1655 5067 37,
1690 5015 1715 5056 o.
1741 4987 1934 5074 Hodenberp,
1965 4987 2171 5074 Celenderper

363 5096 435 5162 ΠΒ.
459 5098 554 5163 Abda.
580 5095 606 5175 I,
639 5095 674 5162 S.
697 5096 742 5160 28
764 5095 824 5160 Nr.
848 5095 902 5162 34.
951 5096 1036 5162 Statt
1058 5097 1110 5162 dea
1133 5098 1204 5164 Vll.
1227 5097 1312 5165 Non.
1335 5096 1408 5162 lan.
1432 5099 1476 5159 im
1500 5095 1556 5159 Or.
1585 5097 1786 5162 55551111.
1811 5097 1896 5162 Non.
1921 5097 1993 5162 Jan.
2017 5095 2168 5160 ecclesaie.

361 5206 626 5288 Hensigehusen
648 5205 708 5269 wol
729 5205 779 5270 die
801 5201 971 5269 Feldmark
996 5201 1228 5268 Hartielrouaen
1250 5225 1305 5267 vor
1328 5202 1588 5288 [5555595555
1611 5203 1683 5268 oder·
1706 5200 1921 5280 Hotenbooel,
1951 5201 2010 5286 591.
2035 5200 2169 5286 510095,

361 5310 422 5376 Do
447 5311 576 5376 55555.
605 5309 752 5394 Grafact.
787 5307 1006 5394 8555555559
1038 5306 1072 5373 S.
1102 5308 1143 5372 41
1152 5333 1163 5384 ,·
1197 5307 1341 5374 Fromme
1369 5313 1403 5373 in
1434 5308 1585 5374 Zeitcclrr.
1617 5309 1647 5373 d.
1672 5308 1743 5372 hist.
1774 5304 1844 5372 Ver.
1864 5309 1897 5393 f.
1923 5305 2171 5372 Niedersaclraen

358 5417 411 5502 Jp.
437 5415 522 5480 1884
549 5413 583 5481 S.
611 5413 675 5479 136
684 5440 691 5483 :
716 5414 785 5479 ΝΟ.
819 5413 1091 5501 Winninpltauaen.
