5506 6826
1172 421 1241 474 1274
1282 413 1286 420 ’
2131 410 2194 474 321

1132 616 1240 694 1031.

186 745 321 834 Bisclof
345 744 420 818 ooo
447 766 511 816 oon
531 743 677 816 1111111199
707 743 867 832 (1991191111
893 743 959 815 cicc
977 744 1109 815 Sihucn
1136 744 1196 815 dcc
1216 743 1400 818 Friedrich
1426 768 1488 819 con
1508 747 1634 818 Hcssd
1656 748 1754 818 einen
1773 747 1855 836 Hos
1876 748 1914 818 iu
1932 747 2198 840 Hilfcrdicpseu

418 851 481 921 mit
515 849 693 922 Vorbcbclt
720 849 781 921 ces
808 849 1009 939 Reiclrlcuufs
1035 850 1124 922 nach
1151 849 1228 921 drec'
1253 850 1395 925 Jabreu.
1452 852 1602 925 Mindon
1630 851 1733 926 1274
1762 855 1869 925 More
1895 856 1955 930 27.

279 969 396 1034 Frater
423 967 503 1034 Otto
536 967 649 1032 divina
683 967 902 1052 permissione
931 968 1115 1033 Mindensis
1149 967 1328 1054 episcopus
1362 971 1516 1036 omnibus
1550 970 1614 1036 hoc
1648 971 1809 1054 scriptum
1842 971 1962 1036 visuris
1989 973 2133 1038 salutem
2161 975 2198 1040 in

188 1076 326 1142 omnium
350 1076 526 1141 salvatore.
573 1075 733 1141 Noverint
757 1075 915 1155 universi,
943 1076 1032 1157 quod
1056 1093 1117 1140 nos
1141 1076 1267 1141 curiam
1291 1075 1325 1141 in
1350 1076 1707 1142 Hildewardinchusen
1731 1097 1807 1142 oum
1831 1078 1986 1144 omnibus
2009 1079 2196 1146 attinentiis

184 1184 254 1262 suis,
281 1183 503 1264 presentibus
527 1183 560 1246 et
576 1180 762 1247 redditibus
785 1181 900 1264 pueris
916 1181 1074 1247 Friderici
1092 1181 1169 1247 dicti
1193 1182 1234 1246 de
1252 1181 1354 1246 Hasle
1378 1182 1432 1266 pie
1456 1182 1615 1247 memorie
1638 1203 1701 1266 pro
1716 1187 1851 1249 centum
1868 1184 1987 1249 marcis
2004 1184 2196 1251 Bremensis

184 1287 297 1369 argenti
319 1286 532 1353 vendidimus
556 1289 589 1352 et
610 1285 855 1354 infeodavimus
877 1286 1014 1374 capituli
1037 1287 1144 1354 nostri
1166 1289 1255 1353 bona
1275 1286 1456 1370 voluntate,
1481 1307 1647 1354 consensu
1664 1291 1697 1353 et
1713 1290 1851 1355 oonsilio
1867 1291 2056 1372 accedente,
2079 1291 2199 1356 11111119-

184 1394 263 1458 modi
287 1395 401 1459 tamen
425 1392 625 1459 conditionis
648 1392 796 1458 remedio
811 1393 997 1474 interiecto,
1022 1397 1069 1472 ut,
1093 1395 1121 1458 si
1139 1413 1199 1459 nos
1216 1393 1267 1457 vel
1284 1413 1493 1460 successores
1510 1394 1615 1459 nostri
1638 1395 1709 1460 sive
1724 1397 1827 1460 etiam
1842 1396 2025 1479 capitulum
2042 1399 2199 1462 nostrum.

183 1498 334 1583 prefatam
360 1498 485 1564 curiam
508 1497 595 1564 infra
617 1502 686 1564 tres
710 1519 817 1564 annos
840 1500 1009 1583 proximos
1024 1498 1179 1564 videlicet
1201 1499 1237 1564 in
1260 1500 1316 1565 die
1337 1499 1579 1581 purificationis
1601 1501 1699 1566 beate
1715 1500 1817 1566 Maris
1837 1501 1971 1584 virginis
1988 1521 2050 1585 pro
2067 1517 2198 1566 summa

182 1607 358 1671 memorata
388 1624 536 1670 reemere
564 1605 779 1686 voluerimus
811 1605 952 1671 liberum
982 1605 1025 1670 sit
1052 1606 1167 1686 nobis;
1196 1605 1225 1670 si
1254 1609 1367 1670 autem
1397 1604 1582 1688 predictam
1608 1607 1734 1671 curiam
1756 1608 1845 1672 inira
1868 1606 1972 1672 dictos
1995 1613 2066 1672 tres
2090 1627 2200 1673 annos

182 1732 317 1777 reemere
341 1711 596 1794 neglexerimus
628 1711 693 1776 iarn
718 1713 797 1778 dicti
821 1712 918 1796 pueri
948 1715 981 1778 et
1005 1732 1120 1778 eorum
1143 1713 1285 1777 heredes
1308 1713 1415 1795 ipsam
1440 1711 1567 1775 curiam
1591 1712 1718 1794 absque
1741 1713 1811 1777 ulla
1833 1713 2097 1778 contradictione
2119 1733 2201 1800 per·

182 1821 275 1900 petuo
298 1817 524 1900 possidebunt
547 1819 619 1882 iure
642 1817 767 1883 scilicet
789 1818 920 1884 feodali.
960 1817 1087 1897 Quodsi
1111 1838 1172 1882 nos
1195 1819 1249 1883 vel
1273 1836 1481 1882 successores
1506 1818 1635 1882 nostros
1657 1820 1718 1881 aut
1740 1819 1827 1884 forte
1842 1817 2028 1900 capitulum
2044 1821 2196 1884 nostrmn

182 1943 251 2006 sepe
280 1922 406 1988 dictam
434 1923 558 1989 curiam
588 1943 736 1989 reemere
765 1925 948 2008 contigerit,
983 1945 1044 2008 pro
1072 1945 1203 1990 summa
1230 1923 1374 2008 pecunie
1402 1925 1586 1988 memorate
1618 1923 1741 2006 prefati
1769 1924 1866 2007 pueri
1895 1925 2130 1991 nichilominus
2160 1928 2200 1991 in

182 2029 287 2094 eodem
304 2030 379 2094 iure
396 2031 589 2110 manebunt,
606 2031 697 2113 quod
713 2030 796 2113 ipsis
811 2031 971 2095 hactenus
987 2031 1023 2095 in
1038 2031 1187 2114 predicta
1204 2029 1294 2095 curia
1311 2029 1532 2111 competebat.
1565 2029 1683 2094 Testes
1699 2030 1799 2094 huius
1817 2030 1867 2095 rei
1882 2034 1978 2096 sunt:
2003 2031 2199 2098 Gerhardus

181 2135 328 2214 decanus,
355 2134 550 2220 Ludolphus
573 2137 767 2220 prepositus
790 2138 904 2202 sancte
927 2137 1040 2217 Marie,
1063 2137 1202 2220 Widego
1226 2135 1333 2201 sancti
1356 2134 1489 2200 Martini
1513 2139 1546 2200 et
1571 2134 1745 2201 Conradus
1768 2137 1874 2200 sancti
1897 2136 2061 2202 iohannis
2090 2138 2196 2202 eccle-

181 2240 296 2306 siarum
324 2241 488 2326 prepositi
512 2243 546 2306 et
560 2242 731 2308 Arnoldus
748 2243 789 2307 de
806 2243 953 2308 Schinna
970 2245 1208 2323 thesaurarius,
1233 2241 1371 2306 ecclesie
1387 2243 1502 2305 nostre
1518 2239 1653 2305 maioris
1671 2242 1836 2320 canonici3
1860 2261 1989 2308 necnon
2006 2242 2198 2309 Florentius

180 2345 373 2428 Wigravius,
399 2347 588 2413 Richardus
611 2349 747 2432 Vulpes
772 2349 937 2414 Henricus
965 2350 1006 2415 de
1030 2349 1240 2432 Dungerden,
1265 2348 1439 2414 Conradus
1469 2347 1510 2410 de
1534 2346 1707 2424 Lutteren,
1730 2346 1902 2414 lohannes
1926 2349 1967 2412 de
1991 2349 2195 2430 Barchusen,

181 2451 413 2518 Helembertus
449 2453 671 2534 Camerarius
706 2454 904 2520 Thidericus
939 2455 981 2519 de
1015 2455 1137 2534 Uffien,
1172 2455 1359 2520 Florentius
1395 2454 1437 2518 de
1472 2453 1682 2534 Dungerden,
1718 2453 1853 2533 milites3
1896 2453 2068 2520 lohannes
2103 2456 2197 2537 Bloc,

180 2557 346 2624 Bertoldus
373 2559 487 2642 Gloge‚
513 2559 708 2644 Ludolphus
732 2562 773 2626 de
798 2561 910 2642 Haste,
939 2562 1130 2627 Gerhardus
1161 2562 1253 2644 apud
1281 2562 1429 2624 sanctam
1457 2559 1605 2637 Mariam,
1640 2560 1862 2624 Godescalcus
1894 2561 1935 2624 de
1962 2559 2041 2624 Alta
2072 2562 2195 2644 platea,

179 2663 332 2730 Henricus
367 2665 410 2729 de
435 2665 637 2746 Nienborch,
662 2667 827 2732 Henricus
852 2668 992 2750 Sprunc,
1017 2667 1230 2732 Hermannus
1254 2668 1296 2733 de
1319 2666 1415 2746 Foro,
1440 2664 1663 2730 Godescalcus
1687 2665 1730 2729 de
1754 2666 1946 2746 Stemmere,
1971 2666 2196 2731 Godescalcus

179 2769 383 2851 llonetariuS,
407 2771 567 2836 Albertus
591 2773 632 2837 de
656 2773 762 2837 Reme
786 2793 824 2839 ac
849 2774 1013 2838 Henricus
1036 2773 1238 2850 Burmester,
1263 2773 1350 2837 cives
1366 2771 1565 2845 Mindenses,
1590 2771 1702 2835 etalii
1727 2771 1974 2854 quamplures.
2014 2773 2059 2835 Ut
2082 2776 2195 2837 autem

178 2875 231 2940 hec
253 2876 344 2960 apud
368 2879 523 2959 posteros
549 2879 652 2943 robur
675 2879 849 2944 obtineant
872 2880 984 2945 debite
1008 2879 1188 2959 firmitatis,
1212 2869 1352 2962 presens
1376 2876 1537 2958 scn'ptum
1559 2876 1638 2941 inde
1661 2877 1851 2942 confectum
1872 2878 1989 2941 nostro
2005 2880 2040 2942 et
2056 2877 2193 2960 capituli

179 2984 274 3046 nostri
303 3002 439 3049 necnon
469 2985 502 3047 91
530 2983 672 3049 civitatis
701 2985 884 3051 Mindensis
914 2985 1030 3068 sigillis
1056 2984 1194 3051 fecimus
1227 2983 1432 3052 communiri.
1485 2985 1606 3048 Datum
1635 2981 1748 3046 Minde
1778 2983 1846 3048 Vl⁰.
1877 2983 2046 3048 Kalendas
2069 2983 2194 3066 Aprilis

180 3107 257 3150 auno
280 3089 416 3153 Domini
440 3087 773 3154 M⁰.CC⁰.LXX⁰.IIII.

302 3193 359 3255 Or.
384 3197 429 3257 im
444 3193 517 3279 Kpl.
537 3192 642 3259 sc-A.
660 3217 699 3258 zu
714 3195 863 3274 Memor,
886 3207 924 3259 et.
943 3196 1062 3260 lifartin
1077 3200 1111 3259 in
1126 3196 1254 3261 lllc‘nden
1274 3193 1334 3258 Nr.
1353 3192 1404 3261 16.
1443 3193 1506 3258 Die
1521 3195 1590 3257 drei
1606 3191 1710 3279 Sicqcl
1730 3215 1787 3257 oon
1803 3194 1862 3258 den
1877 3192 2197 3280 Pergamentstrcifen

384 3298 431 3362 ab.
478 3300 552 3381 Auf
568 3301 624 3364 der
648 3300 809 3366 Rciclcseite
830 3324 886 3364 oon
909 3299 1008 3365 Hand
1029 3303 1083 3367 dea
1106 3299 1157 3366 16.
1181 3301 1250 3366 dh:
1274 3301 1607 3368 Hilverdtnckhusen.
1647 3299 1709 3364 Die
1732 3297 1808 3364 Uri.
1831 3303 1950 3364 9111111111
1971 3301 2038 3381 fuet
2058 3302 2199 3366 cordele

382 3409 441 3470 mit
462 3403 521 3472 Nr.
546 3404 613 3471 950
634 3407 771 3486 vitereio,
796 3409 856 3490 cpi.
880 3408 930 3471 die
953 3408 1045 3472 Anm.
1070 3408 1137 3474 dcc.

1129 3574 1149 3647 1
1181 3577 1189 3599 ⁶
1233 3628 1243 3650 .

176 3689 317 3784 Bischof
342 3695 419 3768 ouo
445 3718 510 3767 oon
539 3697 689 3768 Mindon
722 3697 908 3788 wiprecht
941 3697 1046 3787 911911,
1087 3571 1230 3768 (991311392
1248 3699 1313 3769 doe
1344 3719 1408 3768 coa
1435 3697 1606 3769 Gottlcsen
1646 3720 1710 3787 arg
1741 3697 1957 3789 peschddipte
1984 3697 2198 3770 1111911919

502 3809 740 3892 ummstitecu,
767 3805 865 3874 9111911
890 3805 1150 3894 ciereipthpipccc
1177 3803 1308 3880 Ahlcsa
1363 3803 1513 3875 blindan
1539 3805 1638 3874 1274
1665 3804 1772 3875 Mora
1798 3802 1860 3876 27.

272 3919 450 3985 Universis
466 3919 589 3984 Christi
612 3919 778 4000 fidelibus,
802 3923 844 3987 ad
867 3942 952 4004 quos
976 3922 1085 3986 littere
1102 3921 1166 3985 iste
1180 3922 1402 4004 pervenerint,
1420 3923 1523 3988 frater
1538 3920 1617 3986 Otto
1639 3922 1860 4004 permissione
1880 3920 1993 3988 diviua
2008 3920 2195 3986 Mindensis

174 4023 344 4108 episcopus
377 4026 522 4090 salutem
552 4027 586 4090 in
611 4027 753 4094 Domino
776 4027 1024 4110 sempiternam.
1073 4028 1156 4092 Cum
1180 4027 1312 4092 novella
1333 4028 1497 4112 plantatio
1521 4027 1656 4091 claustri
1680 4046 1830 4091 sororum
1853 4027 1889 4091 in
1913 4026 2054 4092 Lodhen
2079 4027 2194 4092 Prodi-

175 4133 314 4195 catorum
340 4133 482 4197 fratrum
504 4132 658 4197 instituta
681 4133 886 4198 servantium
909 4152 930 4197 a
953 4133 1059 4215 prima
1082 4133 1177 4217 sual)
1201 4132 1396 4199 fundatione
1420 4153 1536 4216 graves
1559 4132 1699 4198 iniurias
1723 4137 1757 4198 et
1780 4131 1923 4214 plurima
1948 4134 2095 4215 dampna
2117 4153 2195 4217 per-

174 4235 279 4300 tulerit
303 4237 347 4303 ab
373 4237 499 4320 iniquis
525 4241 559 4302 et
581 4239 624 4302 ob
647 4239 712 4302 hoc
734 4239 895 4322 proficere
919 4259 987 4304 non
1010 4240 1126 4322 possit,
1150 4239 1215 4304 nisi
1237 4239 1387 4305 fidelium
1411 4240 1601 4305 elemosinis
1616 4239 1861 4304 incrementum
1877 4241 2034 4318 assumat,
2059 4239 2195 4304 univer·

174 4358 221 4406 sos
251 4363 290 4408 ac
324 4342 477 4426 singulos
510 4363 569 4408 vos
592 4363 777 4424 monemus,
813 4365 967 4428 rogamus
1002 4349 1037 4410 et
1064 4347 1236 4411 hortamur
1266 4346 1302 4410 in
1330 4347 1473 4411 Domino
1504 4347 1540 4410 in
1567 4344 1798 4411 remissionem
1826 4344 1923 4408 vobis
1963 4345 2193 4428 peccaminum

172 4447 389 4530 iniungentes,
417 4449 573 4532 quatinus
604 4450 646 4515 de
670 4451 767 4516 bonis
788 4451 884 4516 vobis
907 4471 928 4516 a
952 4453 1022 4516 Deo
1046 4451 1174 4516 collatis
1198 4453 1305 4535 largas
1329 4451 1527 4519 elemosinas
1551 4451 1703 4532 erogetis,
1734 4452 1772 4514 ut
1793 4469 1855 4532 per
1877 4452 2022 4514 vestram
2046 4451 2193 4515 subven-

173 4555 289 4620 tionem
314 4557 501 4622 claustrum
524 4557 716 4624 huiusmodi
740 4558 783 4622 ad
806 4559 866 4623 Dei
891 4558 1024 4622 laudem
1047 4563 1081 4623 et
1104 4557 1276 4622 hominum
1300 4560 1440 4623 salutem
1464 4556 1617 4641 proficiat
1639 4560 1672 4621 et
1695 4576 1755 4621 vos
1778 4575 1839 4638 per
1862 4556 1923 4621 hec
1946 4559 1979 4620 et
2002 4555 2068 4622 alia
2090 4557 2193 4635 bona,

172 4678 229 4739 que
244 4661 396 4726 Domino
418 4661 606 4745 inspirante
627 4662 781 4744 feceritis,
805 4664 848 4728 ad
871 4666 985 4728 eterne
1007 4662 1143 4746 possitis
1160 4663 1325 4729 felicitatis
1342 4665 1461 4746 gaudia
1476 4663 1663 4747 pervenire.
1702 4662 1772 4726 Nos
1789 4661 1877 4726 enim
1894 4662 1934 4726 de
1951 4661 2194 4745 omnipotentis

173 4763 225 4828 Dei
251 4767 483 4832 misericordia
513 4770 548 4832 et
576 4769 752 4835 beatorum
776 4769 867 4834 Petri
896 4771 928 4834 et
953 4769 1048 4834 Pauli
1075 4770 1302 4854 apostolorum
1332 4771 1405 4835 eius
1433 4769 1632 4835 auctoritate
1661 4767 1779 4834 confisi
1808 4767 1962 4832 omnibus
1990 4787 2067 4832 vere
2097 4767 2194 4849 peni-

172 4873 312 4938 tentibus
346 4877 383 4938 et
410 4873 582 4956 confessis,
613 4875 671 4957 qui
699 4875 795 4940 dictis
822 4875 992 4941 sororibus
1017 4876 1060 4939 ad
1088 4874 1257 4959 victumi),
1289 4877 1332 4941 ad
1356 4877 1521 4954 vestitum,
1553 4875 1597 4941 ad
1627 4873 1761 4940 edificia
1791 4873 1845 4938 vel
1869 4871 1950 4938 alias
1974 4872 2191 4937 necessitates

172 4995 299 5044 manum
332 4980 548 5063 porrexerint
570 4981 778 5063 adiutricem,
809 4983 1028 5064 quadraginta
1051 4982 1121 5047 dies
1147 4985 1183 5047 et
1204 5002 1307 5047 unam
1330 5002 1484 5048 carenam
1507 4983 1549 5046 (19
1572 4979 1731 5050 iniunctis
1755 4978 1819 5044 sibi
1841 4978 2037 5061 penitentiis
2060 4976 2191 5042 miseri-

172 5085 311 5149 corditer
336 5087 537 5152 reluxamus.
585 5087 706 5152 Datum
729 5088 844 5154 Minde
864 5107 951 5153 anno
975 5090 1107 5154 Domini
1131 5087 1449 5168 M⁰.CC⁰.LXXlllI⁰,
1473 5086 1555 5152 fen'a
1576 5085 1682 5151 tercia
1706 5088 1783 5168 post
1807 5083 1894 5148 diem
1917 5083 2115 5150 Palmarum.

384 5192 393 5222 ,
525 5192 531 5204 .
583 5191 594 5224 ,
708 5193 714 5206 .

299 5277 357 5348 Or.
387 5189 875 5366 ἔωθτὲῇανέἠιῒέωἰῃῶρο.
927 5279 1031 5366 819991
1063 5281 1154 5344 acida
1187 5280 1323 5345 crhalten
1358 5302 1410 5342 orn
1443 5278 1667 5362 auhdnpendcn
1701 5275 2024 5362 Perpcmentstreg'fcn.
2077 5273 2193 5359 1199991

379 5381 473 5472 hipp.
496 5383 595 5470 11999.
620 5383 647 5464 Ι,
674 5384 708 5451 S.
730 5384 807 5451 288.
832 5386 970 5472 Anhang
994 5385 1054 5452 Nr.
1077 5385 1108 5452 2.

271 5522 361 5566 wasta
376 5521 516 5567 ura-suen
531 5522 571 5566 vr.
1931 5489 1971 5552 41
