<?xml version="1.0" encoding="UTF-8"?>
<!DOCTYPE html PUBLIC "-//W3C//DTD XHTML 1.0 Transitional//EN"
    "http://www.w3.org/TR/xhtml1/DTD/xhtml1-transitional.dtd">
<html xmlns="http://www.w3.org/1999/xhtml" xml:lang="en" lang="en">
 <head>
  <title>
</title>
<meta http-equiv="Content-Type" content="text/html;charset=utf-8" />
  <meta name='ocr-system' content='tesseract 3.04.00' />
  <meta name='ocr-capabilities' content='ocr_page ocr_carea ocr_par ocr_line ocrx_word'/>
</head>
<body>
  <div class='ocr_page' id='page_1' title='image "./westflischesurk00westgoog_0493.png"; bbox 0 0 5086 6768; ppageno 0'>
   <div class='ocr_carea' id='block_1_1' title="bbox 415 431 1482 496">
    <p class='ocr_par' dir='ltr' id='par_1_1' title="bbox 415 431 1482 496">
     <span class='ocr_line' id='line_1_1' title="bbox 415 431 1482 496; baseline 0.002 -2"><span class='ocrx_word' id='word_1_1' title='bbox 415 431 486 494; x_wconf 73' lang='grc'>476</span> <span class='ocrx_word' id='word_1_2' title='bbox 1415 441 1482 496; x_wconf 78' lang='grc'><em>1293</em></span> 
     </span>
    </p>
   </div>
   <div class='ocr_carea' id='block_1_2' title="bbox 419 635 2451 1464">
    <p class='ocr_par' dir='ltr' id='par_1_2' title="bbox 419 635 2451 1464">
     <span class='ocr_line' id='line_1_2' title="bbox 422 635 2451 726; baseline 0.002 -22"><span class='ocrx_word' id='word_1_3' title='bbox 422 639 583 705; x_wconf 88' lang='lat' dir='ltr'>memoria</span> <span class='ocrx_word' id='word_1_4' title='bbox 606 637 773 714; x_wconf 89' lang='lat' dir='ltr'>labuntur,</span> <span class='ocrx_word' id='word_1_5' title='bbox 797 635 864 701; x_wconf 91' lang='lat' dir='ltr'>nisi</span> <span class='ocrx_word' id='word_1_6' title='bbox 888 635 1085 719; x_wconf 87' lang='lat' dir='ltr'>scriptorum</span> <span class='ocrx_word' id='word_1_7' title='bbox 1108 636 1301 702; x_wconf 88' lang='lat' dir='ltr'>testimonio</span> <span class='ocrx_word' id='word_1_8' title='bbox 1324 636 1532 700; x_wconf 75' lang='lat' dir='ltr'><strong>roborentur.</strong></span> <span class='ocrx_word' id='word_1_9' title='bbox 1579 635 1694 700; x_wconf 78' lang='lat' dir='ltr'>Sciant</span> <span class='ocrx_word' id='word_1_10' title='bbox 1716 656 1795 718; x_wconf 84' lang='lat' dir='ltr'>ergo</span> <span class='ocrx_word' id='word_1_11' title='bbox 1818 639 1887 703; x_wconf 85' lang='lat' dir='ltr'>tam</span> <span class='ocrx_word' id='word_1_12' title='bbox 1909 641 2084 721; x_wconf 80' lang='lat' dir='ltr'><strong>presentes</strong></span> <span class='ocrx_word' id='word_1_13' title='bbox 2101 657 2202 721; x_wconf 87' lang='lat' dir='ltr'>quam</span> <span class='ocrx_word' id='word_1_14' title='bbox 2217 639 2333 722; x_wconf 81' lang='lat' dir='ltr'>futuri,</span> <span class='ocrx_word' id='word_1_15' title='bbox 2358 643 2451 726; x_wconf 91' lang='lat' dir='ltr'>quod</span> 
     </span>
     <span class='ocr_line' id='line_1_3' title="bbox 420 741 2450 828; baseline 0.001 -17"><span class='ocrx_word' id='word_1_16' title='bbox 420 765 482 811; x_wconf 87' lang='lat' dir='ltr'>nos</span> <span class='ocrx_word' id='word_1_17' title='bbox 499 743 793 828; x_wconf 86' lang='lat' dir='ltr'>permutacionem,</span> <span class='ocrx_word' id='word_1_18' title='bbox 817 762 919 825; x_wconf 89' lang='lat' dir='ltr'>quarn</span> <span class='ocrx_word' id='word_1_19' title='bbox 935 741 1014 807; x_wconf 84' lang='lat' dir='ltr'>iecit</span> <span class='ocrx_word' id='word_1_20' title='bbox 1030 744 1146 807; x_wconf 88' lang='lat' dir='ltr'>noster</span> <span class='ocrx_word' id='word_1_21' title='bbox 1161 742 1354 823; x_wconf 84' lang='lat' dir='ltr'>capellanus</span> <span class='ocrx_word' id='word_1_22' title='bbox 1372 741 1525 807; x_wconf 90' lang='lat' dir='ltr'>dominus</span> <span class='ocrx_word' id='word_1_23' title='bbox 1542 741 1710 807; x_wconf 84' lang='lat' dir='ltr'>lohannes</span> <span class='ocrx_word' id='word_1_24' title='bbox 1728 743 1892 821; x_wconf 89' lang='lat' dir='ltr'>sacerdos,</span> <span class='ocrx_word' id='word_1_25' title='bbox 1910 746 2016 808; x_wconf 87' lang='lat' dir='ltr'>rector</span> <span class='ocrx_word' id='word_1_26' title='bbox 2034 743 2173 810; x_wconf 80' lang='lat' dir='ltr'>ecclesie</span> <span class='ocrx_word' id='word_1_27' title='bbox 2189 747 2224 811; x_wconf 91' lang='lat' dir='ltr'>in</span> <span class='ocrx_word' id='word_1_28' title='bbox 2247 747 2450 826; x_wconf 85' lang='lat' dir='ltr'>Stenborch,</span> 
     </span>
     <span class='ocr_line' id='line_1_4' title="bbox 421 846 2450 938; baseline 0.002 -22"><span class='ocrx_word' id='word_1_29' title='bbox 421 871 497 917; x_wconf 92' lang='lat' dir='ltr'>cum</span> <span class='ocrx_word' id='word_1_30' title='bbox 521 851 657 915; x_wconf 93' lang='lat' dir='ltr'>domino</span> <span class='ocrx_word' id='word_1_31' title='bbox 680 848 849 913; x_wconf 86' lang='lat' dir='ltr'>Rotchero</span> <span class='ocrx_word' id='word_1_32' title='bbox 874 849 1044 932; x_wconf 90' lang='lat' dir='ltr'>preposito</span> <span class='ocrx_word' id='word_1_33' title='bbox 1068 848 1102 911; x_wconf 95' lang='lat' dir='ltr'>in</span> <span class='ocrx_word' id='word_1_34' title='bbox 1126 846 1283 913; x_wconf 88' lang='lat' dir='ltr'>Rintelen</span> <span class='ocrx_word' id='word_1_35' title='bbox 1305 851 1339 912; x_wconf 89' lang='lat' dir='ltr'>et</span> <span class='ocrx_word' id='word_1_36' title='bbox 1354 847 1551 912; x_wconf 89' lang='lat' dir='ltr'>Wulrhardo</span> <span class='ocrx_word' id='word_1_37' title='bbox 1574 868 1734 920; x_wconf 85' lang='lat' dir='ltr'>converso</span> <span class='ocrx_word' id='word_1_38' title='bbox 1759 849 1882 915; x_wconf 84' lang='lat' dir='ltr'>ibidem</span> <span class='ocrx_word' id='word_1_39' title='bbox 1906 869 1966 932; x_wconf 95' lang='lat' dir='ltr'>pro</span> <span class='ocrx_word' id='word_1_40' title='bbox 1984 850 2127 917; x_wconf 86' lang='lat' dir='ltr'>utilitate</span> <span class='ocrx_word' id='word_1_41' title='bbox 2142 852 2247 935; x_wconf 87' lang='lat' dir='ltr'>partis</span> <span class='ocrx_word' id='word_1_42' title='bbox 2262 855 2450 938; x_wconf 89' lang='lat' dir='ltr'>utriusque,</span> 
     </span>
     <span class='ocr_line' id='line_1_5' title="bbox 419 953 2450 1040; baseline 0.001 -18"><span class='ocrx_word' id='word_1_43' title='bbox 419 957 576 1022; x_wconf 88' lang='lat' dir='ltr'>videlicet</span> <span class='ocrx_word' id='word_1_44' title='bbox 599 957 690 1038; x_wconf 93' lang='lat' dir='ltr'>quod</span> <span class='ocrx_word' id='word_1_45' title='bbox 714 955 804 1020; x_wconf 85' lang='lat' dir='ltr'>idern</span> <span class='ocrx_word' id='word_1_46' title='bbox 827 955 996 1020; x_wconf 83' lang='lat' dir='ltr'>lohannes</span> <span class='ocrx_word' id='word_1_47' title='bbox 1022 955 1113 1019; x_wconf 88' lang='lat' dir='ltr'>dedit</span> <span class='ocrx_word' id='word_1_48' title='bbox 1137 953 1282 1019; x_wconf 90' lang='lat' dir='ltr'>claustro</span> <span class='ocrx_word' id='word_1_49' title='bbox 1311 955 1481 1019; x_wconf 90' lang='lat' dir='ltr'>Rintlensi</span> <span class='ocrx_word' id='word_1_50' title='bbox 1504 974 1608 1018; x_wconf 92' lang='lat' dir='ltr'>unum</span> <span class='ocrx_word' id='word_1_51' title='bbox 1632 973 1756 1035; x_wconf 84' lang='lat' dir='ltr'>agrum,</span> <span class='ocrx_word' id='word_1_52' title='bbox 1782 955 1840 1038; x_wconf 91' lang='lat' dir='ltr'>qui</span> <span class='ocrx_word' id='word_1_53' title='bbox 1863 955 1984 1020; x_wconf 91' lang='lat' dir='ltr'>dicitur</span> <span class='ocrx_word' id='word_1_54' title='bbox 2007 975 2155 1040; x_wconf 82' lang='lat' dir='ltr'><strong>morgen,</strong></span> <span class='ocrx_word' id='word_1_55' title='bbox 2179 958 2281 1023; x_wconf 91' lang='lat' dir='ltr'>situm</span> <span class='ocrx_word' id='word_1_56' title='bbox 2303 959 2339 1023; x_wconf 93' lang='lat' dir='ltr'>in</span> <span class='ocrx_word' id='word_1_57' title='bbox 2364 960 2450 1039; x_wconf 86' lang='lat' dir='ltr'>loco,</span> 
     </span>
     <span class='ocr_line' id='line_1_6' title="bbox 419 1059 2449 1146; baseline 0 -18"><span class='ocrx_word' id='word_1_58' title='bbox 419 1063 480 1146; x_wconf 91' lang='lat' dir='ltr'>qui</span> <span class='ocrx_word' id='word_1_59' title='bbox 504 1064 641 1128; x_wconf 88' lang='lat' dir='ltr'>vocatur</span> <span class='ocrx_word' id='word_1_60' title='bbox 659 1062 767 1144; x_wconf 82' lang='lat' dir='ltr'><strong>Hogh‚</strong></span> <span class='ocrx_word' id='word_1_61' title='bbox 791 1080 853 1143; x_wconf 91' lang='lat' dir='ltr'>pro</span> <span class='ocrx_word' id='word_1_62' title='bbox 878 1079 955 1124; x_wconf 88' lang='lat' dir='ltr'>area</span> <span class='ocrx_word' id='word_1_63' title='bbox 978 1060 1079 1126; x_wconf 91' lang='lat' dir='ltr'>nnius</span> <span class='ocrx_word' id='word_1_64' title='bbox 1102 1080 1178 1125; x_wconf 90' lang='lat' dir='ltr'>case</span> <span class='ocrx_word' id='word_1_65' title='bbox 1202 1061 1267 1126; x_wconf 88' lang='lat' dir='ltr'>sita</span> <span class='ocrx_word' id='word_1_66' title='bbox 1289 1061 1325 1125; x_wconf 92' lang='lat' dir='ltr'>in</span> <span class='ocrx_word' id='word_1_67' title='bbox 1347 1060 1436 1140; x_wconf 83' lang='lat' dir='ltr'>villa,</span> <span class='ocrx_word' id='word_1_68' title='bbox 1459 1081 1526 1144; x_wconf 90' lang='lat' dir='ltr'>que</span> <span class='ocrx_word' id='word_1_69' title='bbox 1543 1059 1663 1124; x_wconf 89' lang='lat' dir='ltr'>dicitur</span> <span class='ocrx_word' id='word_1_70' title='bbox 1678 1061 1719 1142; x_wconf 86' lang='lat' dir='ltr'>A,</span> <span class='ocrx_word' id='word_1_71' title='bbox 1743 1063 1871 1142; x_wconf 83' lang='lat' dir='ltr'>gratam</span> <span class='ocrx_word' id='word_1_72' title='bbox 1894 1064 1926 1126; x_wconf 87' lang='lat' dir='ltr'>et</span> <span class='ocrx_word' id='word_1_73' title='bbox 1951 1065 2057 1128; x_wconf 89' lang='lat' dir='ltr'>ratam</span> <span class='ocrx_word' id='word_1_74' title='bbox 2080 1064 2236 1129; x_wconf 80' lang='lat' dir='ltr'>volumus</span> <span class='ocrx_word' id='word_1_75' title='bbox 2259 1066 2449 1132; x_wconf 76' lang='lat' dir='ltr'>observare.</span> 
     </span>
     <span class='ocr_line' id='line_1_7' title="bbox 420 1166 2451 1256; baseline 0.001 -22"><span class='ocrx_word' id='word_1_76' title='bbox 420 1169 462 1234; x_wconf 87' lang='lat' dir='ltr'>Et</span> <span class='ocrx_word' id='word_1_77' title='bbox 494 1189 537 1234; x_wconf 90' lang='lat' dir='ltr'>ne</span> <span class='ocrx_word' id='word_1_78' title='bbox 566 1169 664 1254; x_wconf 83' lang='lat' dir='ltr'>hec1)</span> <span class='ocrx_word' id='word_1_79' title='bbox 696 1167 957 1251; x_wconf 90' lang='lat' dir='ltr'>permutacionis</span> <span class='ocrx_word' id='word_1_80' title='bbox 986 1166 1155 1233; x_wconf 84' lang='lat' dir='ltr'><strong>ordinacio</strong></span> <span class='ocrx_word' id='word_1_81' title='bbox 1185 1187 1245 1250; x_wconf 91' lang='lat' dir='ltr'>per</span> <span class='ocrx_word' id='word_1_82' title='bbox 1268 1166 1406 1232; x_wconf 89' lang='lat' dir='ltr'>alicuius</span> <span class='ocrx_word' id='word_1_83' title='bbox 1429 1167 1657 1249; x_wconf 84' lang='lat' dir='ltr'>calumpniam</span> <span class='ocrx_word' id='word_1_84' title='bbox 1684 1167 1791 1253; x_wconf 78' lang='lat' dir='ltr'>possit</span> <span class='ocrx_word' id='word_1_85' title='bbox 1819 1167 1956 1239; x_wconf 83' lang='lat' dir='ltr'>aboleri.</span> <span class='ocrx_word' id='word_1_86' title='bbox 1988 1172 2197 1254; x_wconf 83' lang='lat' dir='ltr'>appensione</span> <span class='ocrx_word' id='word_1_87' title='bbox 2219 1173 2326 1237; x_wconf 80' lang='lat' dir='ltr'>nostri</span> <span class='ocrx_word' id='word_1_88' title='bbox 2351 1173 2451 1256; x_wconf 79' lang='lat' dir='ltr'>sigilli</span> 
     </span>
     <span class='ocr_line' id='line_1_8' title="bbox 419 1272 2450 1360; baseline 0.001 -22"><span class='ocrx_word' id='word_1_89' title='bbox 419 1296 560 1360; x_wconf 87' lang='lat' dir='ltr'>presens</span> <span class='ocrx_word' id='word_1_90' title='bbox 595 1275 758 1358; x_wconf 91' lang='lat' dir='ltr'>scriptum</span> <span class='ocrx_word' id='word_1_91' title='bbox 793 1273 948 1338; x_wconf 82' lang='lat' dir='ltr'>duximus</span> <span class='ocrx_word' id='word_1_92' title='bbox 984 1273 1220 1337; x_wconf 91' lang='lat' dir='ltr'>roborandum.</span> <span class='ocrx_word' id='word_1_93' title='bbox 1279 1272 1397 1338; x_wconf 89' lang='lat' dir='ltr'>Testes</span> <span class='ocrx_word' id='word_1_94' title='bbox 1432 1273 1531 1338; x_wconf 90' lang='lat' dir='ltr'>huius</span> <span class='ocrx_word' id='word_1_95' title='bbox 1567 1273 1644 1338; x_wconf 87' lang='lat' dir='ltr'>facti</span> <span class='ocrx_word' id='word_1_96' title='bbox 1678 1276 1773 1338; x_wconf 90' lang='lat' dir='ltr'>sunt:</span> <span class='ocrx_word' id='word_1_97' title='bbox 1808 1274 1982 1340; x_wconf 88' lang='lat' dir='ltr'>Conradus</span> <span class='ocrx_word' id='word_1_98' title='bbox 2017 1275 2059 1341; x_wconf 86' lang='lat' dir='ltr'>de</span> <span class='ocrx_word' id='word_1_99' title='bbox 2096 1277 2244 1358; x_wconf 87' lang='lat' dir='ltr'>Stedere,</span> <span class='ocrx_word' id='word_1_100' title='bbox 2280 1277 2450 1344; x_wconf 84' lang='lat' dir='ltr'>Rodolfus</span> 
     </span>
     <span class='ocr_line' id='line_1_9' title="bbox 419 1377 2280 1464; baseline 0.002 -18"><span class='ocrx_word' id='word_1_101' title='bbox 419 1381 615 1464; x_wconf 83' lang='lat' dir='ltr'>Gogravius‚</span> <span class='ocrx_word' id='word_1_102' title='bbox 639 1379 848 1462; x_wconf 64' lang='lat' dir='ltr'>Conradust)</span> <span class='ocrx_word' id='word_1_103' title='bbox 872 1381 1037 1451; x_wconf 90' lang='lat' dir='ltr'>Verzowe.</span> <span class='ocrx_word' id='word_1_104' title='bbox 1085 1379 1208 1443; x_wconf 89' lang='lat' dir='ltr'>Datum</span> <span class='ocrx_word' id='word_1_105' title='bbox 1232 1397 1319 1444; x_wconf 90' lang='lat' dir='ltr'>anno</span> <span class='ocrx_word' id='word_1_106' title='bbox 1343 1378 1475 1443; x_wconf 90' lang='lat' dir='ltr'>Domini</span> <span class='ocrx_word' id='word_1_107' title='bbox 1499 1377 1768 1461; x_wconf 82' lang='lat' dir='ltr'>M⁰.CC⁰.XG.llI,</span> <span class='ocrx_word' id='word_1_108' title='bbox 1792 1379 1874 1444; x_wconf 86' lang='lat' dir='ltr'>feria</span> <span class='ocrx_word' id='word_1_109' title='bbox 1896 1383 2015 1463; x_wconf 85' lang='lat' dir='ltr'>quarta</span> <span class='ocrx_word' id='word_1_110' title='bbox 2036 1384 2115 1464; x_wconf 92' lang='lat' dir='ltr'>post</span> <span class='ocrx_word' id='word_1_111' title='bbox 2139 1382 2280 1449; x_wconf 87' lang='lat' dir='ltr'>Palmas.</span> 
     </span>
    </p>
   </div>
   <div class='ocr_carea' id='block_1_3' title="bbox 638 1501 1067 1571">
    <p class='ocr_par' dir='ltr' id='par_1_3' title="bbox 638 1501 1067 1571">
     <span class='ocr_line' id='line_1_10' title="bbox 638 1501 1067 1571; baseline -0.005 -16"><span class='ocrx_word' id='word_1_112' title='bbox 638 1501 658 1571; x_wconf 85' lang='lat'>¹)</span> <span class='ocrx_word' id='word_1_113' title='bbox 678 1503 727 1555; x_wconf 89' lang='lat' dir='ltr'>hac</span> <span class='ocrx_word' id='word_1_114' title='bbox 748 1501 777 1554; x_wconf 83' lang='lat'>0.</span> <span class='ocrx_word' id='word_1_115' title='bbox 816 1501 839 1570; x_wconf 74' lang='lat'>⁹)</span> <span class='ocrx_word' id='word_1_116' title='bbox 859 1501 1016 1555; x_wconf 84' lang='lat' dir='ltr'>Conrandus</span> <span class='ocrx_word' id='word_1_117' title='bbox 1039 1501 1067 1554; x_wconf 80' lang='lat' dir='ltr'>C.</span> 
     </span>
    </p>
   </div>
   <div class='ocr_carea' id='block_1_4' title="bbox 555 1605 2452 1906">
    <p class='ocr_par' dir='ltr' id='par_1_4' title="bbox 555 1605 2452 1906">
     <span class='ocr_line' id='line_1_11' title="bbox 555 1605 2450 1696; baseline 0.003 -23"><span class='ocrx_word' id='word_1_118' title='bbox 555 1609 722 1694; x_wconf 70' lang='lat' dir='ltr'>Abaclmft</span> <span class='ocrx_word' id='word_1_119' title='bbox 743 1610 795 1674; x_wconf 82' lang='lat' dir='ltr'>des</span> <span class='ocrx_word' id='word_1_120' title='bbox 821 1607 871 1674; x_wconf 83' lang='lat'>16.</span> <span class='ocrx_word' id='word_1_121' title='bbox 896 1608 1006 1674; x_wconf 70' lang='lat' dir='ltr'>Jahrb.</span> <span class='ocrx_word' id='word_1_122' title='bbox 1029 1612 1063 1672; x_wconf 83' lang='lat' dir='ltr'>c&#39;n</span> <span class='ocrx_word' id='word_1_123' title='bbox 1087 1608 1164 1673; x_wconf 84' lang='lat' dir='ltr'>Mac.</span> <span class='ocrx_word' id='word_1_124' title='bbox 1196 1605 1224 1670; x_wconf 85' lang='lat' dir='ltr'><em>V</em></span> <span class='ocrx_word' id='word_1_125' title='bbox 1222 1606 1266 1686; x_wconf 92' lang='lat' dir='ltr'>II,</span> <span class='ocrx_word' id='word_1_126' title='bbox 1290 1605 1390 1686; x_wconf 83' lang='grc'><em>6712,</em></span> <span class='ocrx_word' id='word_1_127' title='bbox 1403 1607 1467 1691; x_wconf 83' lang='lat' dir='ltr'>sol.</span> <span class='ocrx_word' id='word_1_128' title='bbox 1490 1606 1535 1669; x_wconf 87' lang='lat' dir='ltr'>2o</span> <span class='ocrx_word' id='word_1_129' title='bbox 1564 1610 1609 1670; x_wconf 82' lang='lat' dir='ltr'>im</span> <span class='ocrx_word' id='word_1_130' title='bbox 1632 1606 1706 1694; x_wconf 72' lang='lat' dir='ltr'>qu.</span> <span class='ocrx_word' id='word_1_131' title='bbox 1733 1606 1836 1672; x_wconf 76' lang='lat' dir='ltr'>St-A.</span> <span class='ocrx_word' id='word_1_132' title='bbox 1860 1631 1899 1672; x_wconf 80' lang='lat' dir='ltr'>zu</span> <span class='ocrx_word' id='word_1_133' title='bbox 1921 1609 2062 1674; x_wconf 61' lang='lat' dir='ltr'>dicmur·</span> <span class='ocrx_word' id='word_1_134' title='bbox 2086 1609 2150 1696; x_wconf 89' lang='lat' dir='ltr'>(C).</span> <span class='ocrx_word' id='word_1_135' title='bbox 2196 1613 2227 1676; x_wconf 86' lang='lat' dir='ltr'>A</span> <span class='ocrx_word' id='word_1_136' title='bbox 2249 1615 2292 1676; x_wconf 82' lang='lat' dir='ltr'>a&#39;at</span> <span class='ocrx_word' id='word_1_137' title='bbox 2314 1613 2382 1678; x_wconf 70' lang='lat' dir='ltr'>Ale</span> <span class='ocrx_word' id='word_1_138' title='bbox 2409 1613 2450 1679; x_wconf 89' lang='lat' dir='ltr'>O.</span> 
     </span>
     <span class='ocr_line' id='line_1_12' title="bbox 633 1711 2452 1800; baseline 0.002 -20"><span class='ocrx_word' id='word_1_139' title='bbox 633 1716 777 1790; x_wconf 79' lang='lat' dir='ltr'>Riotela3</span> <span class='ocrx_word' id='word_1_140' title='bbox 803 1717 900 1800; x_wconf 84' lang='lat' dir='ltr'>Hoglr</span> <span class='ocrx_word' id='word_1_141' title='bbox 925 1717 978 1800; x_wconf 76' lang='lat' dir='ltr'>lap</span> <span class='ocrx_word' id='word_1_142' title='bbox 1001 1714 1084 1778; x_wconf 78' lang='lat' dir='ltr'>nack</span> <span class='ocrx_word' id='word_1_143' title='bbox 1106 1715 1173 1779; x_wconf 76' lang='lat' dir='ltr'>dem</span> <span class='ocrx_word' id='word_1_144' title='bbox 1198 1713 1310 1800; x_wconf 76' lang='lat' dir='ltr'>Repeat</span> <span class='ocrx_word' id='word_1_145' title='bbox 1342 1711 1583 1799; x_wconf 64' lang='lat' dir='ltr'>erperrnaona,</span> <span class='ocrx_word' id='word_1_146' title='bbox 1608 1713 1708 1800; x_wconf 74' lang='lat' dir='ltr'>Reyp.</span> <span class='ocrx_word' id='word_1_147' title='bbox 1734 1713 1902 1779; x_wconf 79' lang='lat' dir='ltr'>Schocmd.</span> <span class='ocrx_word' id='word_1_148' title='bbox 1929 1714 1963 1780; x_wconf 84' lang='lat' dir='ltr'>S.</span> <span class='ocrx_word' id='word_1_149' title='bbox 1983 1714 2048 1779; x_wconf 82' lang='lat'>132</span> <span class='ocrx_word' id='word_1_150' title='bbox 2070 1715 2130 1785; x_wconf 82' lang='lat' dir='ltr'>Nr.</span> <span class='ocrx_word' id='word_1_151' title='bbox 2146 1716 2212 1781; x_wconf 72' lang='lat'>284</span> <span class='ocrx_word' id='word_1_152' title='bbox 2238 1717 2288 1782; x_wconf 82' lang='lat' dir='ltr'>bai</span> <span class='ocrx_word' id='word_1_153' title='bbox 2310 1717 2452 1784; x_wconf 59' lang='lat' dir='ltr'>Haben</span> 
     </span>
     <span class='ocr_line' id='line_1_13' title="bbox 632 1818 1440 1906; baseline -0.001 -20"><span class='ocrx_word' id='word_1_154' title='bbox 632 1825 745 1888; x_wconf 76' lang='lat' dir='ltr'>anwed</span> <span class='ocrx_word' id='word_1_155' title='bbox 769 1820 933 1886; x_wconf 78' lang='lat' dir='ltr'>Louenoc.</span> <span class='ocrx_word' id='word_1_156' title='bbox 983 1819 1186 1906; x_wconf 79' lang='lat' dir='ltr'>Steindcrpco</span> <span class='ocrx_word' id='word_1_157' title='bbox 1207 1818 1279 1886; x_wconf 88' lang='grc' dir='ltr'>ΝΟ.</span> <span class='ocrx_word' id='word_1_158' title='bbox 1307 1819 1440 1886; x_wconf 83' lang='lat' dir='ltr'>Rinteln.</span> 
     </span>
    </p>
   </div>
   <div class='ocr_carea' id='block_1_5' title="bbox 1380 2052 1495 2130">
    <p class='ocr_par' dir='ltr' id='par_1_5' title="bbox 1380 2052 1495 2130">
     <span class='ocr_line' id='line_1_14' title="bbox 1380 2052 1495 2130; baseline 0.017 -2"><span class='ocrx_word' id='word_1_159' title='bbox 1380 2052 1495 2130; x_wconf 82' lang='lat'><strong>1496.</strong></span> 
     </span>
    </p>
   </div>
   <div class='ocr_carea' id='block_1_6' title="bbox 413 2178 2449 2484">
    <p class='ocr_par' dir='ltr' id='par_1_6' title="bbox 413 2178 2449 2484">
     <span class='ocr_line' id='line_1_15' title="bbox 420 2178 2448 2274; baseline -0 -18"><span class='ocrx_word' id='word_1_160' title='bbox 420 2182 522 2272; x_wconf 72' lang='lat' dir='ltr'>Gaas</span> <span class='ocrx_word' id='word_1_161' title='bbox 546 2182 708 2255; x_wconf 52' lang='lat' dir='ltr'>certata</span> <span class='ocrx_word' id='word_1_162' title='bbox 735 2204 798 2252; x_wconf 82' lang='lat' dir='ltr'>noo</span> <span class='ocrx_word' id='word_1_163' title='bbox 826 2181 1057 2253; x_wconf 82' lang='lat' dir='ltr'>Haltermund</span> <span class='ocrx_word' id='word_1_164' title='bbox 1085 2180 1262 2252; x_wconf 63' lang='lat' dir='ltr'>annullet</span> <span class='ocrx_word' id='word_1_165' title='bbox 1289 2181 1327 2250; x_wconf 83' lang='lat' dir='ltr'>io</span> <span class='ocrx_word' id='word_1_166' title='bbox 1357 2178 1560 2269; x_wconf 77' lang='lat' dir='ltr'>chcowort</span> <span class='ocrx_word' id='word_1_167' title='bbox 1587 2180 1647 2252; x_wconf 84' lang='lat' dir='ltr'>des</span> <span class='ocrx_word' id='word_1_168' title='bbox 1669 2179 1806 2270; x_wconf 79' lang='lat' dir='ltr'>Grofeo</span> <span class='ocrx_word' id='word_1_169' title='bbox 1825 2181 1936 2270; x_wconf 77' lang='lat' dir='ltr'>Adolf</span> <span class='ocrx_word' id='word_1_170' title='bbox 1956 2204 2020 2252; x_wconf 83' lang='lat' dir='ltr'>ooo</span> <span class='ocrx_word' id='word_1_171' title='bbox 2040 2183 2274 2274; x_wconf 77' lang='lat' dir='ltr'>Sclrcumburp</span> <span class='ocrx_word' id='word_1_172' title='bbox 2299 2185 2364 2272; x_wconf 70' lang='lat' dir='ltr'>out</span> <span class='ocrx_word' id='word_1_173' title='bbox 2389 2185 2448 2256; x_wconf 83' lang='lat' dir='ltr'>dic</span> 
     </span>
     <span class='ocr_line' id='line_1_16' title="bbox 413 2283 2449 2383; baseline 0 -21"><span class='ocrx_word' id='word_1_174' title='bbox 413 2312 521 2383; x_wconf 74' lang='lat' dir='ltr'>pepon</span> <span class='ocrx_word' id='word_1_175' title='bbox 555 2288 621 2361; x_wconf 83' lang='lat' dir='ltr'>dos</span> <span class='ocrx_word' id='word_1_176' title='bbox 651 2289 709 2360; x_wconf 79' lang='lat' dir='ltr'>Iu.</span> <span class='ocrx_word' id='word_1_177' title='bbox 738 2289 887 2360; x_wconf 78' lang='lat' dir='ltr'>Leccam</span> <span class='ocrx_word' id='word_1_178' title='bbox 920 2288 989 2376; x_wconf 80' lang='lat' dir='ltr'>anf</span> <span class='ocrx_word' id='word_1_179' title='bbox 1016 2287 1125 2358; x_wconf 71' lang='lat' dir='ltr'>Gdtcr</span> <span class='ocrx_word' id='word_1_180' title='bbox 1157 2287 1194 2356; x_wconf 82' lang='lat' dir='ltr'>io</span> <span class='ocrx_word' id='word_1_181' title='bbox 1228 2284 1420 2376; x_wconf 88' lang='lat' dir='ltr'>Werdere,</span> <span class='ocrx_word' id='word_1_182' title='bbox 1454 2283 1653 2380; x_wconf 87' lang='lat' dir='ltr'>Meringen</span> <span class='ocrx_word' id='word_1_183' title='bbox 1685 2287 1757 2358; x_wconf 79' lang='lat' dir='ltr'>aad</span> <span class='ocrx_word' id='word_1_184' title='bbox 1784 2285 1884 2358; x_wconf 90' lang='lat' dir='ltr'>Hom</span> <span class='ocrx_word' id='word_1_185' title='bbox 1920 2288 2104 2360; x_wconf 69' lang='lat' dir='ltr'>mlwbcaco</span> <span class='ocrx_word' id='word_1_186' title='bbox 2136 2289 2340 2380; x_wconf 67' lang='lat' dir='ltr'>Anapotclrc</span> <span class='ocrx_word' id='word_1_187' title='bbox 2374 2291 2449 2362; x_wconf 79' lang='lat' dir='ltr'>und</span> 
     </span>
     <span class='ocr_line' id='line_1_17' title="bbox 728 2391 2151 2484; baseline 0.001 -20"><span class='ocrx_word' id='word_1_188' title='bbox 728 2394 882 2484; x_wconf 73' lang='lat' dir='ltr'>beatutipt</span> <span class='ocrx_word' id='word_1_189' title='bbox 907 2393 978 2464; x_wconf 80' lang='lat' dir='ltr'>itm</span> <span class='ocrx_word' id='word_1_190' title='bbox 1006 2394 1100 2464; x_wconf 80' lang='lat' dir='ltr'>dicae</span> <span class='ocrx_word' id='word_1_191' title='bbox 1127 2393 1179 2464; x_wconf 83' lang='lat' dir='ltr'>als</span> <span class='ocrx_word' id='word_1_192' title='bbox 1209 2391 1400 2464; x_wconf 79' lang='lat' dir='ltr'>Gescbenlcc</span> <span class='ocrx_word' id='word_1_193' title='bbox 1427 2393 1540 2462; x_wconf 73' lang='lat' dir='ltr'>sacer</span> <span class='ocrx_word' id='word_1_194' title='bbox 1575 2391 1778 2481; x_wconf 77' lang='lat' dir='ltr'>Vorfobrco.</span> <span class='ocrx_word' id='word_1_195' title='bbox 1833 2392 1931 2466; x_wconf 86' lang='lat'><strong><em>1293</em></strong></span> <span class='ocrx_word' id='word_1_196' title='bbox 1957 2394 2063 2484; x_wconf 81' lang='lat' dir='ltr'>April</span> <span class='ocrx_word' id='word_1_197' title='bbox 2091 2395 2151 2467; x_wconf 84' lang='lat'>12.</span> 
     </span>
    </p>
   </div>
   <div class='ocr_carea' id='block_1_7' title="bbox 418 2527 2447 2720">
    <p class='ocr_par' dir='ltr' id='par_1_7' title="bbox 418 2527 2447 2720">
     <span class='ocr_line' id='line_1_18' title="bbox 526 2527 2446 2612; baseline 0.001 -17"><span class='ocrx_word' id='word_1_198' title='bbox 526 2532 634 2597; x_wconf 89' lang='lat' dir='ltr'>Huius</span> <span class='ocrx_word' id='word_1_199' title='bbox 658 2531 735 2596; x_wconf 85' lang='lat' dir='ltr'>lacti</span> <span class='ocrx_word' id='word_1_200' title='bbox 758 2533 862 2594; x_wconf 87' lang='lat' dir='ltr'>testes</span> <span class='ocrx_word' id='word_1_201' title='bbox 887 2533 981 2594; x_wconf 89' lang='lat' dir='ltr'>sunt:</span> <span class='ocrx_word' id='word_1_202' title='bbox 1008 2530 1222 2594; x_wconf 88' lang='lat' dir='ltr'>Hermannus</span> <span class='ocrx_word' id='word_1_203' title='bbox 1246 2548 1356 2594; x_wconf 88' lang='lat' dir='ltr'>comes</span> <span class='ocrx_word' id='word_1_204' title='bbox 1381 2528 1422 2593; x_wconf 88' lang='lat' dir='ltr'>de</span> <span class='ocrx_word' id='word_1_205' title='bbox 1446 2527 1638 2610; x_wconf 88' lang='lat' dir='ltr'>Peremunt,</span> <span class='ocrx_word' id='word_1_206' title='bbox 1664 2528 1825 2594; x_wconf 87' lang='lat' dir='ltr'>Ludollus</span> <span class='ocrx_word' id='word_1_207' title='bbox 1850 2533 1882 2594; x_wconf 91' lang='lat' dir='ltr'>et</span> <span class='ocrx_word' id='word_1_208' title='bbox 1905 2530 2080 2595; x_wconf 88' lang='lat' dir='ltr'>Conradus</span> <span class='ocrx_word' id='word_1_209' title='bbox 2106 2529 2235 2596; x_wconf 90' lang='lat' dir='ltr'>nobiles</span> <span class='ocrx_word' id='word_1_210' title='bbox 2253 2532 2293 2597; x_wconf 84' lang='lat' dir='ltr'>de</span> <span class='ocrx_word' id='word_1_211' title='bbox 2309 2532 2446 2612; x_wconf 85' lang='lat' dir='ltr'>Arnem,</span> 
     </span>
     <span class='ocr_line' id='line_1_19' title="bbox 418 2633 2447 2720; baseline -0.002 -14"><span class='ocrx_word' id='word_1_212' title='bbox 418 2641 589 2706; x_wconf 83' lang='lat' dir='ltr'>lohannes</span> <span class='ocrx_word' id='word_1_213' title='bbox 613 2639 654 2703; x_wconf 90' lang='lat' dir='ltr'>de</span> <span class='ocrx_word' id='word_1_214' title='bbox 678 2636 870 2715; x_wconf 88' lang='lat' dir='ltr'>Bardeleve,</span> <span class='ocrx_word' id='word_1_215' title='bbox 894 2635 1117 2716; x_wconf 84' lang='lat' dir='ltr'>Everhardus,</span> <span class='ocrx_word' id='word_1_216' title='bbox 1141 2635 1320 2713; x_wconf 78' lang='lat' dir='ltr'>WolteruS,</span> <span class='ocrx_word' id='word_1_217' title='bbox 1345 2633 1530 2699; x_wconf 78' lang='lat' dir='ltr'>lietbertus</span> <span class='ocrx_word' id='word_1_218' title='bbox 1555 2636 1596 2699; x_wconf 91' lang='lat' dir='ltr'>de</span> <span class='ocrx_word' id='word_1_219' title='bbox 1620 2633 1753 2716; x_wconf 85' lang='lat' dir='ltr'>Cersne,</span> <span class='ocrx_word' id='word_1_220' title='bbox 1784 2637 1996 2702; x_wconf 88' lang='lat' dir='ltr'>Hermannus</span> <span class='ocrx_word' id='word_1_221' title='bbox 2021 2637 2149 2720; x_wconf 84' lang='lat' dir='ltr'>longior</span> <span class='ocrx_word' id='word_1_222' title='bbox 2172 2638 2214 2702; x_wconf 89' lang='lat' dir='ltr'>de</span> <span class='ocrx_word' id='word_1_223' title='bbox 2238 2637 2389 2704; x_wconf 80' lang='lat' dir='ltr'>Lerbelre</span> <span class='ocrx_word' id='word_1_224' title='bbox 2414 2641 2447 2704; x_wconf 87' lang='lat' dir='ltr'>et</span> 
     </span>
    </p>
   </div>
   <div class='ocr_carea' id='block_1_8' title="bbox 418 2740 1116 2824">
    <p class='ocr_par' dir='ltr' id='par_1_8' title="bbox 418 2740 1116 2824">
     <span class='ocr_line' id='line_1_20' title="bbox 418 2740 1116 2824; baseline -0.011 -14"><span class='ocrx_word' id='word_1_225' title='bbox 418 2745 595 2810; x_wconf 85' lang='lat' dir='ltr'>Conradus</span> <span class='ocrx_word' id='word_1_226' title='bbox 619 2743 660 2807; x_wconf 89' lang='lat' dir='ltr'>de</span> <span class='ocrx_word' id='word_1_227' title='bbox 684 2742 959 2824; x_wconf 82' lang='lat' dir='ltr'>Winingchusen,</span> <span class='ocrx_word' id='word_1_228' title='bbox 983 2740 1116 2806; x_wconf 81' lang='lat' dir='ltr'>milites</span> 
     </span>
    </p>
   </div>
   <div class='ocr_carea' id='block_1_9' title="bbox 552 2860 2447 3144">
    <p class='ocr_par' dir='ltr' id='par_1_9' title="bbox 552 2860 2447 3144">
     <span class='ocr_line' id='line_1_21' title="bbox 552 2860 2447 2949; baseline -0.001 -18"><span class='ocrx_word' id='word_1_229' title='bbox 552 2866 646 2934; x_wconf 66' lang='grc' dir='ltr'><em>θεῶν.</em></span> <span class='ocrx_word' id='word_1_230' title='bbox 677 2865 759 2929; x_wconf 77' lang='lat' dir='ltr'>noch</span> <span class='ocrx_word' id='word_1_231' title='bbox 782 2866 850 2929; x_wconf 71' lang='lat' dir='ltr'>dem</span> <span class='ocrx_word' id='word_1_232' title='bbox 878 2862 931 2929; x_wconf 79' lang='lat' dir='ltr'>Or.</span> <span class='ocrx_word' id='word_1_233' title='bbox 959 2868 1003 2928; x_wconf 80' lang='lat' dir='ltr'>ior</span> <span class='ocrx_word' id='word_1_234' title='bbox 1026 2863 1144 2927; x_wconf 79' lang='lat' dir='ltr'>Archiv</span> <span class='ocrx_word' id='word_1_235' title='bbox 1171 2864 1225 2928; x_wconf 74' lang='lat' dir='ltr'>das</span> <span class='ocrx_word' id='word_1_236' title='bbox 1247 2861 1300 2927; x_wconf 87' lang='lat' dir='ltr'>KI.</span> <span class='ocrx_word' id='word_1_237' title='bbox 1325 2860 1458 2926; x_wconf 77' lang='lat' dir='ltr'>Leccam</span> <span class='ocrx_word' id='word_1_238' title='bbox 1490 2887 1517 2928; x_wconf 86' lang='lat' dir='ltr'>o.</span> <span class='ocrx_word' id='word_1_239' title='bbox 1543 2861 1740 2949; x_wconf 57' lang='lat' dir='ltr'>Hodenbcrffi</span> <span class='ocrx_word' id='word_1_240' title='bbox 1775 2863 1981 2949; x_wconf 73' lang='lat' dir='ltr'>Calmberper</span> <span class='ocrx_word' id='word_1_241' title='bbox 2009 2863 2076 2929; x_wconf 79' lang='grc' dir='ltr'>ΠΒ.</span> <span class='ocrx_word' id='word_1_242' title='bbox 2105 2864 2202 2930; x_wconf 73' lang='lat' dir='ltr'>Aban.</span> <span class='ocrx_word' id='word_1_243' title='bbox 2227 2863 2288 2944; x_wconf 91' lang='grc' dir='ltr'><em>ΙΙΙ,</em></span> <span class='ocrx_word' id='word_1_244' title='bbox 2322 2864 2355 2930; x_wconf 81' lang='lat' dir='ltr'>S.</span> <span class='ocrx_word' id='word_1_245' title='bbox 2379 2865 2447 2930; x_wconf 81' lang='lat'>310</span> 
     </span>
     <span class='ocr_line' id='line_1_22' title="bbox 633 2965 2447 3057; baseline 0.002 -23"><span class='ocrx_word' id='word_1_246' title='bbox 633 2970 693 3036; x_wconf 81' lang='lat' dir='ltr'>Nr.</span> <span class='ocrx_word' id='word_1_247' title='bbox 719 2969 792 3038; x_wconf 74' lang='lat'>495.</span> <span class='ocrx_word' id='word_1_248' title='bbox 848 2969 957 3055; x_wconf 76' lang='lat' dir='ltr'>Wepen</span> <span class='ocrx_word' id='word_1_249' title='bbox 988 2971 1145 3036; x_wconf 89' lang='lat' dir='ltr'>Werdere</span> <span class='ocrx_word' id='word_1_250' title='bbox 1174 2992 1199 3033; x_wconf 85' lang='lat' dir='ltr'>a.</span> <span class='ocrx_word' id='word_1_251' title='bbox 1229 2968 1305 3032; x_wconf 82' lang='lat' dir='ltr'>obeo</span> <span class='ocrx_word' id='word_1_252' title='bbox 1328 2965 1388 3032; x_wconf 76' lang='lat' dir='ltr'>Nc.</span> <span class='ocrx_word' id='word_1_253' title='bbox 1414 2967 1510 3047; x_wconf 78' lang='lat'><em>1095,</em></span> <span class='ocrx_word' id='word_1_254' title='bbox 1542 2992 1646 3054; x_wconf 77' lang='lat' dir='ltr'>wepcn</span> <span class='ocrx_word' id='word_1_255' title='bbox 1669 2971 1839 3052; x_wconf 82' lang='lat' dir='ltr'>Meringen</span> <span class='ocrx_word' id='word_1_256' title='bbox 1860 2967 1922 3035; x_wconf 82' lang='lat' dir='ltr'>Nr.</span> <span class='ocrx_word' id='word_1_257' title='bbox 1946 2969 2013 3034; x_wconf 81' lang='grc'>348</span> <span class='ocrx_word' id='word_1_258' title='bbox 2042 2971 2109 3035; x_wconf 77' lang='lat' dir='ltr'>arrd</span> <span class='ocrx_word' id='word_1_259' title='bbox 2135 2994 2239 3057; x_wconf 74' lang='lat' dir='ltr'>wepcn</span> <span class='ocrx_word' id='word_1_260' title='bbox 2262 2973 2352 3038; x_wconf 88' lang='lat' dir='ltr'>Hom</span> <span class='ocrx_word' id='word_1_261' title='bbox 2375 2973 2447 3037; x_wconf 82' lang='lat' dir='ltr'>oder</span> 
     </span>
     <span class='ocr_line' id='line_1_23' title="bbox 635 3075 883 3144; baseline -0.012 0"><span class='ocrx_word' id='word_1_262' title='bbox 635 3078 700 3144; x_wconf 91' lang='lat' dir='ltr'>Om</span> <span class='ocrx_word' id='word_1_263' title='bbox 723 3076 785 3142; x_wconf 84' lang='lat' dir='ltr'>Nr.</span> <span class='ocrx_word' id='word_1_264' title='bbox 810 3075 883 3141; x_wconf 74' lang='lat'><em>498.</em></span> 
     </span>
    </p>
   </div>
   <div class='ocr_carea' id='block_1_10' title="bbox 1379 3237 1491 3317">
    <p class='ocr_par' dir='ltr' id='par_1_10' title="bbox 1379 3237 1491 3317">
     <span class='ocr_line' id='line_1_24' title="bbox 1379 3237 1491 3317; baseline 0.036 -4"><span class='ocrx_word' id='word_1_265' title='bbox 1379 3237 1491 3317; x_wconf 81' lang='lat'><strong>1497.</strong></span> 
     </span>
    </p>
   </div>
   <div class='ocr_carea' id='block_1_11' title="bbox 425 3363 2445 3562">
    <p class='ocr_par' dir='ltr' id='par_1_11' title="bbox 425 3363 2445 3562">
     <span class='ocr_line' id='line_1_25' title="bbox 425 3363 2445 3460; baseline -0.001 -19"><span class='ocrx_word' id='word_1_266' title='bbox 425 3367 680 3460; x_wconf 78' lang='lat' dir='ltr'>Uricilsspruclr</span> <span class='ocrx_word' id='word_1_267' title='bbox 708 3367 769 3437; x_wconf 84' lang='lat' dir='ltr'>des</span> <span class='ocrx_word' id='word_1_268' title='bbox 796 3366 991 3437; x_wconf 82' lang='lat' dir='ltr'>Edelberrn</span> <span class='ocrx_word' id='word_1_269' title='bbox 1022 3365 1161 3452; x_wconf 84' lang='lat' dir='ltr'>Rudols</span> <span class='ocrx_word' id='word_1_270' title='bbox 1180 3386 1245 3436; x_wconf 82' lang='lat' dir='ltr'>ooo</span> <span class='ocrx_word' id='word_1_271' title='bbox 1273 3363 1440 3455; x_wconf 75' lang='lat' dir='ltr'>Dieptola</span> <span class='ocrx_word' id='word_1_272' title='bbox 1466 3366 1505 3435; x_wconf 84' lang='lat' dir='ltr'>io</span> <span class='ocrx_word' id='word_1_273' title='bbox 1532 3366 1594 3437; x_wconf 83' lang='lat' dir='ltr'>der</span> <span class='ocrx_word' id='word_1_274' title='bbox 1622 3365 1828 3438; x_wconf 79' lang='lat' dir='ltr'>Strcitsocbe</span> <span class='ocrx_word' id='word_1_275' title='bbox 1855 3367 1915 3438; x_wconf 82' lang='lat' dir='ltr'>des</span> <span class='ocrx_word' id='word_1_276' title='bbox 1939 3366 2072 3454; x_wconf 62' lang='lat' dir='ltr'>&amp;nico</span> <span class='ocrx_word' id='word_1_277' title='bbox 2103 3367 2179 3438; x_wconf 83' lang='lat' dir='ltr'>Otto</span> <span class='ocrx_word' id='word_1_278' title='bbox 2206 3389 2273 3440; x_wconf 78' lang='lat' dir='ltr'>oon</span> <span class='ocrx_word' id='word_1_279' title='bbox 2290 3367 2445 3440; x_wconf 68' lang='lat' dir='ltr'>Boreae</span> 
     </span>
     <span class='ocr_line' id='line_1_26' title="bbox 894 3467 1976 3562; baseline 0.002 -20"><span class='ocrx_word' id='word_1_280' title='bbox 894 3472 974 3561; x_wconf 72' lang='lat' dir='ltr'>terp</span> <span class='ocrx_word' id='word_1_281' title='bbox 1001 3471 1073 3541; x_wconf 83' lang='lat' dir='ltr'>und</span> <span class='ocrx_word' id='word_1_282' title='bbox 1100 3471 1160 3542; x_wconf 83' lang='lat' dir='ltr'>des</span> <span class='ocrx_word' id='word_1_283' title='bbox 1187 3470 1374 3562; x_wconf 81' lang='lat' dir='ltr'>Edetvopts</span> <span class='ocrx_word' id='word_1_284' title='bbox 1400 3493 1475 3542; x_wconf 71' lang='lat' dir='ltr'>vora</span> <span class='ocrx_word' id='word_1_285' title='bbox 1502 3467 1620 3562; x_wconf 78' lang='lat' dir='ltr'>Bcrpe.</span> <span class='ocrx_word' id='word_1_286' title='bbox 1677 3470 1779 3544; x_wconf 78' lang='lat'><em>1293</em></span> <span class='ocrx_word' id='word_1_287' title='bbox 1808 3472 1890 3543; x_wconf 84' lang='lat' dir='ltr'>Mai</span> <span class='ocrx_word' id='word_1_288' title='bbox 1915 3474 1976 3544; x_wconf 84' lang='lat'>24.</span> 
     </span>
    </p>
   </div>
   <div class='ocr_carea' id='block_1_12' title="bbox 413 3606 2445 5388">
    <p class='ocr_par' dir='ltr' id='par_1_12' title="bbox 413 3606 2445 5388">
     <span class='ocr_line' id='line_1_27' title="bbox 523 3606 2445 3694; baseline 0.002 -21"><span class='ocrx_word' id='word_1_289' title='bbox 523 3609 695 3693; x_wconf 81' lang='lat' dir='ltr'>Magnifice</span> <span class='ocrx_word' id='word_1_290' title='bbox 727 3609 870 3692; x_wconf 89' lang='lat' dir='ltr'>principi</span> <span class='ocrx_word' id='word_1_291' title='bbox 901 3611 934 3672; x_wconf 92' lang='lat' dir='ltr'>et</span> <span class='ocrx_word' id='word_1_292' title='bbox 963 3606 1083 3672; x_wconf 88' lang='lat' dir='ltr'>illustri</span> <span class='ocrx_word' id='word_1_293' title='bbox 1112 3607 1246 3673; x_wconf 90' lang='lat' dir='ltr'>domino</span> <span class='ocrx_word' id='word_1_294' title='bbox 1281 3627 1342 3671; x_wconf 92' lang='lat' dir='ltr'>suo</span> <span class='ocrx_word' id='word_1_295' title='bbox 1371 3607 1552 3688; x_wconf 89' lang='lat' dir='ltr'>predilecto</span> <span class='ocrx_word' id='word_1_296' title='bbox 1588 3608 1666 3673; x_wconf 92' lang='lat' dir='ltr'>duci</span> <span class='ocrx_word' id='word_1_297' title='bbox 1690 3609 1835 3674; x_wconf 80' lang='lat' dir='ltr'>Saxonie</span> <span class='ocrx_word' id='word_1_298' title='bbox 1859 3607 2054 3693; x_wconf 84' lang='lat' dir='ltr'>R(odolius)</span> <span class='ocrx_word' id='word_1_299' title='bbox 2078 3609 2198 3674; x_wconf 90' lang='lat' dir='ltr'>nobilis</span> <span class='ocrx_word' id='word_1_300' title='bbox 2222 3611 2258 3675; x_wconf 94' lang='lat' dir='ltr'>in</span> <span class='ocrx_word' id='word_1_301' title='bbox 2280 3610 2445 3694; x_wconf 89' lang='lat' dir='ltr'>Deplrolte</span> 
     </span>
     <span class='ocr_line' id='line_1_28' title="bbox 417 3712 2445 3798; baseline -0 -16"><span class='ocrx_word' id='word_1_302' title='bbox 417 3736 478 3782; x_wconf 87' lang='lat' dir='ltr'>sue</span> <span class='ocrx_word' id='word_1_303' title='bbox 506 3715 735 3798; x_wconf 88' lang='lat' dir='ltr'>possibilitatis</span> <span class='ocrx_word' id='word_1_304' title='bbox 765 3714 966 3798; x_wconf 88' lang='lat' dir='ltr'>obsequium</span> <span class='ocrx_word' id='word_1_305' title='bbox 995 3717 1066 3778; x_wconf 89' lang='lat' dir='ltr'>tam</span> <span class='ocrx_word' id='word_1_306' title='bbox 1095 3717 1250 3796; x_wconf 87' lang='lat' dir='ltr'>paratum</span> <span class='ocrx_word' id='word_1_307' title='bbox 1280 3732 1382 3796; x_wconf 87' lang='lat' dir='ltr'>quam</span> <span class='ocrx_word' id='word_1_308' title='bbox 1413 3712 1562 3778; x_wconf 91' lang='lat' dir='ltr'>debitum</span> <span class='ocrx_word' id='word_1_309' title='bbox 1584 3715 1628 3779; x_wconf 89' lang='lat' dir='ltr'>ad</span> <span class='ocrx_word' id='word_1_310' title='bbox 1652 3714 1768 3797; x_wconf 87' lang='lat' dir='ltr'>queris</span> <span class='ocrx_word' id='word_1_311' title='bbox 1790 3714 2002 3798; x_wconf 86' lang='lat' dir='ltr'>beneplacita</span> <span class='ocrx_word' id='word_1_312' title='bbox 2024 3735 2102 3780; x_wconf 90' lang='lat' dir='ltr'>curn</span> <span class='ocrx_word' id='word_1_313' title='bbox 2124 3713 2248 3781; x_wconf 90' lang='lat' dir='ltr'>favore.</span> <span class='ocrx_word' id='word_1_314' title='bbox 2295 3715 2380 3781; x_wconf 89' lang='lat' dir='ltr'>Cum</span> <span class='ocrx_word' id='word_1_315' title='bbox 2405 3717 2445 3781; x_wconf 88' lang='lat' dir='ltr'>de</span> 
     </span>
     <span class='ocr_line' id='line_1_29' title="bbox 418 3819 2445 3903; baseline 0 -17"><span class='ocrx_word' id='word_1_316' title='bbox 418 3825 528 3887; x_wconf 86' lang='lat' dir='ltr'>vestro</span> <span class='ocrx_word' id='word_1_317' title='bbox 559 3822 654 3886; x_wconf 91' lang='lat' dir='ltr'>iussu</span> <span class='ocrx_word' id='word_1_318' title='bbox 683 3823 717 3885; x_wconf 88' lang='lat' dir='ltr'>et</span> <span class='ocrx_word' id='word_1_319' title='bbox 745 3821 910 3903; x_wconf 85' lang='lat' dir='ltr'>potestate</span> <span class='ocrx_word' id='word_1_320' title='bbox 940 3820 1039 3885; x_wconf 89' lang='lat' dir='ltr'>simul</span> <span class='ocrx_word' id='word_1_321' title='bbox 1067 3822 1101 3884; x_wconf 89' lang='lat' dir='ltr'>et</span> <span class='ocrx_word' id='word_1_322' title='bbox 1131 3819 1305 3884; x_wconf 86' lang='lat' dir='ltr'>reverendi</span> <span class='ocrx_word' id='word_1_323' title='bbox 1337 3820 1442 3901; x_wconf 90' lang='lat' dir='ltr'>patris</span> <span class='ocrx_word' id='word_1_324' title='bbox 1475 3820 1601 3884; x_wconf 91' lang='lat' dir='ltr'>domini</span> <span class='ocrx_word' id='word_1_325' title='bbox 1611 3819 1636 3902; x_wconf 88' lang='lat'>¹)</span> <span class='ocrx_word' id='word_1_326' title='bbox 1669 3820 1777 3884; x_wconf 91' lang='lat' dir='ltr'>nostri</span> <span class='ocrx_word' id='word_1_327' title='bbox 1803 3822 1920 3884; x_wconf 89' lang='lat' dir='ltr'>sancte</span> <span class='ocrx_word' id='word_1_328' title='bbox 1943 3820 2154 3886; x_wconf 86' lang='lat' dir='ltr'>Coloniensis</span> <span class='ocrx_word' id='word_1_329' title='bbox 2176 3821 2315 3888; x_wconf 87' lang='lat' dir='ltr'>ecclesie</span> <span class='ocrx_word' id='word_1_330' title='bbox 2339 3821 2445 3886; x_wconf 87' lang='lat' dir='ltr'>archi·</span> 
     </span>
     <span class='ocr_line' id='line_1_30' title="bbox 415 3924 2444 4012; baseline 0 -20"><span class='ocrx_word' id='word_1_331' title='bbox 415 3927 565 4012; x_wconf 89' lang='lat' dir='ltr'>episcopi</span> <span class='ocrx_word' id='word_1_332' title='bbox 589 3926 686 3992; x_wconf 92' lang='lat' dir='ltr'>nobis</span> <span class='ocrx_word' id='word_1_333' title='bbox 709 3926 869 3991; x_wconf 89' lang='lat' dir='ltr'>iudicium</span> <span class='ocrx_word' id='word_1_334' title='bbox 893 3925 1141 3990; x_wconf 88' lang='lat' dir='ltr'>assumentibus</span> <span class='ocrx_word' id='word_1_335' title='bbox 1164 3924 1199 3990; x_wconf 90' lang='lat' dir='ltr'>in</span> <span class='ocrx_word' id='word_1_336' title='bbox 1223 3943 1332 4005; x_wconf 83' lang='lat' dir='ltr'>causa,</span> <span class='ocrx_word' id='word_1_337' title='bbox 1357 3945 1422 4006; x_wconf 89' lang='lat' dir='ltr'>que</span> <span class='ocrx_word' id='word_1_338' title='bbox 1445 3924 1533 3990; x_wconf 90' lang='lat' dir='ltr'>inter</span> <span class='ocrx_word' id='word_1_339' title='bbox 1555 3924 1702 3990; x_wconf 90' lang='lat' dir='ltr'>nobilem</span> <span class='ocrx_word' id='word_1_340' title='bbox 1725 3925 1831 3990; x_wconf 85' lang='lat' dir='ltr'>virum</span> <span class='ocrx_word' id='word_1_341' title='bbox 1853 3925 2040 4008; x_wconf 73' lang='lat' dir='ltr'>Otttonem)</span> <span class='ocrx_word' id='word_1_342' title='bbox 2064 3926 2219 3992; x_wconf 88' lang='lat' dir='ltr'>comitem</span> <span class='ocrx_word' id='word_1_343' title='bbox 2236 3928 2278 3992; x_wconf 91' lang='lat' dir='ltr'>de</span> <span class='ocrx_word' id='word_1_344' title='bbox 2294 3928 2444 3993; x_wconf 87' lang='lat' dir='ltr'>Rarens·</span> 
     </span>
     <span class='ocr_line' id='line_1_31' title="bbox 416 4030 2443 4117; baseline 0 -20"><span class='ocrx_word' id='word_1_345' title='bbox 416 4035 517 4116; x_wconf 84' lang='lat' dir='ltr'>berge</span> <span class='ocrx_word' id='word_1_346' title='bbox 547 4051 586 4096; x_wconf 87' lang='lat' dir='ltr'>ex</span> <span class='ocrx_word' id='word_1_347' title='bbox 614 4051 683 4096; x_wconf 90' lang='lat' dir='ltr'>una</span> <span class='ocrx_word' id='word_1_348' title='bbox 709 4035 815 4114; x_wconf 91' lang='lat' dir='ltr'>parte,</span> <span class='ocrx_word' id='word_1_349' title='bbox 852 4034 886 4095; x_wconf 90' lang='lat' dir='ltr'>et</span> <span class='ocrx_word' id='word_1_350' title='bbox 908 4032 1108 4098; x_wconf 87' lang='lat' dir='ltr'>advocatum</span> <span class='ocrx_word' id='word_1_351' title='bbox 1131 4032 1172 4096; x_wconf 90' lang='lat' dir='ltr'>de</span> <span class='ocrx_word' id='word_1_352' title='bbox 1197 4031 1307 4096; x_wconf 87' lang='lat' dir='ltr'>Monte</span> <span class='ocrx_word' id='word_1_353' title='bbox 1337 4051 1377 4095; x_wconf 84' lang='lat' dir='ltr'>ex</span> <span class='ocrx_word' id='word_1_354' title='bbox 1400 4030 1506 4095; x_wconf 87' lang='lat' dir='ltr'>altera</span> <span class='ocrx_word' id='word_1_355' title='bbox 1528 4031 1682 4111; x_wconf 89' lang='lat' dir='ltr'>vertitur,</span> <span class='ocrx_word' id='word_1_356' title='bbox 1719 4030 1798 4095; x_wconf 90' lang='lat' dir='ltr'>dicti</span> <span class='ocrx_word' id='word_1_357' title='bbox 1821 4051 1933 4096; x_wconf 88' lang='lat' dir='ltr'>comes</span> <span class='ocrx_word' id='word_1_358' title='bbox 1957 4033 1991 4096; x_wconf 91' lang='lat' dir='ltr'>et</span> <span class='ocrx_word' id='word_1_359' title='bbox 2014 4032 2195 4098; x_wconf 85' lang='lat' dir='ltr'>advocatus</span> <span class='ocrx_word' id='word_1_360' title='bbox 2218 4033 2308 4097; x_wconf 89' lang='lat' dir='ltr'>diem</span> <span class='ocrx_word' id='word_1_361' title='bbox 2330 4033 2443 4117; x_wconf 88' lang='lat' dir='ltr'>placiti</span> 
     </span>
     <span class='ocr_line' id='line_1_32' title="bbox 417 4136 2443 4222; baseline -0 -18"><span class='ocrx_word' id='word_1_362' title='bbox 417 4141 451 4204; x_wconf 90' lang='lat' dir='ltr'>et</span> <span class='ocrx_word' id='word_1_363' title='bbox 473 4138 587 4203; x_wconf 90' lang='lat' dir='ltr'>iudicii</span> <span class='ocrx_word' id='word_1_364' title='bbox 610 4137 770 4222; x_wconf 66' lang='lat' dir='ltr'>scilicetl)</span> <span class='ocrx_word' id='word_1_365' title='bbox 793 4140 944 4203; x_wconf 88' lang='lat' dir='ltr'>octavam</span> <span class='ocrx_word' id='word_1_366' title='bbox 968 4140 1183 4203; x_wconf 89' lang='lat' dir='ltr'>Pentecostes</span> <span class='ocrx_word' id='word_1_367' title='bbox 1206 4136 1385 4202; x_wconf 88' lang='lat' dir='ltr'>tenendam</span> <span class='ocrx_word' id='word_1_368' title='bbox 1408 4137 1648 4202; x_wconf 88' lang='lat' dir='ltr'>sententialiter</span> <span class='ocrx_word' id='word_1_369' title='bbox 1672 4137 1822 4203; x_wconf 87' lang='lat' dir='ltr'>arbitrati</span> <span class='ocrx_word' id='word_1_370' title='bbox 1846 4138 1969 4204; x_wconf 87' lang='lat' dir='ltr'>fuerint</span> <span class='ocrx_word' id='word_1_371' title='bbox 1991 4157 2104 4203; x_wconf 88' lang='lat' dir='ltr'>coram</span> <span class='ocrx_word' id='word_1_372' title='bbox 2127 4139 2225 4204; x_wconf 92' lang='lat' dir='ltr'>nobis</span> <span class='ocrx_word' id='word_1_373' title='bbox 2241 4140 2294 4204; x_wconf 86' lang='lat' dir='ltr'>vel</span> <span class='ocrx_word' id='word_1_374' title='bbox 2311 4140 2355 4204; x_wconf 93' lang='lat' dir='ltr'>ad</span> <span class='ocrx_word' id='word_1_375' title='bbox 2369 4144 2443 4205; x_wconf 90' lang='lat' dir='ltr'>octo</span> 
     </span>
     <span class='ocr_line' id='line_1_33' title="bbox 418 4241 2442 4328; baseline 0 -20"><span class='ocrx_word' id='word_1_376' title='bbox 418 4245 500 4325; x_wconf 88' lang='lat' dir='ltr'>dies,</span> <span class='ocrx_word' id='word_1_377' title='bbox 525 4244 553 4308; x_wconf 91' lang='lat' dir='ltr'>si</span> <span class='ocrx_word' id='word_1_378' title='bbox 577 4244 651 4326; x_wconf 91' lang='lat' dir='ltr'>quis</span> <span class='ocrx_word' id='word_1_379' title='bbox 675 4245 842 4310; x_wconf 89' lang='lat' dir='ltr'>dictorum</span> <span class='ocrx_word' id='word_1_380' title='bbox 864 4243 1058 4328; x_wconf 89' lang='lat' dir='ltr'>prepeditus</span> <span class='ocrx_word' id='word_1_381' title='bbox 1083 4243 1156 4308; x_wconf 87' lang='lat' dir='ltr'>aliis</span> <span class='ocrx_word' id='word_1_382' title='bbox 1180 4243 1326 4326; x_wconf 81' lang='lat' dir='ltr'>negociis</span> <span class='ocrx_word' id='word_1_383' title='bbox 1348 4241 1455 4323; x_wconf 87' lang='lat' dir='ltr'>fieret,</span> <span class='ocrx_word' id='word_1_384' title='bbox 1479 4246 1577 4309; x_wconf 86' lang='lat' dir='ltr'>antea</span> <span class='ocrx_word' id='word_1_385' title='bbox 1600 4243 1825 4324; x_wconf 83' lang='lat' dir='ltr'>radicandum,</span> <span class='ocrx_word' id='word_1_386' title='bbox 1848 4247 1952 4327; x_wconf 91' lang='lat' dir='ltr'>prout</span> <span class='ocrx_word' id='word_1_387' title='bbox 1974 4244 2084 4310; x_wconf 88' lang='lat' dir='ltr'>dictus</span> <span class='ocrx_word' id='word_1_388' title='bbox 2106 4263 2218 4310; x_wconf 87' lang='lat' dir='ltr'>comes</span> <span class='ocrx_word' id='word_1_389' title='bbox 2234 4245 2276 4309; x_wconf 89' lang='lat' dir='ltr'>de</span> <span class='ocrx_word' id='word_1_390' title='bbox 2293 4246 2442 4311; x_wconf 75' lang='lat' dir='ltr'>Ravana-</span> 
     </span>
     <span class='ocr_line' id='line_1_34' title="bbox 416 4347 2442 4434; baseline 0 -18"><span class='ocrx_word' id='word_1_391' title='bbox 416 4352 502 4434; x_wconf 83' lang='lat' dir='ltr'>berg</span> <span class='ocrx_word' id='word_1_392' title='bbox 525 4351 559 4414; x_wconf 94' lang='lat' dir='ltr'>in</span> <span class='ocrx_word' id='word_1_393' title='bbox 579 4349 749 4434; x_wconf 86' lang='lat' dir='ltr'>principes</span> <span class='ocrx_word' id='word_1_394' title='bbox 773 4355 808 4416; x_wconf 89' lang='lat' dir='ltr'>et</span> <span class='ocrx_word' id='word_1_395' title='bbox 831 4350 995 4432; x_wconf 91' lang='lat' dir='ltr'>dominos,</span> <span class='ocrx_word' id='word_1_396' title='bbox 1019 4349 1140 4414; x_wconf 89' lang='lat' dir='ltr'>milites</span> <span class='ocrx_word' id='word_1_397' title='bbox 1157 4353 1190 4415; x_wconf 90' lang='lat' dir='ltr'>et</span> <span class='ocrx_word' id='word_1_398' title='bbox 1206 4350 1358 4428; x_wconf 71' lang='lat' dir='ltr'>lanruloa</span> <span class='ocrx_word' id='word_1_399' title='bbox 1383 4349 1441 4431; x_wconf 89' lang='lat' dir='ltr'>qui</span> <span class='ocrx_word' id='word_1_400' title='bbox 1457 4347 1665 4414; x_wconf 87' lang='lat' dir='ltr'>ordinacioni</span> <span class='ocrx_word' id='word_1_401' title='bbox 1683 4349 1760 4414; x_wconf 85' lang='lat' dir='ltr'>dicti</span> <span class='ocrx_word' id='word_1_402' title='bbox 1776 4350 1892 4432; x_wconf 84' lang='lat' dir='ltr'>placiti</span> <span class='ocrx_word' id='word_1_403' title='bbox 1906 4350 2101 4432; x_wconf 83' lang='lat' dir='ltr'>intererant,</span> <span class='ocrx_word' id='word_1_404' title='bbox 2117 4353 2330 4434; x_wconf 83' lang='lat' dir='ltr'>protestatur,</span> <span class='ocrx_word' id='word_1_405' title='bbox 2355 4351 2442 4416; x_wconf 90' lang='lat' dir='ltr'>dicto</span> 
     </span>
     <span class='ocr_line' id='line_1_35' title="bbox 416 4454 2440 4540; baseline -0.001 -18"><span class='ocrx_word' id='word_1_406' title='bbox 416 4477 496 4522; x_wconf 87' lang='lat' dir='ltr'>vero</span> <span class='ocrx_word' id='word_1_407' title='bbox 528 4457 690 4522; x_wconf 84' lang='lat' dir='ltr'>advocato</span> <span class='ocrx_word' id='word_1_408' title='bbox 717 4456 807 4521; x_wconf 91' lang='lat' dir='ltr'>idem</span> <span class='ocrx_word' id='word_1_409' title='bbox 837 4455 996 4539; x_wconf 92' lang='lat' dir='ltr'>placitum</span> <span class='ocrx_word' id='word_1_410' title='bbox 1028 4475 1096 4521; x_wconf 96' lang='lat' dir='ltr'>non</span> <span class='ocrx_word' id='word_1_411' title='bbox 1129 4457 1203 4520; x_wconf 87' lang='lat' dir='ltr'>octo</span> <span class='ocrx_word' id='word_1_412' title='bbox 1227 4456 1345 4520; x_wconf 88' lang='lat' dir='ltr'>diebus</span> <span class='ocrx_word' id='word_1_413' title='bbox 1369 4457 1468 4519; x_wconf 88' lang='lat' dir='ltr'>antea</span> <span class='ocrx_word' id='word_1_414' title='bbox 1492 4454 1666 4519; x_wconf 67' lang='lat' dir='ltr'>seduna</span> <span class='ocrx_word' id='word_1_415' title='bbox 1690 4455 1858 4521; x_wconf 89' lang='lat' dir='ltr'>rediccnte</span> <span class='ocrx_word' id='word_1_416' title='bbox 1882 4455 2001 4521; x_wconf 91' lang='lat' dir='ltr'>necin</span> <span class='ocrx_word' id='word_1_417' title='bbox 2024 4456 2141 4522; x_wconf 88' lang='lat' dir='ltr'>eodem</span> <span class='ocrx_word' id='word_1_418' title='bbox 2163 4475 2284 4540; x_wconf 87' lang='lat' dir='ltr'>perse</span> <span class='ocrx_word' id='word_1_419' title='bbox 2309 4457 2440 4540; x_wconf 80' lang='lat' dir='ltr'>velper</span> 
     </span>
     <span class='ocr_line' id='line_1_36' title="bbox 417 4559 2439 4647; baseline 0 -19"><span class='ocrx_word' id='word_1_420' title='bbox 417 4563 563 4645; x_wconf 83' lang='lat' dir='ltr'>aliquem</span> <span class='ocrx_word' id='word_1_421' title='bbox 580 4563 805 4646; x_wconf 88' lang='lat' dir='ltr'>responsalem</span> <span class='ocrx_word' id='word_1_422' title='bbox 823 4565 1047 4644; x_wconf 89' lang='lat' dir='ltr'>comparente,</span> <span class='ocrx_word' id='word_1_423' title='bbox 1060 4563 1212 4645; x_wconf 88' lang='lat' dir='ltr'>conpulsi</span> <span class='ocrx_word' id='word_1_424' title='bbox 1228 4561 1351 4627; x_wconf 85' lang='lat' dir='ltr'>luimus</span> <span class='ocrx_word' id='word_1_425' title='bbox 1368 4581 1427 4644; x_wconf 90' lang='lat' dir='ltr'>per</span> <span class='ocrx_word' id='word_1_426' title='bbox 1444 4559 1637 4626; x_wconf 86' lang='lat' dir='ltr'>diffinitivas</span> <span class='ocrx_word' id='word_1_427' title='bbox 1654 4562 1837 4626; x_wconf 86' lang='lat' dir='ltr'>sententias</span> <span class='ocrx_word' id='word_1_428' title='bbox 1854 4562 2130 4647; x_wconf 88' lang='lat' dir='ltr'>iurisperitorum,</span> <span class='ocrx_word' id='word_1_429' title='bbox 2144 4581 2246 4644; x_wconf 87' lang='lat' dir='ltr'>quam</span> <span class='ocrx_word' id='word_1_430' title='bbox 2262 4563 2439 4646; x_wconf 88' lang='lat' dir='ltr'>plurimum</span> 
     </span>
     <span class='ocr_line' id='line_1_37' title="bbox 416 4665 2437 4752; baseline -0 -19"><span class='ocrx_word' id='word_1_431' title='bbox 416 4669 516 4733; x_wconf 89' lang='lat' dir='ltr'>etiam</span> <span class='ocrx_word' id='word_1_432' title='bbox 540 4688 601 4733; x_wconf 90' lang='lat' dir='ltr'>nos</span> <span class='ocrx_word' id='word_1_433' title='bbox 625 4667 871 4734; x_wconf 84' lang='lat' dir='ltr'>defenderimus</span> <span class='ocrx_word' id='word_1_434' title='bbox 895 4687 955 4752; x_wconf 91' lang='lat' dir='ltr'>per</span> <span class='ocrx_word' id='word_1_435' title='bbox 979 4667 1060 4732; x_wconf 83' lang='lat' dir='ltr'>alias</span> <span class='ocrx_word' id='word_1_436' title='bbox 1085 4665 1279 4747; x_wconf 82' lang='lat' dir='ltr'>sententiaa,</span> <span class='ocrx_word' id='word_1_437' title='bbox 1302 4669 1486 4732; x_wconf 91' lang='lat' dir='ltr'>memorato</span> <span class='ocrx_word' id='word_1_438' title='bbox 1511 4668 1623 4732; x_wconf 90' lang='lat' dir='ltr'>comiti</span> <span class='ocrx_word' id='word_1_439' title='bbox 1647 4667 1768 4733; x_wconf 90' lang='lat' dir='ltr'>iudicio</span> <span class='ocrx_word' id='word_1_440' title='bbox 1790 4668 1973 4751; x_wconf 90' lang='lat' dir='ltr'>presidere,</span> <span class='ocrx_word' id='word_1_441' title='bbox 1996 4687 2064 4750; x_wconf 90' lang='lat' dir='ltr'>quo</span> <span class='ocrx_word' id='word_1_442' title='bbox 2085 4668 2195 4733; x_wconf 86' lang='lat' dir='ltr'>eidem</span> <span class='ocrx_word' id='word_1_443' title='bbox 2215 4668 2327 4733; x_wconf 89' lang='lat' dir='ltr'>comiti</span> <span class='ocrx_word' id='word_1_444' title='bbox 2343 4670 2437 4748; x_wconf 90' lang='lat' dir='ltr'>bona,</span> 
     </span>
     <span class='ocr_line' id='line_1_38' title="bbox 416 4773 2439 4857; baseline -0 -19"><span class='ocrx_word' id='word_1_445' title='bbox 416 4794 518 4857; x_wconf 89' lang='lat' dir='ltr'>super</span> <span class='ocrx_word' id='word_1_446' title='bbox 545 4795 611 4856; x_wconf 91' lang='lat' dir='ltr'>que</span> <span class='ocrx_word' id='word_1_447' title='bbox 641 4774 774 4857; x_wconf 90' lang='lat' dir='ltr'>questio</span> <span class='ocrx_word' id='word_1_448' title='bbox 802 4775 1004 4855; x_wconf 86' lang='lat' dir='ltr'>vertebatur,</span> <span class='ocrx_word' id='word_1_449' title='bbox 1033 4774 1075 4838; x_wconf 87' lang='lat' dir='ltr'>de</span> <span class='ocrx_word' id='word_1_450' title='bbox 1099 4775 1206 4856; x_wconf 83' lang='lat' dir='ltr'>rigore</span> <span class='ocrx_word' id='word_1_451' title='bbox 1234 4773 1315 4837; x_wconf 89' lang='lat' dir='ltr'>iuris</span> <span class='ocrx_word' id='word_1_452' title='bbox 1343 4773 1517 4837; x_wconf 88' lang='lat' dir='ltr'>sententiis</span> <span class='ocrx_word' id='word_1_453' title='bbox 1549 4773 1634 4838; x_wconf 91' lang='lat' dir='ltr'>datis</span> <span class='ocrx_word' id='word_1_454' title='bbox 1665 4773 1780 4839; x_wconf 87' lang='lat' dir='ltr'>habito</span> <span class='ocrx_word' id='word_1_455' title='bbox 1804 4793 1906 4856; x_wconf 87' lang='lat' dir='ltr'>super</span> <span class='ocrx_word' id='word_1_456' title='bbox 1928 4773 1991 4838; x_wconf 89' lang='lat' dir='ltr'>hoc</span> <span class='ocrx_word' id='word_1_457' title='bbox 2014 4773 2282 4856; x_wconf 86' lang='lat' dir='ltr'>iurisperitorum</span> <span class='ocrx_word' id='word_1_458' title='bbox 2305 4773 2439 4841; x_wconf 89' lang='lat' dir='ltr'>consilio</span> 
     </span>
     <span class='ocr_line' id='line_1_39' title="bbox 417 4878 2438 4964; baseline 0 -20"><span class='ocrx_word' id='word_1_459' title='bbox 417 4880 608 4945; x_wconf 76' lang='lat' dir='ltr'>adjudicata</span> <span class='ocrx_word' id='word_1_460' title='bbox 630 4883 773 4960; x_wconf 88' lang='lat' dir='ltr'>fuerant,</span> <span class='ocrx_word' id='word_1_461' title='bbox 805 4881 883 4962; x_wconf 90' lang='lat' dir='ltr'>quia</span> <span class='ocrx_word' id='word_1_462' title='bbox 914 4880 1102 4964; x_wconf 85' lang='lat' dir='ltr'>sepedictus</span> <span class='ocrx_word' id='word_1_463' title='bbox 1132 4880 1312 4944; x_wconf 86' lang='lat' dir='ltr'>advocatus</span> <span class='ocrx_word' id='word_1_464' title='bbox 1336 4897 1404 4943; x_wconf 91' lang='lat' dir='ltr'>non</span> <span class='ocrx_word' id='word_1_465' title='bbox 1428 4879 1650 4964; x_wconf 67' lang='lat' dir='ltr'>comparuitl)</span> <span class='ocrx_word' id='word_1_466' title='bbox 1678 4899 1739 4944; x_wconf 91' lang='lat' dir='ltr'>nec</span> <span class='ocrx_word' id='word_1_467' title='bbox 1762 4879 1921 4962; x_wconf 89' lang='lat' dir='ltr'>placitum</span> <span class='ocrx_word' id='word_1_468' title='bbox 1943 4882 2020 4943; x_wconf 92' lang='lat' dir='ltr'>octo</span> <span class='ocrx_word' id='word_1_469' title='bbox 2044 4878 2163 4944; x_wconf 87' lang='lat' dir='ltr'>diebus</span> <span class='ocrx_word' id='word_1_470' title='bbox 2188 4883 2288 4946; x_wconf 86' lang='lat' dir='ltr'>antea</span> <span class='ocrx_word' id='word_1_471' title='bbox 2312 4879 2438 4956; x_wconf 81' lang='lat' dir='ltr'>redixit,</span> 
     </span>
     <span class='ocr_line' id='line_1_40' title="bbox 416 4983 2436 5069; baseline 0 -19"><span class='ocrx_word' id='word_1_472' title='bbox 416 4987 502 5051; x_wconf 91' lang='lat' dir='ltr'>sicut</span> <span class='ocrx_word' id='word_1_473' title='bbox 526 4986 704 5052; x_wconf 86' lang='lat' dir='ltr'>arbitratus</span> <span class='ocrx_word' id='word_1_474' title='bbox 728 4986 846 5066; x_wconf 86' lang='lat' dir='ltr'>fuerat,</span> <span class='ocrx_word' id='word_1_475' title='bbox 882 4986 974 5069; x_wconf 89' lang='lat' dir='ltr'>quod</span> <span class='ocrx_word' id='word_1_476' title='bbox 996 4983 1068 5050; x_wconf 90' lang='lat' dir='ltr'>lieri</span> <span class='ocrx_word' id='word_1_477' title='bbox 1094 4984 1222 5065; x_wconf 88' lang='lat' dir='ltr'>debuit,</span> <span class='ocrx_word' id='word_1_478' title='bbox 1255 4987 1366 5068; x_wconf 84' lang='lat' dir='ltr'>prout,</span> <span class='ocrx_word' id='word_1_479' title='bbox 1390 4985 1476 5050; x_wconf 89' lang='lat' dir='ltr'>sicut</span> <span class='ocrx_word' id='word_1_480' title='bbox 1499 4987 1654 5068; x_wconf 89' lang='lat' dir='ltr'>superius</span> <span class='ocrx_word' id='word_1_481' title='bbox 1679 4985 1831 5064; x_wconf 70' lang='lat' dir='ltr'>diximus</span> <span class='ocrx_word' id='word_1_482' title='bbox 1864 4985 2053 5068; x_wconf 86' lang='lat' dir='ltr'>sepedictus</span> <span class='ocrx_word' id='word_1_483' title='bbox 2076 5005 2189 5050; x_wconf 91' lang='lat' dir='ltr'>comes</span> <span class='ocrx_word' id='word_1_484' title='bbox 2213 4990 2246 5052; x_wconf 86' lang='lat' dir='ltr'>et</span> <span class='ocrx_word' id='word_1_485' title='bbox 2270 4987 2324 5050; x_wconf 92' lang='lat' dir='ltr'>sui</span> <span class='ocrx_word' id='word_1_486' title='bbox 2346 4985 2436 5051; x_wconf 84' lang='lat' dir='ltr'>arrrici</span> 
     </span>
     <span class='ocr_line' id='line_1_41' title="bbox 415 5090 2435 5175; baseline -0.001 -17"><span class='ocrx_word' id='word_1_487' title='bbox 415 5093 571 5158; x_wconf 88' lang='lat' dir='ltr'>asserunt</span> <span class='ocrx_word' id='word_1_488' title='bbox 598 5095 631 5157; x_wconf 89' lang='lat' dir='ltr'>et</span> <span class='ocrx_word' id='word_1_489' title='bbox 659 5093 694 5156; x_wconf 93' lang='lat' dir='ltr'>in</span> <span class='ocrx_word' id='word_1_490' title='bbox 722 5093 892 5175; x_wconf 90' lang='lat' dir='ltr'>principes</span> <span class='ocrx_word' id='word_1_491' title='bbox 925 5095 958 5156; x_wconf 89' lang='lat' dir='ltr'>et</span> <span class='ocrx_word' id='word_1_492' title='bbox 982 5091 1145 5172; x_wconf 90' lang='lat' dir='ltr'>dominos,</span> <span class='ocrx_word' id='word_1_493' title='bbox 1181 5090 1303 5156; x_wconf 88' lang='lat' dir='ltr'>milites</span> <span class='ocrx_word' id='word_1_494' title='bbox 1327 5093 1360 5155; x_wconf 90' lang='lat' dir='ltr'>et</span> <span class='ocrx_word' id='word_1_495' title='bbox 1383 5091 1526 5158; x_wconf 85' lang='lat' dir='ltr'>famulos</span> <span class='ocrx_word' id='word_1_496' title='bbox 1549 5094 1787 5175; x_wconf 86' lang='lat' dir='ltr'>protestantur.</span> <span class='ocrx_word' id='word_1_497' title='bbox 1834 5092 2006 5158; x_wconf 81' lang='lat' dir='ltr'>Nosrero</span> <span class='ocrx_word' id='word_1_498' title='bbox 2030 5092 2155 5158; x_wconf 87' lang='lat' dir='ltr'>detali</span> <span class='ocrx_word' id='word_1_499' title='bbox 2178 5091 2317 5158; x_wconf 87' lang='lat' dir='ltr'>arbitrio</span> <span class='ocrx_word' id='word_1_500' title='bbox 2340 5091 2435 5158; x_wconf 87' lang='lat' dir='ltr'>nichil</span> 
     </span>
     <span class='ocr_line' id='line_1_42' title="bbox 413 5197 2434 5282; baseline -0.002 -18"><span class='ocrx_word' id='word_1_501' title='bbox 413 5199 602 5281; x_wconf 89' lang='lat' dir='ltr'>scribimus,</span> <span class='ocrx_word' id='word_1_502' title='bbox 626 5199 705 5282; x_wconf 90' lang='lat' dir='ltr'>quia</span> <span class='ocrx_word' id='word_1_503' title='bbox 728 5200 843 5264; x_wconf 83' lang='lat' dir='ltr'>nostra</span> <span class='ocrx_word' id='word_1_504' title='bbox 867 5217 936 5263; x_wconf 93' lang='lat' dir='ltr'>non</span> <span class='ocrx_word' id='word_1_505' title='bbox 960 5198 1110 5277; x_wconf 89' lang='lat' dir='ltr'>interest,</span> <span class='ocrx_word' id='word_1_506' title='bbox 1133 5199 1193 5261; x_wconf 89' lang='lat' dir='ltr'>sed</span> <span class='ocrx_word' id='word_1_507' title='bbox 1214 5198 1283 5262; x_wconf 88' lang='lat' dir='ltr'>tale</span> <span class='ocrx_word' id='word_1_508' title='bbox 1305 5197 1464 5262; x_wconf 89' lang='lat' dir='ltr'>iudicium</span> <span class='ocrx_word' id='word_1_509' title='bbox 1487 5199 1657 5263; x_wconf 90' lang='lat' dir='ltr'>tenuimus</span> <span class='ocrx_word' id='word_1_510' title='bbox 1675 5200 1708 5262; x_wconf 88' lang='lat' dir='ltr'>et</span> <span class='ocrx_word' id='word_1_511' title='bbox 1723 5198 1816 5281; x_wconf 92' lang='lat' dir='ltr'>quod</span> <span class='ocrx_word' id='word_1_512' title='bbox 1832 5201 1942 5264; x_wconf 91' lang='lat' dir='ltr'>actum</span> <span class='ocrx_word' id='word_1_513' title='bbox 1958 5201 2009 5264; x_wconf 88' lang='lat' dir='ltr'>est</span> <span class='ocrx_word' id='word_1_514' title='bbox 2024 5198 2060 5262; x_wconf 92' lang='lat' dir='ltr'>in</span> <span class='ocrx_word' id='word_1_515' title='bbox 2076 5197 2199 5264; x_wconf 89' lang='lat' dir='ltr'>iudicio</span> <span class='ocrx_word' id='word_1_516' title='bbox 2216 5199 2271 5264; x_wconf 92' lang='lat' dir='ltr'>die</span> <span class='ocrx_word' id='word_1_517' title='bbox 2287 5198 2434 5282; x_wconf 87' lang='lat' dir='ltr'>superius</span> 
     </span>
     <span class='ocr_line' id='line_1_43' title="bbox 414 5302 1810 5388; baseline -0.003 -18"><span class='ocrx_word' id='word_1_518' title='bbox 414 5307 598 5370; x_wconf 88' lang='lat' dir='ltr'>memorato</span> <span class='ocrx_word' id='word_1_519' title='bbox 621 5304 835 5388; x_wconf 90' lang='lat' dir='ltr'>presentibus</span> <span class='ocrx_word' id='word_1_520' title='bbox 858 5306 1094 5387; x_wconf 88' lang='lat' dir='ltr'>protestamur.</span> <span class='ocrx_word' id='word_1_521' title='bbox 1140 5302 1241 5366; x_wconf 90' lang='lat' dir='ltr'><strong>Anno</strong></span> <span class='ocrx_word' id='word_1_522' title='bbox 1264 5302 1395 5367; x_wconf 92' lang='lat' dir='ltr'>Domini</span> <span class='ocrx_word' id='word_1_523' title='bbox 1419 5303 1810 5370; x_wconf 82' lang='lat' dir='ltr'><strong>M⁰.CC⁰.LXXXX⁰.III⁰.</strong></span> 
     </span>
    </p>
   </div>
   <div class='ocr_carea' id='block_1_13' title="bbox 631 5425 1676 5498">
    <p class='ocr_par' dir='ltr' id='par_1_13' title="bbox 631 5425 1676 5498">
     <span class='ocr_line' id='line_1_44' title="bbox 631 5425 1676 5498; baseline 0.003 -18"><span class='ocrx_word' id='word_1_524' title='bbox 631 5426 653 5498; x_wconf 93' lang='lat'>¹)</span> <span class='ocrx_word' id='word_1_525' title='bbox 672 5427 732 5482; x_wconf 89' lang='lat' dir='ltr'>Or..·</span> <span class='ocrx_word' id='word_1_526' title='bbox 751 5428 784 5480; x_wconf 85' lang='lat' dir='ltr'>ad</span> <span class='ocrx_word' id='word_1_527' title='bbox 804 5428 912 5483; x_wconf 88' lang='lat' dir='ltr'>domini.</span> <span class='ocrx_word' id='word_1_528' title='bbox 951 5425 974 5495; x_wconf 79' lang='lat'>²)</span> <span class='ocrx_word' id='word_1_529' title='bbox 994 5428 1080 5480; x_wconf 86' lang='lat' dir='ltr'>silicet</span> <span class='ocrx_word' id='word_1_530' title='bbox 1099 5427 1150 5496; x_wconf 81' lang='lat' dir='ltr'>auf</span> <span class='ocrx_word' id='word_1_531' title='bbox 1165 5425 1318 5479; x_wconf 68' lang='lat' dir='ltr'>Korreltur</span> <span class='ocrx_word' id='word_1_532' title='bbox 1337 5425 1360 5496; x_wconf 84' lang='lat'>⁸)</span> <span class='ocrx_word' id='word_1_533' title='bbox 1380 5429 1559 5496; x_wconf 83' lang='lat' dir='ltr'>comparamit</span> <span class='ocrx_word' id='word_1_534' title='bbox 1578 5428 1611 5480; x_wconf 86' lang='lat' dir='ltr'>im</span> <span class='ocrx_word' id='word_1_535' title='bbox 1630 5427 1676 5484; x_wconf 81' lang='lat' dir='ltr'>Or.</span> 
     </span>
    </p>
   </div>
   <div class='ocr_carea' id='block_1_14' title="bbox 0 0 2548 6768">
    <p class='ocr_par' dir='ltr' id='par_1_14' title="bbox 0 0 2548 6768">
     <span class='ocr_line' id='line_1_45' title="bbox 0 0 2548 6768; baseline 0 10"><span class='ocrx_word' id='word_1_536' title='bbox 0 0 2548 6768; x_wconf 95' lang='lat' dir='ltr'> </span> 
     </span>
    </p>
   </div>
  </div>
 </body>
</html>
