5062 6776
1064 417 1131 473 1269

1054 613 1148 692 935.

197 743 344 833 Bisa-lot
372 743 447 816 Otto
474 765 539 813 uon
568 741 718 814 Mindon
744 741 1053 920 oerpfdudet1c2tgc
1072 737 1311 918 {erronem
1340 737 1514 812 bubteeke
1540 741 1614 811 etue
1642 739 1741 830 Huse
1765 741 1803 811 tn
1830 741 2012 814 lrtbbecke.

1107 867 1194 936 egro
1259 903 1267 920 .

201 969 317 1034 Frater
332 967 414 1033 Otto
439 967 551 1033 divina
573 965 793 1048 permissione
816 963 999 1030 Mindensis
1023 965 1201 1047 episcopus
1224 963 1379 1030 omnibus
1401 965 1465 1030 hoc
1488 965 1647 1047 seriptum
1671 964 1790 1030 visuris
1813 966 1956 1031 salutern
1978 967 2013 1032 in
2036 987 2116 1034 vero

98 1077 263 1142 salvatore.
303 1073 464 1140 Noverint
486 1071 644 1151 universi,
668 1071 757 1152 quod
781 1089 843 1134 nos
866 1089 942 1135 cum
965 1088 1131 1136 consensu
1155 1072 1188 1135 et
1210 1069 1299 1134 bona
1322 1069 1494 1136 voluntate
1517 1071 1656 1154 capituli
1678 1072 1785 1136 nostri
1801 1075 1836 1137 et
1850 1072 2115 1138 consiliariorum

102 1185 285 1248 nostrorum
309 1199 463 1244 mansum
487 1197 592 1243 unum
615 1176 650 1242 in
674 1175 834 1241 Lubbelre
858 1176 969 1258 situm,
992 1195 1092 1258 quern
1111 1174 1269 1240 Albertus
1294 1175 1402 1240 dictus
1426 1176 1468 1240 de
1482 1177 1586 1256 ‚Hove
1609 1177 1718 1242 colere
1743 1158 1937 1260 dinoscitur,
1961 1178 2114 1244 Conrado

99 1285 186 1353 militi
209 1286 299 1352 dicto
325 1285 366 1351 de
391 1282 559 1364 Lubbeke,
584 1283 676 1348 uxori
701 1300 761 1346 sue
785 1283 819 1347 et
843 1301 958 1347 eorum
982 1280 1078 1346 iustis
1101 1281 1280 1346 heredibus
1303 1300 1365 1364 pro
1389 1282 1564 1348 duodecim
1589 1284 1709 1348 marcis
1732 1285 1840 1366 gravis
1863 1287 1996 1350 monete
2017 1285 2115 1352 titulo

97 1393 238 1478 pignoris
262 1391 495 1473 obligavimus,
519 1409 559 1455 ea
581 1387 737 1454 videlicet
762 1387 966 1470 condicione,
989 1388 1080 1470 quod
1104 1386 1212 1453 dictus
1237 1386 1443 1475 tl(onradus)
1465 1389 1518 1454 vel
1534 1388 1585 1453 sui
1601 1390 1742 1455 heredes
1758 1390 1946 1472 predictum
1961 1410 2115 1456 mansum

100 1501 131 1564 in
152 1500 267 1581 quieta
289 1495 503 1580 possessione
527 1497 665 1561 teneant
688 1497 722 1559 et
746 1512 861 1559 omnes
878 1494 1028 1559 redditus
1044 1492 1248 1576 integraliter
1264 1493 1434 1578 recipiant,
1459 1513 1634 1577 quousque
1651 1514 1670 1559 a
1686 1495 1782 1561 nobis
1797 1496 1851 1560 vel
1867 1497 2115 1562 successoribus

102 1605 216 1671 nostris
242 1602 372 1687 prefata
395 1622 526 1668 summa
548 1601 691 1684 pecunie
714 1600 862 1665 totaliter
885 1600 1104 1683 persolvatur.
1129 1600 1174 1664 Ut
1196 1602 1308 1665 autem
1330 1600 1392 1664 hec
1415 1600 1506 1683 apud
1528 1605 1683 1684 posteros
1699 1601 1802 1666 robur
1817 1601 1990 1666 obtineant
2005 1603 2116 1668 debite

102 1710 276 1792 firmitatis,
306 1728 446 1793 presens
469 1708 629 1790 scriptum
653 1707 732 1771 inde
756 1705 942 1772 conlectum
966 1708 1081 1770 nostro
1104 1710 1138 1772 et
1162 1705 1297 1790 capituli
1320 1706 1425 1771 nostri
1448 1706 1562 1790 sigillis
1585 1707 1723 1772 fecimus
1747 1708 1953 1774 communiri.
1999 1708 2116 1774 Testes

99 1816 192 1881 huius
215 1815 267 1880 rei
290 1818 381 1906 sunt:
407 1813 572 1879 Henricus
595 1815 718 1892 custos,
743 1812 905 1878 Ludolfus
930 1814 1055 1893 cantor,
1077 1811 1217 1896 Widego
1238 1811 1429 1895 prepositus
1445 1813 1553 1876 sancti
1569 1812 1711 1894 Martini,
1736 1811 1909 1878 Conradus
1925 1815 2117 1898 prepositus

95 1921 195 1986 sancti
225 1920 399 1999 Joharmis,
428 1919 595 1998 canonici;
627 1918 819 1984 Floreneius
846 1917 1045 2001 Wigravius,
1070 1917 1258 1983 Richardus
1281 1917 1409 2000 Vulpis,
1435 1917 1608 1984 Conradus
1640 1919 1682 1982 de
1706 1917 1829 2000 Ufflen,
1853 1919 2043 1986 Gerhardus
2075 1922 2115 1986 de

96 2027 262 2107 Lutteren‚
287 2027 458 2092 lohannes
483 2025 524 2091 de
540 2024 743 2105 Barchusen,
769 2024 947 2088 Heinricus
963 2023 1004 2090 de
1021 2025 1232 2106 Dungerden,
1257 2024 1447 2089 Gerhardus
1465 2024 1604 2104 LuscuS,
1628 2024 1769 2103 milites3
1794 2025 1965 2091 Arnoldus
1980 2026 2116 2108 ludens,

95 2131 266 2197 Heinricus
289 2131 331 2196 de
346 2131 499 2212 ltodhen,
524 2131 724 2196 Hartbertus
747 2131 789 2195 de
805 2131 921 2212 Svege,
945 2129 1140 2195 Meinfridus
1165 2131 1206 2195 de
1229 2129 1421 2194 Barchnsen
1445 2133 1478 2194 et
1501 2129 1557 2194 alii
1581 2130 1817 2212 quamplures
1840 2131 1977 2197 ecclesie
2001 2134 2115 2198 nostre

95 2237 252 2318 canonici,
275 2237 397 2302 milites
421 2241 454 2302 et
476 2235 618 2302 vassalli.
667 2238 789 2301 Datum
811 2255 900 2301 anno
924 2235 1056 2301 Domini
1080 2235 1382 2316 M⁰.CC⁰.LX⁰.IX⁰.,
1405 2235 1439 2300 in
1463 2235 1575 2319 vigilia
1598 2235 1772 2301 Laurencii
1795 2236 1950 2304 martiris

224 2341 282 2407 Or.
306 2345 350 2406 im
372 2341 445 2427 th.
472 2341 578 2408 sa-A.
602 2364 641 2405 zu
664 2341 814 2419 Matneter,
851 2339 972 2406 Lenem
994 2338 1055 2403 Nr.
1079 2339 1132 2404 84.
1186 2338 1250 2404 Von
1273 2341 1341 2406 dem
1366 2339 1469 2425 Siegel
1491 2341 1545 2405 dee
1570 2341 1718 2422 Baaekofs
1751 2343 1801 2406 ein
1822 2341 1938 2408 kleiner
1962 2341 2038 2408 Reet
2060 2366 2114 2408 um

303 2446 617 2533 Pergamentstreit'en
639 2447 785 2524 erlattcm
809 2448 868 2510 doc
893 2445 997 2531 Siepel
1018 2447 1071 2510 dee
1094 2445 1235 2532 Kapitels
1257 2446 1347 2511 nebat
1368 2445 1575 2532 Befeatr'grmq
1596 2449 1742 2513 verterem

1057 2608 1151 2685 936.

96 2737 245 2826 Bisclof
268 2737 343 2810 Otto
375 2758 437 2808 voa
468 2736 619 2808 Mindeu
652 2735 845 2825 theretpnet
879 2735 954 2806 hm
987 2735 1204 2825 Domlrupa'tcl
1237 2736 1303 2806 den
1334 2759 1376 2806 au
1408 2735 1474 2807 den
1513 2736 1735 2828 Tafetprtteru
1769 2737 1950 2828 pebdrtpeu
1978 2739 2058 2828 Hof
2077 2741 2116 2811 tu

344 2841 495 2914 Mersch
522 2865 585 2914 eur
620 2843 883 2932 Untcrsttttzmtp
910 2864 1027 2912 armer
1054 2840 1245 2916 Solvolurcu.
1302 2841 1451 2912 Mindcu
1479 2839 1579 2913 1269
1606 2843 1800 2934 September
1827 2848 1860 2918 9.

194 2962 314 3026 Frater
330 2961 411 3028 Otto
436 2959 549 3025 divina
571 2960 789 3044 permissione
804 2959 987 3024 Mindensis
1011 2959 1188 3041 episcopus
1211 2960 1367 3026 omnibus
1389 2963 1580 3042 presentem
1595 2959 1740 3025 litteram
1756 2962 1958 3044 inspecturis
1975 2962 2118 3029 salutem

99 3067 130 3131 in
153 3067 306 3134 Domino.
354 3067 480 3132 Notum
504 3086 579 3132 esse
600 3067 756 3149 cupimus
780 3066 944 3132 universis
968 3069 1037 3130 tam
1059 3065 1274 3148 presentibus
1297 3085 1398 3148 quam
1421 3066 1552 3148 tuturis,
1577 3067 1668 3148 quod
1692 3070 1904 3148 nos-curtem
1927 3068 1964 3134 in
1986 3069 2117 3134 Mersch

96 3173 308 3238 admensam
333 3177 482 3238 nostram
507 3171 732 3256 episcopalem
756 3175 962 3253 spectantem
985 3171 1169 3237 redimendi
1193 3191 1213 3234 a
1234 3170 1345 3254 laycis,
1368 3172 1427 3254 qui
1450 3191 1524 3238 eam
1546 3171 1660 3238 illicite
1682 3173 1787 3237 multo
1810 3176 1961 3256 tempore
1984 3173 2118 3239 detinu-

96 3282 195 3358 erant,
231 3279 486 3344 honorabilibus
514 3278 593 3342 viris
626 3279 752 3344 decano
780 3281 814 3342 et
844 3277 990 3360 capitulo
1017 3280 1132 3344 nostro
1160 3277 1294 3343 maioris
1322 3277 1459 3342 ecclesie
1489 3277 1626 3361 plenam
1655 3281 1688 3343 et
1718 3279 1858 3344 liberam
1892 3279 2117 3345 concessimus

96 3385 301 3464 facultatem3
324 3385 408 3468 ipsis
432 3388 465 3449 et
488 3385 626 3451 ecclesie
649 3382 778 3466 pretate
802 3382 923 3450 dictam
947 3386 1074 3448 curtem
1099 3401 1174 3447 cum
1198 3383 1354 3448 omnibus
1377 3384 1586 3466 pertinentiis
1609 3383 1679 3448 suis
1703 3384 1884 3450 liberaliter
1908 3385 2117 3468 conterimus,

97 3510 272 3572 quousque
296 3509 356 3554 nos
379 3490 432 3555 vel
456 3491 562 3557 nostri
585 3509 795 3555 successores
818 3509 879 3573 pro
903 3491 1075 3572 sexaginta
1097 3490 1216 3554 marcis
1241 3492 1274 3554 et
1296 3509 1364 3553 una
1387 3509 1534 3555 reemere
1557 3489 1737 3570 valeamus,
1761 3491 1996 3557 nichilominus
2013 3493 2118 3557 statu-

98 3599 195 3676 entes,
229 3596 323 3678 quod
351 3615 464 3661 annua
492 3596 610 3679 pensio
641 3597 682 3661 de
705 3596 856 3678 predicta
884 3599 977 3661 curte
1004 3596 1142 3660 veniens
1166 3596 1207 3659 ad
1232 3614 1313 3659 usus
1336 3614 1522 3678 pauperum
1545 3596 1745 3662 scholarium
1768 3599 1954 3661 reservetur
1977 3599 2118 3664 maxime

98 3705 260 3782 quantum
284 3721 340 3766 eos
365 3701 524 3785 contingit
547 3704 589 3768 de
604 3703 756 3785 predicta
770 3702 943 3784 pensione,
967 3721 1042 3766 cum
1058 3720 1126 3764 non
1142 3701 1207 3765 nisi
1223 3701 1443 3783 quadraginta
1457 3721 1567 3766 marce
1584 3702 1626 3766 de
1642 3701 1814 3785 sexaginta
1829 3703 1949 3768 marcis
1964 3704 2118 3787 superius

96 3807 286 3874 memoratis
310 3809 353 3872 ad
376 3809 511 3873 eosdem
535 3809 737 3892 pertineant,
767 3826 851 3889 quas
874 3807 930 3890 pie
953 3808 1111 3872 memorie
1135 3806 1310 3871 Conradus
1332 3807 1522 3889 prepositus
1545 3809 1653 3872 sancti
1676 3807 1810 3873 Martini
1832 3829 1893 3892 pro
1918 3809 2028 3874 anime
2058 3830 2118 3875 sue

98 3915 239 3978 remedio
265 3914 301 3978 in
325 3913 512 3980 subsidium
536 3933 723 3997 pauperum
747 3914 948 3979 scholarium
970 3913 1155 3994 inspirante
1171 3913 1311 3977 Domino
1335 3912 1461 3976 studuit
1484 3913 1623 3995 elargiri.
1648 3914 1688 3978 In
1712 3913 1807 3979 cuius
1827 3914 1875 3979 rei
1890 3913 2118 3980 testimonium

96 4039 230 4102 presens
264 4020 424 4102 scriptum
452 4019 551 4103 sigilli
580 4021 686 4084 nostri
715 4019 898 4086 munimine
927 4018 1081 4083 duximus
1110 4019 1345 4084 roborandum.
1393 4019 1513 4083 Datum
1538 4018 1650 4083 Minde
1673 4038 1762 4083 anno
1786 4019 1920 4086 Domini
1942 4019 2117 4085 millesimo

96 4125 322 4190 ducentesimo
346 4127 551 4208 sexagesimo
576 4145 675 4207 nono,
699 4126 734 4191 in
757 4127 811 4190 die
836 4124 993 4208 Gargonii
1016 4124 1171 4188 martiris

223 4227 319 4292 Nuclr
342 4230 411 4294 dean
433 4229 545 4295 Druck
567 4230 615 4295 bei
641 4229 840 4309 errdtwea'n,
865 4227 954 4292 Novo
974 4227 1059 4292 subs.
1085 4226 1145 4306 Ill,
1173 4227 1207 4293 S.
1229 4226 1275 4291 93
1296 4228 1479 4295 wiederlrolt.
1527 4227 1638 4314 Repeat
1661 4230 1739 4295 Mac.
1764 4227 1809 4309 II,
1834 4229 1934 4308 189a‚
1959 4228 2021 4297 Nr.
2039 4229 2115 4298 893.

306 4337 436 4402 Mersch
458 4336 506 4401 bei
526 4335 646 4415 Laide,
670 4338 730 4423 aql.
756 4339 806 4401 dre
833 4335 913 4401 Uele.
936 4357 976 4398 zu
1000 4333 1086 4400 1277
1108 4335 1188 4398 duni
1214 4335 1263 4402 11.

1060 4499 1150 4576 937.

96 4623 205 4697 Rttter
234 4625 396 4697 Rmebert
423 4647 488 4697 oon
515 4627 591 4698 dem
620 4627 775 4698 Busscte
802 4626 937 4698 schenkl
966 4628 1041 4698 dem
1069 4626 1209 4697 Ktoster
1236 4626 1274 4696 tu
1309 4624 1425 4696 Vtotlto
1452 4625 1526 4695 oter
1544 4623 1664 4713 Husen
1687 4627 1750 4696 mit
1769 4625 1920 4697 Zetnten
1946 4626 1984 4696 tu
2004 4625 2118 4696 Brac-

797 4730 957 4828 haghen.
1013 4731 1108 4803 1269
1136 4730 1331 4824 September
1357 4733 1416 4804 29.

197 4850 268 4932 Ego
293 4849 495 4917 Rembertus
519 4850 612 4916 miles
635 4850 743 4916 dictus
767 4852 809 4916 de
826 4851 968 4917 Busche.
999 4851 1162 4916 Omnibus
1185 4869 1325 4932 presens
1349 4848 1508 4932 scriptum
1531 4848 1651 4913 visuris
1674 4849 1726 4914 vel
1750 4849 1910 4914 audituris
1934 4851 2052 4914 notum
2075 4847 2118 4914 sit

96 4956 309 5036 presentibus
339 4958 373 5020 et
400 4955 520 5022 futuris
550 4957 585 5021 in
614 4961 825 5040 perpetuum,
854 4958 946 5040 quod
978 4976 1053 5021 cum
1077 4974 1242 5022 consensu
1266 4956 1377 5021 uxoris
1401 4974 1485 5036 mee,
1514 4953 1659 5021 filiorum
1680 4953 1890 5038 filiarumque
1912 4975 2062 5020 mearum
2086 4957 2119 5019 et

96 5061 245 5126 omnium
268 5062 429 5127 heredum
454 5082 604 5127 meorum
629 5081 771 5145 quorum
794 5060 933 5128 interest
956 5062 1191 5145 legittimorum
1214 5080 1276 5144 pro
1299 5061 1447 5126 remedio
1470 5060 1579 5126 anime
1603 5080 1687 5142 mee,
1723 5059 1836 5125 uxoris
1859 5081 1943 5142 mee,
1973 5059 2120 5126 filiorum

94 5164 306 5250 filiarumque
329 5187 481 5234 mearum
503 5171 537 5233 et
561 5169 711 5233 omnium
733 5169 984 5250 progenitorum
1007 5172 1153 5250 quatuor
1176 5187 1310 5233 mansos
1333 5167 1367 5230 in
1391 5166 1607 5249 Brachaghen
1629 5186 1706 5232 curn
1729 5165 1864 5233 decimis
1888 5167 2070 5231 eorundem
2086 5167 2119 5230 et

96 5291 169 5337 oum
193 5274 351 5339 omnibus
375 5275 444 5339 suis
467 5275 655 5340 attinenciis
679 5273 848 5339 abbatisse
872 5278 906 5339 et
928 5274 1105 5339 conventui
1129 5273 1165 5338 in
1188 5275 1336 5339 Vlotowe
1360 5271 1488 5337 ordinis
1513 5272 1741 5338 Cisterciensis
1764 5272 1948 5337 Mindensis
1977 5271 2118 5336 diocesis

98 5377 277 5444 liberaliter
299 5381 425 5446 contuli
449 5401 488 5447 ac
512 5380 622 5446 dimisi
645 5381 678 5444 in
702 5383 902 5464 perpetuum
925 5379 1154 5464 possidendos.
1194 5379 1310 5444 Testes
1333 5379 1433 5444 huius
1456 5379 1504 5444 rei
1527 5381 1620 5444 sunt:
1646 5379 1801 5445 dominus
1816 5378 1985 5444 lohannes
2009 5377 2122 5443 dictus
