<?xml version="1.0" encoding="UTF-8"?>
<!DOCTYPE html PUBLIC "-//W3C//DTD XHTML 1.0 Transitional//EN"
    "http://www.w3.org/TR/xhtml1/DTD/xhtml1-transitional.dtd">
<html xmlns="http://www.w3.org/1999/xhtml" xml:lang="en" lang="en">
 <head>
  <title>
</title>
<meta http-equiv="Content-Type" content="text/html;charset=utf-8" />
  <meta name='ocr-system' content='tesseract 3.04.00' />
  <meta name='ocr-capabilities' content='ocr_page ocr_carea ocr_par ocr_line ocrx_word'/>
</head>
<body>
  <div class='ocr_page' id='page_1' title='image "./westflischesurk00westgoog_0094.png"; bbox 0 0 5174 6798; ppageno 0'>
   <div class='ocr_carea' id='block_1_1' title="bbox 1024 448 2145 525">
    <p class='ocr_par' dir='ltr' id='par_1_1' title="bbox 1024 448 2145 525">
     <span class='ocr_line' id='line_1_1' title="bbox 1024 448 2145 525; baseline -0.002 -1"><span class='ocrx_word' id='word_1_1' title='bbox 1024 467 1198 525; x_wconf 51' lang='lat' dir='ltr'><strong>metucns</strong></span> <span class='ocrx_word' id='word_1_2' title='bbox 2036 448 2037 452; x_wconf 60' lang='lat'>‘</span> <span class='ocrx_word' id='word_1_3' title='bbox 2100 457 2145 523; x_wconf 73' lang='lat' dir='ltr'><strong>ll</strong></span> 
     </span>
    </p>
   </div>
   <div class='ocr_carea' id='block_1_2' title="bbox 1089 663 1178 745">
    <p class='ocr_par' dir='ltr' id='par_1_2' title="bbox 1089 663 1178 745">
     <span class='ocr_line' id='line_1_2' title="bbox 1089 663 1178 745; baseline 0.022 -2"><span class='ocrx_word' id='word_1_4' title='bbox 1089 663 1178 745; x_wconf 77' lang='lat' dir='ltr'><strong>aaa</strong></span> 
     </span>
    </p>
   </div>
   <div class='ocr_carea' id='block_1_3' title="bbox 128 790 2146 1422">
    <p class='ocr_par' dir='ltr' id='par_1_3' title="bbox 128 790 2145 990">
     <span class='ocr_line' id='line_1_3' title="bbox 128 790 2145 887; baseline -0 -18"><span class='ocrx_word' id='word_1_5' title='bbox 128 794 325 870; x_wconf 85' lang='lat' dir='ltr'><strong>Heinrious</strong></span> <span class='ocrx_word' id='word_1_6' title='bbox 356 793 403 864; x_wconf 85' lang='lat' dir='ltr'><strong>de</strong></span> <span class='ocrx_word' id='word_1_7' title='bbox 438 790 720 887; x_wconf 80' lang='lat' dir='ltr'><strong>Soelkeubergo</strong></span> <span class='ocrx_word' id='word_1_8' title='bbox 739 792 904 864; x_wconf 82' lang='lat' dir='ltr'><strong>maioris</strong></span> <span class='ocrx_word' id='word_1_9' title='bbox 935 791 1091 864; x_wconf 80' lang='lat' dir='ltr'><strong>ecclesie</strong></span> <span class='ocrx_word' id='word_1_10' title='bbox 1124 791 1326 868; x_wconf 81' lang='lat' dir='ltr'><strong>canonieus</strong></span> <span class='ocrx_word' id='word_1_11' title='bbox 1365 799 1469 866; x_wconf 66' lang='lat' dir='ltr'><strong>mim</strong></span> <span class='ocrx_word' id='word_1_12' title='bbox 1505 794 1572 866; x_wconf 81' lang='lat' dir='ltr'><strong>den</strong></span> <span class='ocrx_word' id='word_1_13' title='bbox 1605 793 1742 884; x_wconf 75' lang='lat' dir='ltr'><strong>Zecrpen</strong></span> <span class='ocrx_word' id='word_1_14' title='bbox 1780 791 1843 868; x_wconf 80' lang='lat' dir='ltr'><strong>cler</strong></span> <span class='ocrx_word' id='word_1_15' title='bbox 1882 795 2046 868; x_wconf 79' lang='lat' dir='ltr'><strong>Urlmnde</strong></span> <span class='ocrx_word' id='word_1_16' title='bbox 2082 797 2145 876; x_wconf 80' lang='lat' dir='ltr'><strong>des</strong></span> 
     </span>
     <span class='ocr_line' id='line_1_4' title="bbox 358 895 1906 990; baseline -0.001 -18"><span class='ocrx_word' id='word_1_17' title='bbox 358 898 525 988; x_wconf 73' lang='lat' dir='ltr'><strong>Bioclrofs</strong></span> <span class='ocrx_word' id='word_1_18' title='bbox 551 895 698 971; x_wconf 76' lang='lat' dir='ltr'><strong>Kormd</strong></span> <span class='ocrx_word' id='word_1_19' title='bbox 724 919 788 970; x_wconf 75' lang='lat' dir='ltr'><strong>von</strong></span> <span class='ocrx_word' id='word_1_20' title='bbox 814 897 1030 972; x_wconf 76' lang='lat' dir='ltr'><strong>Hildeclretm</strong></span> <span class='ocrx_word' id='word_1_21' title='bbox 1056 898 1119 987; x_wconf 71' lang='lat' dir='ltr'><strong>fiir</strong></span> <span class='ocrx_word' id='word_1_22' title='bbox 1145 899 1211 970; x_wconf 79' lang='lat' dir='ltr'><strong>doe</strong></span> <span class='ocrx_word' id='word_1_23' title='bbox 1236 898 1558 990; x_wconf 66' lang='lat' dir='ltr'><strong>Jolmnoslosptul</strong></span> <span class='ocrx_word' id='word_1_24' title='bbox 1585 900 1741 972; x_wconf 68' lang='lat' dir='ltr'><strong>madio.</strong></span> <span class='ocrx_word' id='word_1_25' title='bbox 1796 898 1906 972; x_wconf 80' lang='grc'><em>1234.</em></span> 
     </span>
    </p>

    <p class='ocr_par' dir='ltr' id='par_1_4' title="bbox 253 1011 2146 1422">
     <span class='ocr_line' id='line_1_5' title="bbox 253 1011 2145 1104; baseline 0.002 -23"><span class='ocrx_word' id='word_1_26' title='bbox 253 1015 309 1082; x_wconf 86' lang='grc' dir='ltr'><strong>Θν.</strong></span> <span class='ocrx_word' id='word_1_27' title='bbox 332 1019 377 1080; x_wconf 81' lang='lat' dir='ltr'><strong>im</strong></span> <span class='ocrx_word' id='word_1_28' title='bbox 404 1016 472 1104; x_wconf 69' lang='lat' dir='ltr'><strong>Kpr.</strong></span> <span class='ocrx_word' id='word_1_29' title='bbox 499 1014 606 1083; x_wconf 75' lang='lat' dir='ltr'><strong>st.-A.</strong></span> <span class='ocrx_word' id='word_1_30' title='bbox 628 1035 669 1079; x_wconf 79' lang='lat' dir='ltr'><strong>zu</strong></span> <span class='ocrx_word' id='word_1_31' title='bbox 691 1013 868 1080; x_wconf 70' lang='lat' dir='ltr'><strong>Homooer.</strong></span> <span class='ocrx_word' id='word_1_32' title='bbox 918 1011 1013 1081; x_wconf 68' lang='lat' dir='ltr'><strong>Gedr.</strong></span> <span class='ocrx_word' id='word_1_33' title='bbox 1048 1013 1246 1094; x_wconf 76' lang='lat' dir='ltr'><strong>Wc&#39;rrdtaoein‚</strong></span> <span class='ocrx_word' id='word_1_34' title='bbox 1271 1013 1361 1080; x_wconf 83' lang='lat' dir='ltr'><strong>Nova</strong></span> <span class='ocrx_word' id='word_1_35' title='bbox 1383 1011 1475 1080; x_wconf 70' lang='lat' dir='ltr'><strong>Sabe.</strong></span> <span class='ocrx_word' id='word_1_36' title='bbox 1500 1015 1528 1094; x_wconf 90' lang='lat' dir='ltr'><strong>I,</strong></span> <span class='ocrx_word' id='word_1_37' title='bbox 1553 1014 1588 1080; x_wconf 83' lang='lat' dir='ltr'><strong>S.</strong></span> <span class='ocrx_word' id='word_1_38' title='bbox 1603 1014 1679 1083; x_wconf 78' lang='lat'><strong>300.</strong></span> <span class='ocrx_word' id='word_1_39' title='bbox 1727 1015 1805 1102; x_wconf 72' lang='lat' dir='ltr'><strong>Rip.</strong></span> <span class='ocrx_word' id='word_1_40' title='bbox 1828 1015 2145 1104; x_wconf 60' lang='lat' dir='ltr'><strong>allodiumque</strong></span> 
     </span>
     <span class='ocr_line' id='line_1_6' title="bbox 332 1117 2146 1210; baseline 0.001 -23"><span class='ocrx_word' id='word_1_41' title='bbox 332 1123 467 1210; x_wconf 82' lang='lat' dir='ltr'><strong>Mooyer‚</strong></span> <span class='ocrx_word' id='word_1_42' title='bbox 500 1119 605 1204; x_wconf 71' lang='lat' dir='ltr'><strong>Wertfi</strong></span> <span class='ocrx_word' id='word_1_43' title='bbox 628 1120 853 1186; x_wconf 58' lang='lat' dir='ltr'><strong>movim-Bel.</strong></span> <span class='ocrx_word' id='word_1_44' title='bbox 879 1117 923 1200; x_wconf 78' lang='lat' dir='ltr'><strong>ll,</strong></span> <span class='ocrx_word' id='word_1_45' title='bbox 948 1121 979 1200; x_wconf 85' lang='grc'><strong>4,</strong></span> <span class='ocrx_word' id='word_1_46' title='bbox 1006 1119 1041 1186; x_wconf 81' lang='lat' dir='ltr'><strong>S.</strong></span> <span class='ocrx_word' id='word_1_47' title='bbox 1064 1119 1109 1184; x_wconf 82' lang='lat'><strong>38</strong></span> <span class='ocrx_word' id='word_1_48' title='bbox 1131 1118 1192 1187; x_wconf 86' lang='lat' dir='ltr'><strong>Nr.</strong></span> <span class='ocrx_word' id='word_1_49' title='bbox 1216 1119 1270 1186; x_wconf 82' lang='grc'><strong>42.</strong></span> <span class='ocrx_word' id='word_1_50' title='bbox 1315 1119 1454 1187; x_wconf 67' lang='lat' dir='ltr'><strong>lerum</strong></span> <span class='ocrx_word' id='word_1_51' title='bbox 1476 1123 1641 1189; x_wconf 72' lang='lat' dir='ltr'><strong>emotum</strong></span> <span class='ocrx_word' id='word_1_52' title='bbox 1664 1145 1694 1186; x_wconf 87' lang='lat' dir='ltr'><strong>o.</strong></span> <span class='ocrx_word' id='word_1_53' title='bbox 1719 1147 1749 1188; x_wconf 85' lang='lat' dir='ltr'><strong>o.</strong></span> <span class='ocrx_word' id='word_1_54' title='bbox 1773 1121 1836 1186; x_wconf 84' lang='lat' dir='ltr'><strong>Nr.</strong></span> <span class='ocrx_word' id='word_1_55' title='bbox 1861 1123 1902 1186; x_wconf 90' lang='grc'><strong>41</strong></span> <span class='ocrx_word' id='word_1_56' title='bbox 1926 1123 2089 1189; x_wconf 55' lang='lat' dir='ltr'><strong>&amp;usellen</strong></span> <span class='ocrx_word' id='word_1_57' title='bbox 2109 1128 2146 1188; x_wconf 77' lang='lat' dir='ltr'><strong>tn</strong></span> 
     </span>
     <span class='ocr_line' id='line_1_7' title="bbox 331 1225 2143 1309; baseline 0.001 -15"><span class='ocrx_word' id='word_1_58' title='bbox 331 1232 417 1294; x_wconf 79' lang='lat' dir='ltr'><strong>einer</strong></span> <span class='ocrx_word' id='word_1_59' title='bbox 443 1229 578 1293; x_wconf 72' lang='lat' dir='ltr'><strong>cedma</strong></span> <span class='ocrx_word' id='word_1_60' title='bbox 607 1226 755 1292; x_wconf 74' lang='lat' dir='ltr'><strong>Urktmde</strong></span> <span class='ocrx_word' id='word_1_61' title='bbox 785 1225 827 1292; x_wconf 90' lang='lat' dir='ltr'><strong>B.</strong></span> <span class='ocrx_word' id='word_1_62' title='bbox 850 1226 998 1294; x_wconf 59' lang='lat' dir='ltr'><strong>nonan</strong></span> <span class='ocrx_word' id='word_1_63' title='bbox 1025 1249 1084 1291; x_wconf 81' lang='lat' dir='ltr'><strong>aue</strong></span> <span class='ocrx_word' id='word_1_64' title='bbox 1111 1225 1282 1292; x_wconf 70' lang='lat' dir='ltr'><strong>demerim</strong></span> <span class='ocrx_word' id='word_1_65' title='bbox 1303 1225 1412 1306; x_wconf 71' lang='lat' dir='ltr'><strong>Johre,</strong></span> <span class='ocrx_word' id='word_1_66' title='bbox 1447 1229 1482 1291; x_wconf 84' lang='lat' dir='ltr'><strong>in</strong></span> <span class='ocrx_word' id='word_1_67' title='bbox 1503 1228 1634 1293; x_wconf 77' lang='lat' dir='ltr'><strong>welclrr</strong></span> <span class='ocrx_word' id='word_1_68' title='bbox 1660 1251 1695 1293; x_wconf 88' lang='lat' dir='ltr'><strong>er</strong></span> <span class='ocrx_word' id='word_1_69' title='bbox 1719 1227 1801 1292; x_wconf 71' lang='lat' dir='ltr'><strong>nacla</strong></span> <span class='ocrx_word' id='word_1_70' title='bbox 1824 1227 1963 1309; x_wconf 61' lang='lat' dir='ltr'><strong>Methora,</strong></span> <span class='ocrx_word' id='word_1_71' title='bbox 1995 1227 2057 1296; x_wconf 81' lang='lat' dir='ltr'><strong>SS.</strong></span> <span class='ocrx_word' id='word_1_72' title='bbox 2081 1251 2143 1296; x_wconf 83' lang='lat' dir='ltr'><strong>rer.</strong></span> 
     </span>
     <span class='ocr_line' id='line_1_8' title="bbox 334 1331 2143 1422; baseline 0 -23"><span class='ocrx_word' id='word_1_73' title='bbox 334 1333 439 1400; x_wconf 77' lang='lat' dir='ltr'><strong>Germ,</strong></span> <span class='ocrx_word' id='word_1_74' title='bbox 457 1331 483 1412; x_wconf 88' lang='grc' dir='ltr'><strong>Ι,</strong></span> <span class='ocrx_word' id='word_1_75' title='bbox 510 1332 543 1401; x_wconf 84' lang='lat' dir='ltr'><strong>S.</strong></span> <span class='ocrx_word' id='word_1_76' title='bbox 559 1331 627 1396; x_wconf 90' lang='grc'><strong>542</strong></span> <span class='ocrx_word' id='word_1_77' title='bbox 649 1335 691 1400; x_wconf 89' lang='lat' dir='ltr'><strong>de</strong></span> <span class='ocrx_word' id='word_1_78' title='bbox 707 1335 818 1400; x_wconf 83' lang='lat' dir='ltr'>Monte</span> <span class='ocrx_word' id='word_1_79' title='bbox 833 1353 979 1418; x_wconf 87' lang='lat' dir='ltr'><strong>nequam</strong></span> <span class='ocrx_word' id='word_1_80' title='bbox 1000 1345 1139 1418; x_wconf 74' lang='lat' dir='ltr'><strong>pertonat</strong></span> <span class='ocrx_word' id='word_1_81' title='bbox 1159 1333 1283 1398; x_wconf 75' lang='lat' dir='ltr'><strong>worden</strong></span> <span class='ocrx_word' id='word_1_82' title='bbox 1304 1335 1371 1398; x_wconf 75' lang='lat' dir='ltr'><strong>rein</strong></span> <span class='ocrx_word' id='word_1_83' title='bbox 1390 1333 1465 1408; x_wconf 77' lang='lat' dir='ltr'><strong>eoll3</strong></span> <span class='ocrx_word' id='word_1_84' title='bbox 1485 1333 1536 1398; x_wconf 81' lang='lat' dir='ltr'><strong>die</strong></span> <span class='ocrx_word' id='word_1_85' title='bbox 1556 1331 1635 1398; x_wconf 71' lang='lat' dir='ltr'><strong>Uele.</strong></span> <span class='ocrx_word' id='word_1_86' title='bbox 1652 1355 1720 1398; x_wconf 80' lang='lat' dir='ltr'><strong>war</strong></span> <span class='ocrx_word' id='word_1_87' title='bbox 1734 1335 1817 1399; x_wconf 67' lang='lat' dir='ltr'><strong>nablo</strong></span> <span class='ocrx_word' id='word_1_88' title='bbox 1829 1335 1918 1400; x_wconf 69' lang='lat' dir='ltr'><strong>neela</strong></span> <span class='ocrx_word' id='word_1_89' title='bbox 1933 1335 2143 1422; x_wconf 64' lang='lat' dir='ltr'><strong>osp‘mfinden.</strong></span> 
     </span>
    </p>
   </div>
   <div class='ocr_carea' id='block_1_4' title="bbox 1085 1493 1179 1574">
    <p class='ocr_par' dir='ltr' id='par_1_5' title="bbox 1085 1493 1179 1574">
     <span class='ocr_line' id='line_1_9' title="bbox 1085 1493 1179 1574; baseline 0.021 -2"><span class='ocrx_word' id='word_1_90' title='bbox 1085 1493 1179 1574; x_wconf 76' lang='lat'><strong>280.</strong></span> 
     </span>
    </p>
   </div>
   <div class='ocr_carea' id='block_1_5' title="bbox 124 1617 2146 1817">
    <p class='ocr_par' dir='ltr' id='par_1_6' title="bbox 124 1617 2146 1817">
     <span class='ocr_line' id='line_1_10' title="bbox 124 1617 2146 1712; baseline 0 -15"><span class='ocrx_word' id='word_1_91' title='bbox 124 1621 288 1698; x_wconf 73' lang='lat' dir='ltr'><strong>Heinrich</strong></span> <span class='ocrx_word' id='word_1_92' title='bbox 330 1621 421 1695; x_wconf 76' lang='lat' dir='ltr'><strong>Solm</strong></span> <span class='ocrx_word' id='word_1_93' title='bbox 448 1621 510 1693; x_wconf 76' lang='lat' dir='ltr'><strong>des</strong></span> <span class='ocrx_word' id='word_1_94' title='bbox 535 1621 673 1710; x_wconf 75' lang='lat' dir='ltr'><strong>Grofen</strong></span> <span class='ocrx_word' id='word_1_95' title='bbox 701 1619 889 1693; x_wconf 68' lang='lat' dir='ltr'><strong>Burcdord&#39;</strong></span> <span class='ocrx_word' id='word_1_96' title='bbox 919 1643 984 1693; x_wconf 80' lang='lat' dir='ltr'><strong>ron</strong></span> <span class='ocrx_word' id='word_1_97' title='bbox 1013 1617 1206 1712; x_wconf 77' lang='lat' dir='ltr'><strong>Oldmburp</strong></span> <span class='ocrx_word' id='word_1_98' title='bbox 1238 1621 1415 1711; x_wconf 74' lang='lat' dir='ltr'><strong>ribertrdpt</strong></span> <span class='ocrx_word' id='word_1_99' title='bbox 1449 1622 1516 1693; x_wconf 81' lang='lat' dir='ltr'><strong>den</strong></span> <span class='ocrx_word' id='word_1_100' title='bbox 1542 1621 1677 1694; x_wconf 72' lang='lat' dir='ltr'><strong>sennen</strong></span> <span class='ocrx_word' id='word_1_101' title='bbox 1710 1623 1783 1695; x_wconf 77' lang='lat' dir='ltr'><strong>ond</strong></span> <span class='ocrx_word' id='word_1_102' title='bbox 1816 1623 1878 1695; x_wconf 81' lang='lat' dir='ltr'><strong>der</strong></span> <span class='ocrx_word' id='word_1_103' title='bbox 1906 1624 2008 1696; x_wconf 75' lang='lat' dir='ltr'><strong>Fron</strong></span> <span class='ocrx_word' id='word_1_104' title='bbox 2033 1625 2146 1697; x_wconf 70' lang='lat' dir='ltr'><strong>sanes</strong></span> 
     </span>
     <span class='ocr_line' id='line_1_11' title="bbox 365 1725 1823 1817; baseline 0.001 -18"><span class='ocrx_word' id='word_1_105' title='bbox 365 1767 369 1776; x_wconf 95' lang='lat'>·</span> <span class='ocrx_word' id='word_1_106' title='bbox 446 1727 704 1800; x_wconf 69' lang='lat' dir='ltr'><strong>Ministeriolen</strong></span> <span class='ocrx_word' id='word_1_107' title='bbox 730 1725 876 1799; x_wconf 78' lang='lat' dir='ltr'><strong>Koarad</strong></span> <span class='ocrx_word' id='word_1_108' title='bbox 901 1749 965 1800; x_wconf 81' lang='lat' dir='ltr'><strong>con</strong></span> <span class='ocrx_word' id='word_1_109' title='bbox 991 1725 1157 1800; x_wconf 79' lang='lat' dir='ltr'><strong>Heimsen</strong></span> <span class='ocrx_word' id='word_1_110' title='bbox 1184 1729 1283 1800; x_wconf 79' lang='lat' dir='ltr'><strong>einen</strong></span> <span class='ocrx_word' id='word_1_111' title='bbox 1309 1728 1393 1817; x_wconf 73' lang='lat' dir='ltr'><strong>Hos</strong></span> <span class='ocrx_word' id='word_1_112' title='bbox 1413 1729 1451 1799; x_wconf 81' lang='lat' dir='ltr'><strong>in</strong></span> <span class='ocrx_word' id='word_1_113' title='bbox 1478 1727 1654 1800; x_wconf 78' lang='lat' dir='ltr'><strong>Heintsen.</strong></span> <span class='ocrx_word' id='word_1_114' title='bbox 1709 1725 1823 1801; x_wconf 83' lang='grc'><em>1234.</em></span> 
     </span>
    </p>
   </div>
   <div class='ocr_carea' id='block_1_6' title="bbox 121 1845 2146 3418">
    <p class='ocr_par' dir='ltr' id='par_1_7' title="bbox 121 1845 2146 3418">
     <span class='ocr_line' id='line_1_12' title="bbox 220 1845 2141 1930; baseline -0.001 -17"><span class='ocrx_word' id='word_1_115' title='bbox 220 1847 263 1913; x_wconf 90' lang='lat' dir='ltr'><strong>In</strong></span> <span class='ocrx_word' id='word_1_116' title='bbox 292 1845 427 1912; x_wconf 90' lang='lat' dir='ltr'><strong>nomine</strong></span> <span class='ocrx_word' id='word_1_117' title='bbox 455 1849 569 1911; x_wconf 85' lang='lat' dir='ltr'><strong>sancte</strong></span> <span class='ocrx_word' id='word_1_118' title='bbox 597 1847 631 1910; x_wconf 90' lang='lat' dir='ltr'><strong>et</strong></span> <span class='ocrx_word' id='word_1_119' title='bbox 660 1845 830 1912; x_wconf 84' lang='lat' dir='ltr'><strong>individue</strong></span> <span class='ocrx_word' id='word_1_120' title='bbox 859 1845 1027 1912; x_wconf 75' lang='lat' dir='ltr'><strong>trinitatis.</strong></span> <span class='ocrx_word' id='word_1_121' title='bbox 1082 1845 1150 1930; x_wconf 88' lang='lat' dir='ltr'><strong>Ego</strong></span> <span class='ocrx_word' id='word_1_122' title='bbox 1178 1845 1353 1912; x_wconf 89' lang='lat' dir='ltr'><strong>Heinricus</strong></span> <span class='ocrx_word' id='word_1_123' title='bbox 1381 1846 1510 1910; x_wconf 88' lang='lat' dir='ltr'><strong>comitis</strong></span> <span class='ocrx_word' id='word_1_124' title='bbox 1533 1845 1717 1910; x_wconf 89' lang='lat' dir='ltr'><strong>Burchardi</strong></span> <span class='ocrx_word' id='word_1_125' title='bbox 1741 1847 1782 1911; x_wconf 89' lang='lat' dir='ltr'><strong>de</strong></span> <span class='ocrx_word' id='word_1_126' title='bbox 1804 1847 2020 1912; x_wconf 90' lang='lat' dir='ltr'><strong>Aldenburch</strong></span> <span class='ocrx_word' id='word_1_127' title='bbox 2042 1846 2141 1914; x_wconf 88' lang='lat' dir='ltr'><strong>filius.</strong></span> 
     </span>
     <span class='ocr_line' id='line_1_13' title="bbox 124 1951 2145 2036; baseline -0 -15"><span class='ocrx_word' id='word_1_128' title='bbox 124 1955 279 2022; x_wconf 88' lang='lat' dir='ltr'><strong>Noverint</strong></span> <span class='ocrx_word' id='word_1_129' title='bbox 313 1951 470 2034; x_wconf 89' lang='lat' dir='ltr'><strong>universi,</strong></span> <span class='ocrx_word' id='word_1_130' title='bbox 506 1953 598 2036; x_wconf 87' lang='lat' dir='ltr'><strong>quod</strong></span> <span class='ocrx_word' id='word_1_131' title='bbox 628 1953 803 2018; x_wconf 84' lang='lat' dir='ltr'><strong>Conradus</strong></span> <span class='ocrx_word' id='word_1_132' title='bbox 835 1953 878 2018; x_wconf 91' lang='lat' dir='ltr'><strong>de</strong></span> <span class='ocrx_word' id='word_1_133' title='bbox 908 1951 1148 2018; x_wconf 85' lang='lat' dir='ltr'><strong>Hemenhusen</strong></span> <span class='ocrx_word' id='word_1_134' title='bbox 1179 1951 1404 2018; x_wconf 78' lang='lat' dir='ltr'><strong>ministerialis</strong></span> <span class='ocrx_word' id='word_1_135' title='bbox 1439 1953 1554 2018; x_wconf 85' lang='lat' dir='ltr'><strong>noster</strong></span> <span class='ocrx_word' id='word_1_136' title='bbox 1583 1951 1711 2018; x_wconf 85' lang='lat' dir='ltr'><strong>curiam</strong></span> <span class='ocrx_word' id='word_1_137' title='bbox 1742 1971 1845 2017; x_wconf 89' lang='lat' dir='ltr'><strong>unam</strong></span> <span class='ocrx_word' id='word_1_138' title='bbox 1865 1953 1902 2017; x_wconf 88' lang='lat' dir='ltr'><strong>in</strong></span> <span class='ocrx_word' id='word_1_139' title='bbox 1925 1954 2043 2020; x_wconf 87' lang='lat' dir='ltr'><strong>eadem</strong></span> <span class='ocrx_word' id='word_1_140' title='bbox 2064 1953 2145 2020; x_wconf 86' lang='lat' dir='ltr'><strong>villa</strong></span> 
     </span>
     <span class='ocr_line' id='line_1_14' title="bbox 125 2059 2144 2140; baseline -0.001 -13"><span class='ocrx_word' id='word_1_141' title='bbox 125 2060 360 2127; x_wconf 84' lang='lat' dir='ltr'><strong>Hemenbusen</strong></span> <span class='ocrx_word' id='word_1_142' title='bbox 394 2059 491 2125; x_wconf 90' lang='lat' dir='ltr'><strong>sitam</strong></span> <span class='ocrx_word' id='word_1_143' title='bbox 525 2079 598 2124; x_wconf 92' lang='lat' dir='ltr'><strong>non</strong></span> <span class='ocrx_word' id='word_1_144' title='bbox 628 2060 702 2125; x_wconf 84' lang='lat' dir='ltr'><strong>loco</strong></span> <span class='ocrx_word' id='word_1_145' title='bbox 737 2059 974 2140; x_wconf 66' lang='lat' dir='ltr'><strong>ministerialis</strong></span> <span class='ocrx_word' id='word_1_146' title='bbox 1009 2060 1068 2125; x_wconf 88' lang='lat' dir='ltr'><strong>sed</strong></span> <span class='ocrx_word' id='word_1_147' title='bbox 1103 2059 1233 2126; x_wconf 86' lang='lat' dir='ltr'><strong>ratione</strong></span> <span class='ocrx_word' id='word_1_148' title='bbox 1263 2059 1402 2122; x_wconf 91' lang='lat' dir='ltr'><strong>hominii</strong></span> <span class='ocrx_word' id='word_1_149' title='bbox 1430 2060 1592 2140; x_wconf 87' lang='lat' dir='ltr'><strong>apatruo</strong></span> <span class='ocrx_word' id='word_1_150' title='bbox 1622 2061 1738 2124; x_wconf 89' lang='lat' dir='ltr'><strong>nostro</strong></span> <span class='ocrx_word' id='word_1_151' title='bbox 1766 2060 1799 2124; x_wconf 89' lang='lat' dir='ltr'><strong>et</strong></span> <span class='ocrx_word' id='word_1_152' title='bbox 1828 2059 1925 2123; x_wconf 90' lang='lat' dir='ltr'><strong>nobis</strong></span> <span class='ocrx_word' id='word_1_153' title='bbox 1952 2059 2025 2124; x_wconf 92' lang='lat' dir='ltr'><strong>iure</strong></span> <span class='ocrx_word' id='word_1_154' title='bbox 2051 2062 2144 2125; x_wconf 88' lang='lat' dir='ltr'><strong>tenet</strong></span> 
     </span>
     <span class='ocr_line' id='line_1_15' title="bbox 124 2155 2144 2250; baseline -0.001 -16"><span class='ocrx_word' id='word_1_155' title='bbox 124 2167 259 2248; x_wconf 91' lang='lat' dir='ltr'><strong>feodali;</strong></span> <span class='ocrx_word' id='word_1_156' title='bbox 294 2167 381 2232; x_wconf 89' lang='lat' dir='ltr'><strong>hano</strong></span> <span class='ocrx_word' id='word_1_157' title='bbox 416 2166 542 2232; x_wconf 86' lang='lat' dir='ltr'><strong>curiam</strong></span> <span class='ocrx_word' id='word_1_158' title='bbox 576 2167 651 2250; x_wconf 87' lang='lat' dir='ltr'><strong>ipso</strong></span> <span class='ocrx_word' id='word_1_159' title='bbox 678 2166 750 2230; x_wconf 89' lang='lat' dir='ltr'><strong>iure</strong></span> <span class='ocrx_word' id='word_1_160' title='bbox 781 2166 897 2232; x_wconf 89' lang='lat' dir='ltr'><strong>eadem</strong></span> <span class='ocrx_word' id='word_1_161' title='bbox 928 2165 1056 2232; x_wconf 90' lang='lat' dir='ltr'><strong>ratione</strong></span> <span class='ocrx_word' id='word_1_162' title='bbox 1079 2155 1218 2230; x_wconf 87' lang='lat' dir='ltr'><strong>liominii</strong></span> <span class='ocrx_word' id='word_1_163' title='bbox 1241 2165 1311 2229; x_wconf 88' lang='lat' dir='ltr'><strong>suis</strong></span> <span class='ocrx_word' id='word_1_164' title='bbox 1335 2164 1542 2248; x_wconf 77' lang='lat' dir='ltr'><strong>porreximus</strong></span> <span class='ocrx_word' id='word_1_165' title='bbox 1566 2165 1680 2250; x_wconf 89' lang='lat' dir='ltr'><strong>pueris</strong></span> <span class='ocrx_word' id='word_1_166' title='bbox 1704 2167 1737 2230; x_wconf 85' lang='lat' dir='ltr'><strong>el</strong></span> <span class='ocrx_word' id='word_1_167' title='bbox 1759 2165 1862 2228; x_wconf 84' lang='lat' dir='ltr'><strong>uxori.</strong></span> <span class='ocrx_word' id='word_1_168' title='bbox 1909 2164 2008 2243; x_wconf 88' lang='lat' dir='ltr'><strong>Quod</strong></span> <span class='ocrx_word' id='word_1_169' title='bbox 2032 2168 2144 2232; x_wconf 90' lang='lat' dir='ltr'><strong>autem</strong></span> 
     </span>
     <span class='ocr_line' id='line_1_16' title="bbox 125 2269 2144 2356; baseline -0.002 -14"><span class='ocrx_word' id='word_1_170' title='bbox 125 2275 240 2342; x_wconf 88' lang='lat' dir='ltr'><strong>dictam</strong></span> <span class='ocrx_word' id='word_1_171' title='bbox 265 2271 390 2337; x_wconf 89' lang='lat' dir='ltr'><strong>curiam</strong></span> <span class='ocrx_word' id='word_1_172' title='bbox 413 2273 541 2338; x_wconf 88' lang='lat' dir='ltr'><strong>ratione</strong></span> <span class='ocrx_word' id='word_1_173' title='bbox 563 2274 698 2337; x_wconf 86' lang='lat' dir='ltr'><strong>tenetur</strong></span> <span class='ocrx_word' id='word_1_174' title='bbox 720 2271 844 2337; x_wconf 90' lang='lat' dir='ltr'><strong>habere</strong></span> <span class='ocrx_word' id='word_1_175' title='bbox 868 2271 1015 2352; x_wconf 72' lang='lat' dir='ltr'><strong>hominii,</strong></span> <span class='ocrx_word' id='word_1_176' title='bbox 1039 2271 1182 2337; x_wconf 88' lang='lat' dir='ltr'><strong>lucidius</strong></span> <span class='ocrx_word' id='word_1_177' title='bbox 1205 2273 1299 2354; x_wconf 87' lang='lat' dir='ltr'><strong>patet</strong></span> <span class='ocrx_word' id='word_1_178' title='bbox 1321 2290 1381 2354; x_wconf 92' lang='lat' dir='ltr'><strong>per</strong></span> <span class='ocrx_word' id='word_1_179' title='bbox 1397 2269 1580 2354; x_wconf 76' lang='lat' dir='ltr'><strong>sequentia.</strong></span> <span class='ocrx_word' id='word_1_180' title='bbox 1620 2271 1732 2336; x_wconf 89' lang='lat' dir='ltr'><strong>Primo</strong></span> <span class='ocrx_word' id='word_1_181' title='bbox 1748 2269 1857 2356; x_wconf 90' lang='lat' dir='ltr'><strong>ipsam</strong></span> <span class='ocrx_word' id='word_1_182' title='bbox 1874 2272 2000 2336; x_wconf 89' lang='lat' dir='ltr'><strong>curiam</strong></span> <span class='ocrx_word' id='word_1_183' title='bbox 2016 2272 2144 2338; x_wconf 88' lang='lat' dir='ltr'><strong>ratione</strong></span> 
     </span>
     <span class='ocr_line' id='line_1_17' title="bbox 125 2375 2145 2466; baseline -0 -21"><span class='ocrx_word' id='word_1_184' title='bbox 125 2379 321 2466; x_wconf 85' lang='lat' dir='ltr'><strong>supradicta,</strong></span> <span class='ocrx_word' id='word_1_185' title='bbox 346 2378 433 2444; x_wconf 86' lang='lat' dir='ltr'><strong>sicut</strong></span> <span class='ocrx_word' id='word_1_186' title='bbox 454 2382 552 2462; x_wconf 89' lang='lat' dir='ltr'><strong>pater</strong></span> <span class='ocrx_word' id='word_1_187' title='bbox 574 2398 655 2443; x_wconf 88' lang='lat' dir='ltr'><strong>suus</strong></span> <span class='ocrx_word' id='word_1_188' title='bbox 679 2379 854 2456; x_wconf 79' lang='lat' dir='ltr'><strong>habuerat,</strong></span> <span class='ocrx_word' id='word_1_189' title='bbox 876 2377 986 2446; x_wconf 91' lang='lat' dir='ltr'><strong>tenuit</strong></span> <span class='ocrx_word' id='word_1_190' title='bbox 1001 2397 1020 2441; x_wconf 91' lang='lat' dir='ltr'><strong>a</strong></span> <span class='ocrx_word' id='word_1_191' title='bbox 1036 2377 1158 2443; x_wconf 83' lang='lat' dir='ltr'><strong>comite</strong></span> <span class='ocrx_word' id='word_1_192' title='bbox 1174 2376 1341 2462; x_wconf 85' lang='lat' dir='ltr'><strong>Adolpho.</strong></span> <span class='ocrx_word' id='word_1_193' title='bbox 1388 2375 1474 2440; x_wconf 87' lang='lat' dir='ltr'><strong>Cum</strong></span> <span class='ocrx_word' id='word_1_194' title='bbox 1496 2397 1575 2441; x_wconf 89' lang='lat' dir='ltr'><strong>vero</strong></span> <span class='ocrx_word' id='word_1_195' title='bbox 1600 2397 1709 2442; x_wconf 90' lang='lat' dir='ltr'><strong>comes</strong></span> <span class='ocrx_word' id='word_1_196' title='bbox 1732 2377 1910 2461; x_wconf 90' lang='lat' dir='ltr'><strong>Adolphus</strong></span> <span class='ocrx_word' id='word_1_197' title='bbox 1934 2398 2007 2444; x_wconf 88' lang='lat' dir='ltr'><strong>eam</strong></span> <span class='ocrx_word' id='word_1_198' title='bbox 2031 2377 2145 2444; x_wconf 86' lang='lat' dir='ltr'><strong>comiti</strong></span> 
     </span>
     <span class='ocr_line' id='line_1_18' title="bbox 124 2481 2144 2569; baseline -0.001 -16"><span class='ocrx_word' id='word_1_199' title='bbox 124 2487 298 2569; x_wconf 89' lang='lat' dir='ltr'><strong>Ludolpho</strong></span> <span class='ocrx_word' id='word_1_200' title='bbox 330 2486 371 2551; x_wconf 88' lang='lat' dir='ltr'><strong>de</strong></span> <span class='ocrx_word' id='word_1_201' title='bbox 400 2483 600 2550; x_wconf 88' lang='lat' dir='ltr'><strong>Halremunt</strong></span> <span class='ocrx_word' id='word_1_202' title='bbox 609 2484 633 2566; x_wconf 86' lang='lat'><strong>1)</strong></span> <span class='ocrx_word' id='word_1_203' title='bbox 662 2483 879 2565; x_wconf 88' lang='lat' dir='ltr'><strong>vendidisset,</strong></span> <span class='ocrx_word' id='word_1_204' title='bbox 914 2483 1013 2550; x_wconf 85' lang='lat' dir='ltr'><strong>etiam</strong></span> <span class='ocrx_word' id='word_1_205' title='bbox 1048 2484 1089 2547; x_wconf 92' lang='lat' dir='ltr'><strong>ab</strong></span> <span class='ocrx_word' id='word_1_206' title='bbox 1118 2483 1191 2567; x_wconf 91' lang='lat' dir='ltr'><strong>ipso</strong></span> <span class='ocrx_word' id='word_1_207' title='bbox 1228 2483 1357 2548; x_wconf 88' lang='lat' dir='ltr'><strong>ratione</strong></span> <span class='ocrx_word' id='word_1_208' title='bbox 1391 2481 1530 2548; x_wconf 90' lang='lat' dir='ltr'><strong>hominii</strong></span> <span class='ocrx_word' id='word_1_209' title='bbox 1563 2483 1682 2549; x_wconf 89' lang='lat' dir='ltr'><strong>tenuit.</strong></span> <span class='ocrx_word' id='word_1_210' title='bbox 1730 2483 1852 2550; x_wconf 87' lang='lat' dir='ltr'><strong>Postea</strong></span> <span class='ocrx_word' id='word_1_211' title='bbox 1879 2504 1959 2549; x_wconf 87' lang='lat' dir='ltr'><strong>vero</strong></span> <span class='ocrx_word' id='word_1_212' title='bbox 1989 2485 2085 2568; x_wconf 90' lang='lat' dir='ltr'><strong>pater</strong></span> <span class='ocrx_word' id='word_1_213' title='bbox 2112 2487 2144 2550; x_wconf 89' lang='lat' dir='ltr'><strong>et</strong></span> 
     </span>
     <span class='ocr_line' id='line_1_19' title="bbox 121 2589 2144 2678; baseline -0 -21"><span class='ocrx_word' id='word_1_214' title='bbox 121 2595 259 2678; x_wconf 85' lang='lat' dir='ltr'><strong>patruus</strong></span> <span class='ocrx_word' id='word_1_215' title='bbox 282 2594 396 2656; x_wconf 89' lang='lat' dir='ltr'><strong>noster</strong></span> <span class='ocrx_word' id='word_1_216' title='bbox 419 2611 439 2658; x_wconf 92' lang='lat' dir='ltr'><strong>a</strong></span> <span class='ocrx_word' id='word_1_217' title='bbox 462 2591 582 2658; x_wconf 86' lang='lat' dir='ltr'><strong>comite</strong></span> <span class='ocrx_word' id='word_1_218' title='bbox 606 2591 783 2672; x_wconf 91' lang='lat' dir='ltr'><strong>Ludolpbo</strong></span> <span class='ocrx_word' id='word_1_219' title='bbox 807 2591 956 2656; x_wconf 90' lang='lat' dir='ltr'><strong>emerant</strong></span> <span class='ocrx_word' id='word_1_220' title='bbox 984 2593 1017 2654; x_wconf 89' lang='lat' dir='ltr'><strong>et</strong></span> <span class='ocrx_word' id='word_1_221' title='bbox 1041 2591 1089 2654; x_wconf 88' lang='lat' dir='ltr'><strong>sic</strong></span> <span class='ocrx_word' id='word_1_222' title='bbox 1112 2589 1155 2654; x_wconf 93' lang='lat' dir='ltr'><strong>ad</strong></span> <span class='ocrx_word' id='word_1_223' title='bbox 1178 2610 1239 2656; x_wconf 89' lang='lat' dir='ltr'><strong>nos</strong></span> <span class='ocrx_word' id='word_1_224' title='bbox 1262 2589 1423 2673; x_wconf 89' lang='lat' dir='ltr'><strong>pervenit.</strong></span> <span class='ocrx_word' id='word_1_225' title='bbox 1471 2589 1567 2654; x_wconf 88' lang='lat' dir='ltr'><strong>Unde</strong></span> <span class='ocrx_word' id='word_1_226' title='bbox 1599 2589 1867 2671; x_wconf 81' lang='lat' dir='ltr'><strong>recognoscimus</strong></span> <span class='ocrx_word' id='word_1_227' title='bbox 1898 2611 1986 2672; x_wconf 87' lang='lat' dir='ltr'><strong>eum,</strong></span> <span class='ocrx_word' id='word_1_228' title='bbox 2021 2611 2144 2675; x_wconf 90' lang='lat' dir='ltr'><strong>pueros</strong></span> 
     </span>
     <span class='ocr_line' id='line_1_20' title="bbox 125 2694 2144 2781; baseline -0 -18"><span class='ocrx_word' id='word_1_229' title='bbox 125 2718 197 2764; x_wconf 91' lang='lat' dir='ltr'><strong>suos</strong></span> <span class='ocrx_word' id='word_1_230' title='bbox 222 2700 259 2762; x_wconf 91' lang='lat' dir='ltr'><strong>et</strong></span> <span class='ocrx_word' id='word_1_231' title='bbox 281 2716 420 2762; x_wconf 86' lang='lat' dir='ltr'><strong>uxorem</strong></span> <span class='ocrx_word' id='word_1_232' title='bbox 443 2696 584 2761; x_wconf 88' lang='lat' dir='ltr'><strong>eandem</strong></span> <span class='ocrx_word' id='word_1_233' title='bbox 607 2696 732 2762; x_wconf 89' lang='lat' dir='ltr'><strong>curiam</strong></span> <span class='ocrx_word' id='word_1_234' title='bbox 755 2715 823 2760; x_wconf 89' lang='lat' dir='ltr'><strong>nou</strong></span> <span class='ocrx_word' id='word_1_235' title='bbox 847 2695 920 2762; x_wconf 89' lang='lat' dir='ltr'><strong>loco</strong></span> <span class='ocrx_word' id='word_1_236' title='bbox 944 2694 1221 2777; x_wconf 77' lang='lat' dir='ltr'><strong>ministerialium,</strong></span> <span class='ocrx_word' id='word_1_237' title='bbox 1245 2697 1305 2760; x_wconf 90' lang='lat' dir='ltr'><strong>sed</strong></span> <span class='ocrx_word' id='word_1_238' title='bbox 1327 2695 1456 2765; x_wconf 89' lang='lat' dir='ltr'><strong>ratione</strong></span> <span class='ocrx_word' id='word_1_239' title='bbox 1479 2697 1517 2760; x_wconf 93' lang='lat' dir='ltr'><strong>ut</strong></span> <span class='ocrx_word' id='word_1_240' title='bbox 1540 2695 1681 2764; x_wconf 86' lang='lat' dir='ltr'><strong>diximus</strong></span> <span class='ocrx_word' id='word_1_241' title='bbox 1704 2697 1841 2762; x_wconf 90' lang='lat' dir='ltr'><strong>hominii</strong></span> <span class='ocrx_word' id='word_1_242' title='bbox 1858 2715 1878 2760; x_wconf 89' lang='lat' dir='ltr'><strong>a</strong></span> <span class='ocrx_word' id='word_1_243' title='bbox 1893 2699 2012 2781; x_wconf 88' lang='lat' dir='ltr'><strong>patruo</strong></span> <span class='ocrx_word' id='word_1_244' title='bbox 2028 2700 2144 2762; x_wconf 90' lang='lat' dir='ltr'><strong>nostro</strong></span> 
     </span>
     <span class='ocr_line' id='line_1_21' title="bbox 124 2801 2144 2889; baseline -0 -20"><span class='ocrx_word' id='word_1_245' title='bbox 124 2807 154 2869; x_wconf 86' lang='lat' dir='ltr'><strong>et</strong></span> <span class='ocrx_word' id='word_1_246' title='bbox 176 2804 274 2868; x_wconf 92' lang='lat' dir='ltr'><strong>nobis</strong></span> <span class='ocrx_word' id='word_1_247' title='bbox 305 2801 490 2885; x_wconf 88' lang='lat' dir='ltr'><strong>possidere.</strong></span> <span class='ocrx_word' id='word_1_248' title='bbox 538 2805 694 2868; x_wconf 88' lang='lat' dir='ltr'><strong>Preterea</strong></span> <span class='ocrx_word' id='word_1_249' title='bbox 722 2805 937 2883; x_wconf 85' lang='lat' dir='ltr'><strong>armaturam,</strong></span> <span class='ocrx_word' id='word_1_250' title='bbox 972 2822 1038 2885; x_wconf 91' lang='lat' dir='ltr'><strong>que</strong></span> <span class='ocrx_word' id='word_1_251' title='bbox 1061 2803 1161 2884; x_wconf 83' lang='lat' dir='ltr'><strong>vulgo</strong></span> <span class='ocrx_word' id='word_1_252' title='bbox 1185 2803 1339 2867; x_wconf 88' lang='lat' dir='ltr'><strong>herwede</strong></span> <span class='ocrx_word' id='word_1_253' title='bbox 1361 2802 1510 2884; x_wconf 84' lang='lat' dir='ltr'><strong>vocatur,</strong></span> <span class='ocrx_word' id='word_1_254' title='bbox 1546 2802 1623 2874; x_wconf 88' lang='lat' dir='ltr'><strong>dicti</strong></span> <span class='ocrx_word' id='word_1_255' title='bbox 1647 2803 1870 2869; x_wconf 85' lang='lat' dir='ltr'><strong>ministerialis</strong></span> <span class='ocrx_word' id='word_1_256' title='bbox 1894 2803 2044 2889; x_wconf 84' lang='lat' dir='ltr'><strong>nostri²)‚</strong></span> <span class='ocrx_word' id='word_1_257' title='bbox 2080 2823 2144 2888; x_wconf 90' lang='lat' dir='ltr'><strong>que</strong></span> 
     </span>
     <span class='ocr_line' id='line_1_22' title="bbox 125 2907 2146 2993; baseline -0.001 -17"><span class='ocrx_word' id='word_1_258' title='bbox 125 2909 311 2993; x_wconf 82' lang='lat' dir='ltr'><strong>specialiter</strong></span> <span class='ocrx_word' id='word_1_259' title='bbox 345 2910 387 2974; x_wconf 92' lang='lat' dir='ltr'><strong>ad</strong></span> <span class='ocrx_word' id='word_1_260' title='bbox 417 2929 478 2975; x_wconf 92' lang='lat' dir='ltr'><strong>nos</strong></span> <span class='ocrx_word' id='word_1_261' title='bbox 509 2908 692 2992; x_wconf 88' lang='lat' dir='ltr'><strong>spectabat,</strong></span> <span class='ocrx_word' id='word_1_262' title='bbox 727 2907 823 2973; x_wconf 86' lang='lat' dir='ltr'><strong>uxori</strong></span> <span class='ocrx_word' id='word_1_263' title='bbox 854 2911 887 2972; x_wconf 88' lang='lat' dir='ltr'><strong>et</strong></span> <span class='ocrx_word' id='word_1_264' title='bbox 910 2908 1023 2990; x_wconf 90' lang='lat' dir='ltr'><strong>pueris</strong></span> <span class='ocrx_word' id='word_1_265' title='bbox 1047 2907 1117 2972; x_wconf 84' lang='lat' dir='ltr'><strong>suis</strong></span> <span class='ocrx_word' id='word_1_266' title='bbox 1139 2928 1201 2992; x_wconf 90' lang='lat' dir='ltr'><strong>pro</strong></span> <span class='ocrx_word' id='word_1_267' title='bbox 1225 2907 1332 2991; x_wconf 90' lang='lat' dir='ltr'><strong>ipsius</strong></span> <span class='ocrx_word' id='word_1_268' title='bbox 1355 2907 1555 2974; x_wconf 88' lang='lat' dir='ltr'><strong>contulimus</strong></span> <span class='ocrx_word' id='word_1_269' title='bbox 1579 2908 1767 2975; x_wconf 90' lang='lat' dir='ltr'><strong>dilectione.</strong></span> <span class='ocrx_word' id='word_1_270' title='bbox 1814 2911 1858 2976; x_wconf 86' lang='lat' dir='ltr'><strong>Ut</strong></span> <span class='ocrx_word' id='word_1_271' title='bbox 1887 2912 1999 2976; x_wconf 87' lang='lat' dir='ltr'><strong>autem</strong></span> <span class='ocrx_word' id='word_1_272' title='bbox 2034 2910 2146 2974; x_wconf 91' lang='lat' dir='ltr'><strong>omnia</strong></span> 
     </span>
     <span class='ocr_line' id='line_1_23' title="bbox 123 3013 2144 3098; baseline 0 -16"><span class='ocrx_word' id='word_1_273' title='bbox 123 3018 180 3082; x_wconf 89' lang='lat' dir='ltr'><strong>bec</strong></span> <span class='ocrx_word' id='word_1_274' title='bbox 202 3016 302 3082; x_wconf 86' lang='lat' dir='ltr'><strong>firma</strong></span> <span class='ocrx_word' id='word_1_275' title='bbox 325 3018 483 3082; x_wconf 80' lang='lat' dir='ltr'><strong>maneant</strong></span> <span class='ocrx_word' id='word_1_276' title='bbox 507 3019 539 3080; x_wconf 89' lang='lat' dir='ltr'><strong>et</strong></span> <span class='ocrx_word' id='word_1_277' title='bbox 562 3015 769 3096; x_wconf 86' lang='lat' dir='ltr'><strong>inconvulsa,</strong></span> <span class='ocrx_word' id='word_1_278' title='bbox 793 3017 982 3098; x_wconf 88' lang='lat' dir='ltr'><strong>presentem</strong></span> <span class='ocrx_word' id='word_1_279' title='bbox 1006 3013 1161 3098; x_wconf 69' lang='lat' dir='ltr'><strong>paginam</strong></span> <span class='ocrx_word' id='word_1_280' title='bbox 1184 3013 1349 3081; x_wconf 80' lang='lat' dir='ltr'><strong>conscribi</strong></span> <span class='ocrx_word' id='word_1_281' title='bbox 1372 3015 1510 3080; x_wconf 87' lang='lat' dir='ltr'><strong>fecimus</strong></span> <span class='ocrx_word' id='word_1_282' title='bbox 1527 3015 1624 3097; x_wconf 76' lang='lat' dir='ltr'><strong>sigilli</strong></span> <span class='ocrx_word' id='word_1_283' title='bbox 1639 3015 1745 3080; x_wconf 85' lang='lat' dir='ltr'><strong>nostri</strong></span> <span class='ocrx_word' id='word_1_284' title='bbox 1760 3015 1943 3082; x_wconf 87' lang='lat' dir='ltr'><strong>munimine</strong></span> <span class='ocrx_word' id='word_1_285' title='bbox 1959 3019 1993 3081; x_wconf 87' lang='lat' dir='ltr'><strong>et</strong></span> <span class='ocrx_word' id='word_1_286' title='bbox 2006 3017 2144 3082; x_wconf 87' lang='lat' dir='ltr'><strong>testium</strong></span> 
     </span>
     <span class='ocr_line' id='line_1_24' title="bbox 126 3121 2145 3205; baseline -0 -18"><span class='ocrx_word' id='word_1_287' title='bbox 126 3122 392 3187; x_wconf 88' lang='lat' dir='ltr'><strong>denominatione</strong></span> <span class='ocrx_word' id='word_1_288' title='bbox 415 3123 617 3188; x_wconf 88' lang='lat' dir='ltr'><strong>roboratam.</strong></span> <span class='ocrx_word' id='word_1_289' title='bbox 665 3122 782 3186; x_wconf 89' lang='lat' dir='ltr'><strong>Testes</strong></span> <span class='ocrx_word' id='word_1_290' title='bbox 807 3123 902 3188; x_wconf 89' lang='lat' dir='ltr'><strong>sunt:</strong></span> <span class='ocrx_word' id='word_1_291' title='bbox 927 3122 1120 3188; x_wconf 89' lang='lat' dir='ltr'><strong>Swetberus</strong></span> <span class='ocrx_word' id='word_1_292' title='bbox 1144 3124 1177 3187; x_wconf 89' lang='lat' dir='ltr'><strong>et</strong></span> <span class='ocrx_word' id='word_1_293' title='bbox 1193 3121 1415 3188; x_wconf 85' lang='lat' dir='ltr'><strong>Godescalcus</strong></span> <span class='ocrx_word' id='word_1_294' title='bbox 1438 3121 1558 3188; x_wconf 87' lang='lat' dir='ltr'><strong>fratres</strong></span> <span class='ocrx_word' id='word_1_295' title='bbox 1575 3123 1617 3186; x_wconf 91' lang='lat' dir='ltr'><strong>de</strong></span> <span class='ocrx_word' id='word_1_296' title='bbox 1633 3122 1829 3205; x_wconf 88' lang='lat' dir='ltr'><strong>Holthorpe‚</strong></span> <span class='ocrx_word' id='word_1_297' title='bbox 1854 3121 1964 3205; x_wconf 74' lang='lat' dir='ltr'><strong>Ortgis</strong></span> <span class='ocrx_word' id='word_1_298' title='bbox 1981 3123 2022 3186; x_wconf 90' lang='lat' dir='ltr'><strong>de</strong></span> <span class='ocrx_word' id='word_1_299' title='bbox 2037 3121 2145 3204; x_wconf 88' lang='lat' dir='ltr'><strong>Buyn,</strong></span> 
     </span>
     <span class='ocr_line' id='line_1_25' title="bbox 127 3227 2145 3310; baseline -0.001 -16"><span class='ocrx_word' id='word_1_300' title='bbox 127 3229 279 3294; x_wconf 87' lang='lat' dir='ltr'><strong>Gerlacus</strong></span> <span class='ocrx_word' id='word_1_301' title='bbox 310 3229 353 3294; x_wconf 86' lang='lat' dir='ltr'><strong>de</strong></span> <span class='ocrx_word' id='word_1_302' title='bbox 382 3228 593 3308; x_wconf 80' lang='lat' dir='ltr'><strong>Adenberch,</strong></span> <span class='ocrx_word' id='word_1_303' title='bbox 628 3229 842 3294; x_wconf 87' lang='lat' dir='ltr'><strong>Hermaunus</strong></span> <span class='ocrx_word' id='word_1_304' title='bbox 870 3229 904 3292; x_wconf 89' lang='lat' dir='ltr'><strong>et</strong></span> <span class='ocrx_word' id='word_1_305' title='bbox 925 3227 1142 3308; x_wconf 83' lang='lat' dir='ltr'><strong>Burcbardus</strong></span> <span class='ocrx_word' id='word_1_306' title='bbox 1171 3229 1212 3292; x_wconf 90' lang='lat' dir='ltr'><strong>de</strong></span> <span class='ocrx_word' id='word_1_307' title='bbox 1239 3227 1362 3310; x_wconf 84' lang='lat' dir='ltr'><strong>Buren,</strong></span> <span class='ocrx_word' id='word_1_308' title='bbox 1398 3227 1612 3296; x_wconf 82' lang='lat' dir='ltr'><strong>Reimbertus</strong></span> <span class='ocrx_word' id='word_1_309' title='bbox 1641 3229 1682 3298; x_wconf 87' lang='lat' dir='ltr'><strong>de</strong></span> <span class='ocrx_word' id='word_1_310' title='bbox 1705 3228 1941 3309; x_wconf 87' lang='lat' dir='ltr'><strong>Monecbusen,</strong></span> <span class='ocrx_word' id='word_1_311' title='bbox 1975 3227 2145 3295; x_wconf 79' lang='lat' dir='ltr'><strong>lohannes</strong></span> 
     </span>
     <span class='ocr_line' id='line_1_26' title="bbox 125 3333 1415 3418; baseline -0.002 -16"><span class='ocrx_word' id='word_1_312' title='bbox 125 3336 256 3418; x_wconf 74' lang='lat' dir='ltr'><strong>Knigpe,</strong></span> <span class='ocrx_word' id='word_1_313' title='bbox 279 3335 459 3400; x_wconf 84' lang='lat' dir='ltr'><strong>Konradus</strong></span> <span class='ocrx_word' id='word_1_314' title='bbox 483 3335 524 3398; x_wconf 89' lang='lat' dir='ltr'><strong>de</strong></span> <span class='ocrx_word' id='word_1_315' title='bbox 548 3334 655 3400; x_wconf 92' lang='lat' dir='ltr'><strong>Holle.</strong></span> <span class='ocrx_word' id='word_1_316' title='bbox 702 3334 825 3400; x_wconf 86' lang='lat' dir='ltr'><strong>Actum</strong></span> <span class='ocrx_word' id='word_1_317' title='bbox 847 3353 937 3400; x_wconf 87' lang='lat' dir='ltr'><strong>anno</strong></span> <span class='ocrx_word' id='word_1_318' title='bbox 959 3335 1063 3418; x_wconf 77' lang='lat' dir='ltr'><strong>gratie</strong></span> <span class='ocrx_word' id='word_1_319' title='bbox 1085 3333 1415 3401; x_wconf 84' lang='lat' dir='ltr'><strong>M.⁰CC.⁰XXX⁰IIII.⁰</strong></span> 
     </span>
    </p>
   </div>
   <div class='ocr_carea' id='block_1_7' title="bbox 255 3437 2145 3614">
    <p class='ocr_par' dir='ltr' id='par_1_8' title="bbox 255 3437 2145 3614">
     <span class='ocr_line' id='line_1_27' title="bbox 336 3437 1075 3511; baseline -0.001 -19"><span class='ocrx_word' id='word_1_320' title='bbox 336 3440 358 3511; x_wconf 83' lang='lat'><strong>¹)</strong></span> <span class='ocrx_word' id='word_1_321' title='bbox 377 3441 386 3492; x_wconf 99' lang='lat' dir='ltr'><strong>l</strong></span> <span class='ocrx_word' id='word_1_322' title='bbox 404 3439 471 3494; x_wconf 76' lang='lat' dir='ltr'><strong>riter</strong></span> <span class='ocrx_word' id='word_1_323' title='bbox 490 3440 538 3494; x_wconf 84' lang='lat' dir='ltr'><strong>der</strong></span> <span class='ocrx_word' id='word_1_324' title='bbox 556 3439 642 3494; x_wconf 76' lang='lat' dir='ltr'><strong>Zoilo.</strong></span> <span class='ocrx_word' id='word_1_325' title='bbox 681 3439 703 3510; x_wconf 74' lang='lat'><strong>²)</strong></span> <span class='ocrx_word' id='word_1_326' title='bbox 722 3441 809 3494; x_wconf 81' lang='lat' dir='ltr'><strong>nostri</strong></span> <span class='ocrx_word' id='word_1_327' title='bbox 826 3437 1075 3509; x_wconf 77' lang='lat' dir='ltr'><strong>ribcrpescbriebcn.</strong></span> 
     </span>
     <span class='ocr_line' id='line_1_28' title="bbox 255 3525 2145 3614; baseline 0.002 -22"><span class='ocrx_word' id='word_1_328' title='bbox 255 3527 312 3593; x_wconf 86' lang='lat' dir='ltr'><strong>Or.</strong></span> <span class='ocrx_word' id='word_1_329' title='bbox 345 3531 389 3592; x_wconf 87' lang='lat' dir='ltr'><strong>im</strong></span> <span class='ocrx_word' id='word_1_330' title='bbox 417 3528 534 3592; x_wconf 63' lang='lat' dir='ltr'><strong>Arellio</strong></span> <span class='ocrx_word' id='word_1_331' title='bbox 562 3551 601 3592; x_wconf 83' lang='lat' dir='ltr'><strong>zu</strong></span> <span class='ocrx_word' id='word_1_332' title='bbox 627 3525 761 3591; x_wconf 70' lang='lat' dir='ltr'><strong>Loco-um</strong></span> <span class='ocrx_word' id='word_1_333' title='bbox 790 3530 849 3590; x_wconf 82' lang='lat' dir='ltr'><strong>mit</strong></span> <span class='ocrx_word' id='word_1_334' title='bbox 874 3525 1099 3612; x_wconf 57' lang='lat' dir='ltr'><strong>bectddiptem</strong></span> <span class='ocrx_word' id='word_1_335' title='bbox 1124 3527 1228 3613; x_wconf 73' lang='lat' dir='ltr'><strong>Sieyel</strong></span> <span class='ocrx_word' id='word_1_336' title='bbox 1256 3550 1298 3591; x_wconf 87' lang='grc' dir='ltr'><strong>ανι</strong></span> <span class='ocrx_word' id='word_1_337' title='bbox 1320 3531 1449 3594; x_wconf 75' lang='lat' dir='ltr'><strong>weissen</strong></span> <span class='ocrx_word' id='word_1_338' title='bbox 1471 3525 1730 3614; x_wconf 72' lang='lat' dir='ltr'><strong>Hanfaclmirea.</strong></span> <span class='ocrx_word' id='word_1_339' title='bbox 1777 3526 1872 3593; x_wconf 70' lang='grc' dir='ltr'><strong>θεᾶν.</strong></span> <span class='ocrx_word' id='word_1_340' title='bbox 1894 3529 1974 3593; x_wconf 78' lang='lat' dir='ltr'><strong>noct</strong></span> <span class='ocrx_word' id='word_1_341' title='bbox 1995 3529 2064 3594; x_wconf 78' lang='lat' dir='ltr'><strong>dem</strong></span> <span class='ocrx_word' id='word_1_342' title='bbox 2091 3527 2145 3596; x_wconf 85' lang='lat' dir='ltr'><strong>Or.</strong></span> 
     </span>
    </p>
   </div>
   <div class='ocr_carea' id='block_1_8' title="bbox 332 3630 2047 3719">
    <p class='ocr_par' dir='ltr' id='par_1_9' title="bbox 332 3630 2047 3719">
     <span class='ocr_line' id='line_1_29' title="bbox 332 3630 2047 3719; baseline 0.001 -21"><span class='ocrx_word' id='word_1_343' title='bbox 332 3659 360 3700; x_wconf 85' lang='lat' dir='ltr'><strong>c.</strong></span> <span class='ocrx_word' id='word_1_344' title='bbox 384 3633 581 3719; x_wconf 75' lang='lat' dir='ltr'><strong>Hodenhcrq,</strong></span> <span class='ocrx_word' id='word_1_345' title='bbox 607 3631 813 3719; x_wconf 68' lang='lat' dir='ltr'><strong>Calenberpcr</strong></span> <span class='ocrx_word' id='word_1_346' title='bbox 840 3631 871 3698; x_wconf 88' lang='lat' dir='ltr'><strong><em>U</em></strong></span> <span class='ocrx_word' id='word_1_347' title='bbox 873 3630 913 3696; x_wconf 89' lang='lat' dir='ltr'><strong>B.</strong></span> <span class='ocrx_word' id='word_1_348' title='bbox 937 3631 1034 3697; x_wconf 71' lang='lat' dir='ltr'><strong>Aba.</strong></span> <span class='ocrx_word' id='word_1_349' title='bbox 1061 3631 1122 3711; x_wconf 83' lang='lat' dir='ltr'><em>III,</em></span> <span class='ocrx_word' id='word_1_350' title='bbox 1149 3632 1184 3701; x_wconf 82' lang='lat' dir='ltr'><strong>S.</strong></span> <span class='ocrx_word' id='word_1_351' title='bbox 1207 3633 1251 3697; x_wconf 89' lang='grc'><strong>54</strong></span> <span class='ocrx_word' id='word_1_352' title='bbox 1275 3633 1338 3700; x_wconf 89' lang='grc' dir='ltr'><strong>Νν.</strong></span> <span class='ocrx_word' id='word_1_353' title='bbox 1361 3631 1415 3712; x_wconf 86' lang='grc'><strong>67,</strong></span> <span class='ocrx_word' id='word_1_354' title='bbox 1442 3632 1577 3712; x_wconf 62' lang='lat' dir='ltr'><strong>Secede,</strong></span> <span class='ocrx_word' id='word_1_355' title='bbox 1608 3631 1684 3699; x_wconf 84' lang='lat' dir='ltr'><strong>Vom</strong></span> <span class='ocrx_word' id='word_1_356' title='bbox 1705 3633 1787 3700; x_wconf 72' lang='lat' dir='ltr'><strong>Adel</strong></span> <span class='ocrx_word' id='word_1_357' title='bbox 1811 3635 1845 3702; x_wconf 84' lang='lat' dir='ltr'><strong>S.</strong></span> <span class='ocrx_word' id='word_1_358' title='bbox 1871 3632 1934 3698; x_wconf 85' lang='grc'><strong>104</strong></span> <span class='ocrx_word' id='word_1_359' title='bbox 1958 3632 2047 3700; x_wconf 85' lang='lat' dir='ltr'><strong>Note.</strong></span> 
     </span>
    </p>
   </div>
   <div class='ocr_carea' id='block_1_9' title="bbox 1090 3778 1178 3856">
    <p class='ocr_par' dir='ltr' id='par_1_10' title="bbox 1090 3778 1178 3856">
     <span class='ocr_line' id='line_1_30' title="bbox 1090 3778 1178 3856; baseline 0.011 -1"><span class='ocrx_word' id='word_1_360' title='bbox 1090 3778 1178 3856; x_wconf 83' lang='lat'><strong>281.</strong></span> 
     </span>
    </p>
   </div>
   <div class='ocr_carea' id='block_1_10' title="bbox 123 3901 2148 4102">
    <p class='ocr_par' dir='ltr' id='par_1_11' title="bbox 123 3901 2148 4102">
     <span class='ocr_line' id='line_1_31' title="bbox 123 3901 2148 4000; baseline 0.001 -25"><span class='ocrx_word' id='word_1_361' title='bbox 123 3902 321 3976; x_wconf 86' lang='lat' dir='ltr'><strong>Heinricus</strong></span> <span class='ocrx_word' id='word_1_362' title='bbox 349 3904 395 3976; x_wconf 91' lang='lat' dir='ltr'><strong>de</strong></span> <span class='ocrx_word' id='word_1_363' title='bbox 425 3902 681 4000; x_wconf 84' lang='lat' dir='ltr'><strong>Skalkeberge</strong></span> <span class='ocrx_word' id='word_1_364' title='bbox 709 3906 909 3978; x_wconf 87' lang='lat' dir='ltr'><strong>canonicus</strong></span> <span class='ocrx_word' id='word_1_365' title='bbox 936 3909 975 3976; x_wconf 86' lang='lat' dir='ltr'><strong>et</strong></span> <span class='ocrx_word' id='word_1_366' title='bbox 1001 3903 1217 3998; x_wconf 84' lang='lat' dir='ltr'><strong>capellanus</strong></span> <span class='ocrx_word' id='word_1_367' title='bbox 1251 3905 1310 3976; x_wconf 81' lang='lat' dir='ltr'><strong>des</strong></span> <span class='ocrx_word' id='word_1_368' title='bbox 1336 3901 1497 3993; x_wconf 79' lang='lat' dir='ltr'><strong>Bischofs</strong></span> <span class='ocrx_word' id='word_1_369' title='bbox 1528 3926 1593 3977; x_wconf 80' lang='lat' dir='ltr'><strong>oon</strong></span> <span class='ocrx_word' id='word_1_370' title='bbox 1620 3905 1835 3977; x_wconf 79' lang='lat' dir='ltr'><strong>Hildeslcim</strong></span> <span class='ocrx_word' id='word_1_371' title='bbox 1868 3906 1981 3996; x_wconf 76' lang='lat' dir='ltr'><strong>Zeupe</strong></span> <span class='ocrx_word' id='word_1_372' title='bbox 2013 3906 2052 3978; x_wconf 78' lang='lat' dir='ltr'><strong>in</strong></span> <span class='ocrx_word' id='word_1_373' title='bbox 2084 3906 2148 3977; x_wconf 85' lang='lat' dir='ltr'><strong>der</strong></span> 
     </span>
     <span class='ocr_line' id='line_1_32' title="bbox 174 4009 1798 4102; baseline -0.001 -18"><span class='ocrx_word' id='word_1_374' title='bbox 174 4058 176 4060; x_wconf 96' lang='lat'>-</span> <span class='ocrx_word' id='word_1_375' title='bbox 474 4011 637 4084; x_wconf 77' lang='lat' dir='ltr'><strong>Urlctmde</strong></span> <span class='ocrx_word' id='word_1_376' title='bbox 663 4012 725 4084; x_wconf 81' lang='lat' dir='ltr'><strong>dee</strong></span> <span class='ocrx_word' id='word_1_377' title='bbox 750 4011 913 4101; x_wconf 80' lang='lat' dir='ltr'><strong>Bisclcofs</strong></span> <span class='ocrx_word' id='word_1_378' title='bbox 942 4011 1092 4084; x_wconf 75' lang='lat' dir='ltr'><strong>Komod</strong></span> <span class='ocrx_word' id='word_1_379' title='bbox 1118 4011 1151 4085; x_wconf 83' lang='lat' dir='ltr'><strong>cl.</strong></span> <span class='ocrx_word' id='word_1_380' title='bbox 1179 4011 1212 4081; x_wconf 83' lang='lat' dir='ltr'><strong>d.</strong></span> <span class='ocrx_word' id='word_1_381' title='bbox 1275 4011 1505 4102; x_wconf 78' lang='lat' dir='ltr'><strong>Winrenburp</strong></span> <span class='ocrx_word' id='word_1_382' title='bbox 1532 4009 1636 4085; x_wconf 87' lang='grc'><strong>1235</strong></span> <span class='ocrx_word' id='word_1_383' title='bbox 1661 4012 1738 4083; x_wconf 76' lang='lat' dir='ltr'><strong>Juu·</strong></span> <span class='ocrx_word' id='word_1_384' title='bbox 1764 4014 1798 4083; x_wconf 89' lang='lat'><strong>3.</strong></span> 
     </span>
    </p>
   </div>
   <div class='ocr_carea' id='block_1_11' title="bbox 252 4124 1676 4349">
    <p class='ocr_par' dir='ltr' id='par_1_12' title="bbox 252 4124 1676 4349">
     <span class='ocr_line' id='line_1_33' title="bbox 252 4124 1676 4210; baseline 0 -16"><span class='ocrx_word' id='word_1_385' title='bbox 252 4127 351 4194; x_wconf 69' lang='grc' dir='ltr'><strong>θεάν.</strong></span> <span class='ocrx_word' id='word_1_386' title='bbox 374 4128 456 4194; x_wconf 74' lang='lat' dir='ltr'><strong>noct</strong></span> <span class='ocrx_word' id='word_1_387' title='bbox 479 4128 547 4194; x_wconf 78' lang='lat' dir='ltr'><strong>dem</strong></span> <span class='ocrx_word' id='word_1_388' title='bbox 574 4127 627 4193; x_wconf 86' lang='lat' dir='ltr'><strong>Or.</strong></span> <span class='ocrx_word' id='word_1_389' title='bbox 652 4127 807 4210; x_wconf 65' lang='lat' dir='ltr'><strong>Dama,</strong></span> <span class='ocrx_word' id='word_1_390' title='bbox 837 4127 906 4195; x_wconf 74' lang='grc' dir='ltr'><strong>ΠΒ.</strong></span> <span class='ocrx_word' id='word_1_391' title='bbox 931 4128 987 4192; x_wconf 81' lang='lat' dir='ltr'><strong>dor</strong></span> <span class='ocrx_word' id='word_1_392' title='bbox 1011 4125 1104 4192; x_wconf 73' lang='lat' dir='ltr'><strong>stadt</strong></span> <span class='ocrx_word' id='word_1_393' title='bbox 1127 4125 1318 4194; x_wconf 77' lang='lat' dir='ltr'><strong>Hildealwim</strong></span> <span class='ocrx_word' id='word_1_394' title='bbox 1340 4124 1367 4206; x_wconf 88' lang='grc' dir='ltr'><strong>Ι,</strong></span> <span class='ocrx_word' id='word_1_395' title='bbox 1391 4125 1425 4194; x_wconf 83' lang='lat' dir='ltr'><strong>S.</strong></span> <span class='ocrx_word' id='word_1_396' title='bbox 1452 4126 1494 4193; x_wconf 88' lang='lat'><strong>70</strong></span> <span class='ocrx_word' id='word_1_397' title='bbox 1516 4125 1576 4196; x_wconf 89' lang='lat' dir='ltr'><strong>Nr.</strong></span> <span class='ocrx_word' id='word_1_398' title='bbox 1602 4127 1676 4194; x_wconf 80' lang='lat'><strong>136.</strong></span> 
     </span>
     <span class='ocr_line' id='line_1_34' title="bbox 1091 4272 1181 4349; baseline 0.011 -1"><span class='ocrx_word' id='word_1_399' title='bbox 1091 4272 1181 4349; x_wconf 77' lang='lat'><strong>282.</strong></span> 
     </span>
    </p>
   </div>
   <div class='ocr_carea' id='block_1_12' title="bbox 122 4391 2277 4917">
    <p class='ocr_par' dir='ltr' id='par_1_13' title="bbox 122 4391 2277 4707">
     <span class='ocr_line' id='line_1_35' title="bbox 122 4391 2277 4493; baseline 0.002 -26"><span class='ocrx_word' id='word_1_400' title='bbox 122 4391 308 4468; x_wconf 85' lang='lat' dir='ltr'><strong>Hemicus</strong></span> <span class='ocrx_word' id='word_1_401' title='bbox 335 4397 382 4468; x_wconf 89' lang='lat' dir='ltr'><strong>de</strong></span> <span class='ocrx_word' id='word_1_402' title='bbox 410 4394 686 4493; x_wconf 82' lang='lat' dir='ltr'><strong>Schalkesberg</strong></span> <span class='ocrx_word' id='word_1_403' title='bbox 713 4453 720 4469; x_wconf 94' lang='lat'><strong>.</strong></span> <span class='ocrx_word' id='word_1_404' title='bbox 749 4453 756 4469; x_wconf 93' lang='lat'><strong>.</strong></span> <span class='ocrx_word' id='word_1_405' title='bbox 783 4454 793 4474; x_wconf 98' lang='lat'><strong>.</strong></span> <span class='ocrx_word' id='word_1_406' title='bbox 828 4395 999 4470; x_wconf 86' lang='lat' dir='ltr'><strong>canonici</strong></span> <span class='ocrx_word' id='word_1_407' title='bbox 1032 4397 1176 4470; x_wconf 81' lang='lat' dir='ltr'><strong>Montis</strong></span> <span class='ocrx_word' id='word_1_408' title='bbox 1209 4397 1440 4489; x_wconf 75' lang='lat' dir='ltr'><strong>(Morirbcrp)</strong></span> <span class='ocrx_word' id='word_1_409' title='bbox 1473 4405 1575 4471; x_wconf 79' lang='lat' dir='ltr'><strong>unior</strong></span> <span class='ocrx_word' id='word_1_410' title='bbox 1607 4399 1674 4471; x_wconf 74' lang='lat' dir='ltr'><strong>den</strong></span> <span class='ocrx_word' id='word_1_411' title='bbox 1705 4400 1842 4489; x_wconf 78' lang='lat' dir='ltr'><strong>Zeupen</strong></span> <span class='ocrx_word' id='word_1_412' title='bbox 1875 4399 1938 4472; x_wconf 80' lang='lat' dir='ltr'><strong>der</strong></span> <span class='ocrx_word' id='word_1_413' title='bbox 1982 4399 2146 4472; x_wconf 81' lang='lat' dir='ltr'><strong>Urlrundc</strong></span> <span class='ocrx_word' id='word_1_414' title='bbox 2271 4453 2277 4460; x_wconf 83' lang='lat'>-</span> 
     </span>
     <span class='ocr_line' id='line_1_36' title="bbox 271 4495 1999 4594; baseline 0.001 -19"><span class='ocrx_word' id='word_1_415' title='bbox 271 4503 333 4575; x_wconf 80' lang='lat' dir='ltr'><strong>dcc</strong></span> <span class='ocrx_word' id='word_1_416' title='bbox 359 4500 520 4594; x_wconf 76' lang='lat' dir='ltr'><strong>Bisclcofs</strong></span> <span class='ocrx_word' id='word_1_417' title='bbox 547 4503 697 4576; x_wconf 81' lang='lat' dir='ltr'><strong>Konrod</strong></span> <span class='ocrx_word' id='word_1_418' title='bbox 722 4525 787 4576; x_wconf 81' lang='lat' dir='ltr'><strong>oon</strong></span> <span class='ocrx_word' id='word_1_419' title='bbox 815 4503 1033 4577; x_wconf 76' lang='lat' dir='ltr'><strong>ffildeslceim</strong></span> <span class='ocrx_word' id='word_1_420' title='bbox 1057 4505 1121 4594; x_wconf 72' lang='lat' dir='ltr'><strong>fiir</strong></span> <span class='ocrx_word' id='word_1_421' title='bbox 1146 4495 1202 4581; x_wconf 77' lang='lat' dir='ltr'><strong>ln</strong></span> <span class='ocrx_word' id='word_1_422' title='bbox 1238 4505 1478 4578; x_wconf 74' lang='lat' dir='ltr'><strong>Wrcnlccosm.</strong></span> <span class='ocrx_word' id='word_1_423' title='bbox 1540 4505 1683 4577; x_wconf 72' lang='lat' dir='ltr'><strong>Versata</strong></span> <span class='ocrx_word' id='word_1_424' title='bbox 1709 4503 1812 4578; x_wconf 89' lang='grc'><strong>1235</strong></span> <span class='ocrx_word' id='word_1_425' title='bbox 1836 4505 1913 4577; x_wconf 77' lang='lat' dir='ltr'><strong>Jaii</strong></span> <span class='ocrx_word' id='word_1_426' title='bbox 1938 4507 1999 4578; x_wconf 85' lang='lat'><strong>20.</strong></span> 
     </span>
     <span class='ocr_line' id='line_1_37' title="bbox 254 4619 2148 4707; baseline 0.002 -24"><span class='ocrx_word' id='word_1_427' title='bbox 254 4619 423 4704; x_wconf 70' lang='lat' dir='ltr'><strong>Abcctnft</strong></span> <span class='ocrx_word' id='word_1_428' title='bbox 444 4620 498 4685; x_wconf 81' lang='lat' dir='ltr'><strong>dec</strong></span> <span class='ocrx_word' id='word_1_429' title='bbox 522 4619 574 4686; x_wconf 83' lang='lat'><strong>13.</strong></span> <span class='ocrx_word' id='word_1_430' title='bbox 597 4620 651 4685; x_wconf 76' lang='lat' dir='ltr'><strong>Jl.</strong></span> <span class='ocrx_word' id='word_1_431' title='bbox 673 4624 709 4685; x_wconf 79' lang='lat' dir='ltr'><strong>in</strong></span> <span class='ocrx_word' id='word_1_432' title='bbox 731 4621 809 4688; x_wconf 78' lang='lat' dir='ltr'><strong>Meo.</strong></span> <span class='ocrx_word' id='word_1_433' title='bbox 834 4619 895 4701; x_wconf 87' lang='lat' dir='ltr'><strong>IX,</strong></span> <span class='ocrx_word' id='word_1_434' title='bbox 918 4619 986 4684; x_wconf 80' lang='lat'><strong>265</strong></span> <span class='ocrx_word' id='word_1_435' title='bbox 1011 4619 1044 4688; x_wconf 83' lang='lat' dir='ltr'><strong>S.</strong></span> <span class='ocrx_word' id='word_1_436' title='bbox 1067 4620 1112 4684; x_wconf 88' lang='grc'><strong>54</strong></span> <span class='ocrx_word' id='word_1_437' title='bbox 1134 4623 1179 4685; x_wconf 86' lang='lat' dir='ltr'><strong>im</strong></span> <span class='ocrx_word' id='word_1_438' title='bbox 1201 4619 1274 4707; x_wconf 78' lang='lat' dir='ltr'><strong>Kpt.</strong></span> <span class='ocrx_word' id='word_1_439' title='bbox 1297 4619 1403 4686; x_wconf 65' lang='lat' dir='ltr'><strong>San</strong></span> <span class='ocrx_word' id='word_1_440' title='bbox 1428 4642 1467 4686; x_wconf 78' lang='lat' dir='ltr'><strong>zu</strong></span> <span class='ocrx_word' id='word_1_441' title='bbox 1489 4619 1664 4687; x_wconf 79' lang='lat' dir='ltr'><strong>Hannooer.</strong></span> <span class='ocrx_word' id='word_1_442' title='bbox 1710 4619 1760 4685; x_wconf 74' lang='grc' dir='ltr'><strong>ΙΙν</strong></span> <span class='ocrx_word' id='word_1_443' title='bbox 1781 4621 1934 4687; x_wconf 74' lang='lat' dir='ltr'><strong>eracteint</strong></span> <span class='ocrx_word' id='word_1_444' title='bbox 1955 4621 2035 4687; x_wconf 76' lang='lat' dir='ltr'><strong>auct</strong></span> <span class='ocrx_word' id='word_1_445' title='bbox 2057 4634 2148 4688; x_wconf 70' lang='lat' dir='ltr'><strong>unoer</strong></span> 
     </span>
    </p>

    <p class='ocr_par' dir='ltr' id='par_1_14' title="bbox 334 4723 2147 4917">
     <span class='ocr_line' id='line_1_38' title="bbox 335 4723 2147 4814; baseline 0.001 -22"><span class='ocrx_word' id='word_1_446' title='bbox 335 4726 394 4792; x_wconf 82' lang='lat' dir='ltr'><strong>den</strong></span> <span class='ocrx_word' id='word_1_447' title='bbox 419 4724 545 4812; x_wconf 76' lang='lat' dir='ltr'><strong>Zeupen</strong></span> <span class='ocrx_word' id='word_1_448' title='bbox 566 4727 623 4792; x_wconf 80' lang='lat' dir='ltr'><strong>der</strong></span> <span class='ocrx_word' id='word_1_449' title='bbox 642 4723 722 4790; x_wconf 80' lang='lat' dir='ltr'><strong>Urlo.</strong></span> <span class='ocrx_word' id='word_1_450' title='bbox 747 4727 801 4792; x_wconf 79' lang='lat' dir='ltr'><strong>des</strong></span> <span class='ocrx_word' id='word_1_451' title='bbox 824 4727 968 4808; x_wconf 67' lang='lat' dir='ltr'><strong>Btectcfh</strong></span> <span class='ocrx_word' id='word_1_452' title='bbox 990 4726 1124 4792; x_wconf 81' lang='lat' dir='ltr'><strong>Konrod</strong></span> <span class='ocrx_word' id='word_1_453' title='bbox 1142 4747 1201 4791; x_wconf 81' lang='lat' dir='ltr'><strong>corr</strong></span> <span class='ocrx_word' id='word_1_454' title='bbox 1223 4727 1394 4793; x_wconf 69' lang='lat' dir='ltr'><strong>demielben</strong></span> <span class='ocrx_word' id='word_1_455' title='bbox 1408 4726 1509 4792; x_wconf 59' lang='lat' dir='ltr'><strong>,latre</strong></span> <span class='ocrx_word' id='word_1_456' title='bbox 1533 4728 1608 4792; x_wconf 74' lang='lat' dir='ltr'><strong>oliae</strong></span> <span class='ocrx_word' id='word_1_457' title='bbox 1628 4725 1852 4813; x_wconf 78' lang='lat' dir='ltr'><strong>Topeeonpabe</strong></span> <span class='ocrx_word' id='word_1_458' title='bbox 1866 4729 1932 4814; x_wconf 70' lang='lat' dir='ltr'><strong>fair</strong></span> <span class='ocrx_word' id='word_1_459' title='bbox 1953 4729 2013 4793; x_wconf 77' lang='lat' dir='ltr'><strong>dae</strong></span> <span class='ocrx_word' id='word_1_460' title='bbox 2027 4727 2147 4794; x_wconf 83' lang='lat' dir='ltr'><strong>Kreuz-</strong></span> 
     </span>
     <span class='ocr_line' id='line_1_39' title="bbox 334 4829 1856 4917; baseline 0.001 -22"><span class='ocrx_word' id='word_1_461' title='bbox 334 4833 406 4913; x_wconf 80' lang='lat' dir='ltr'><strong>ctift</strong></span> <span class='ocrx_word' id='word_1_462' title='bbox 427 4835 461 4897; x_wconf 81' lang='lat' dir='ltr'><strong>in</strong></span> <span class='ocrx_word' id='word_1_463' title='bbox 483 4829 686 4911; x_wconf 78' lang='lat' dir='ltr'><strong>Hildeelreim,</strong></span> <span class='ocrx_word' id='word_1_464' title='bbox 711 4831 765 4897; x_wconf 85' lang='lat' dir='ltr'><strong>Or.</strong></span> <span class='ocrx_word' id='word_1_465' title='bbox 791 4857 822 4898; x_wconf 85' lang='lat' dir='ltr'><strong>a.</strong></span> <span class='ocrx_word' id='word_1_466' title='bbox 846 4857 875 4900; x_wconf 86' lang='lat' dir='ltr'><strong>a.</strong></span> <span class='ocrx_word' id='word_1_467' title='bbox 901 4831 938 4898; x_wconf 90' lang='lat'><strong>0.</strong></span> <span class='ocrx_word' id='word_1_468' title='bbox 962 4833 1137 4917; x_wconf 62' lang='lat' dir='ltr'><strong>Kreuzetcft</strong></span> <span class='ocrx_word' id='word_1_469' title='bbox 1155 4830 1219 4900; x_wconf 87' lang='lat' dir='ltr'><strong>Nr.</strong></span> <span class='ocrx_word' id='word_1_470' title='bbox 1241 4830 1296 4898; x_wconf 80' lang='lat'><strong>36.</strong></span> <span class='ocrx_word' id='word_1_471' title='bbox 1348 4830 1477 4897; x_wconf 83' lang='lat' dir='ltr'><strong>Vorsalz</strong></span> <span class='ocrx_word' id='word_1_472' title='bbox 1500 4831 1560 4899; x_wconf 86' lang='lat' dir='ltr'><strong>Kr.</strong></span> <span class='ocrx_word' id='word_1_473' title='bbox 1588 4831 1713 4899; x_wconf 80' lang='lat' dir='ltr'><strong>Gestar.</strong></span> <span class='ocrx_word' id='word_1_474' title='bbox 1855 4869 1856 4872; x_wconf 17' lang='grc' dir='ltr'><strong>κ</strong></span> 
     </span>
    </p>
   </div>
   <div class='ocr_carea' id='block_1_13' title="bbox 122 4977 2147 5302">
    <p class='ocr_par' dir='ltr' id='par_1_15' title="bbox 122 4977 2147 5302">
     <span class='ocr_line' id='line_1_40' title="bbox 122 4977 2147 5196; baseline 0.001 -23"><span class='ocrx_word' id='word_1_475' title='bbox 122 5098 230 5192; x_wconf 78' lang='lat' dir='ltr'><strong>Pcpoi</strong></span> <span class='ocrx_word' id='word_1_476' title='bbox 258 5101 395 5192; x_wconf 74' lang='lat' dir='ltr'><strong>Grcpor</strong></span> <span class='ocrx_word' id='word_1_477' title='bbox 422 5104 493 5174; x_wconf 86' lang='lat' dir='ltr'><strong>IX.</strong></span> <span class='ocrx_word' id='word_1_478' title='bbox 528 5103 719 5196; x_wconf 77' lang='lat' dir='ltr'><strong>rerepriclrt</strong></span> <span class='ocrx_word' id='word_1_479' title='bbox 751 5104 848 5193; x_wconf 75' lang='lat' dir='ltr'><strong>oller,</strong></span> <span class='ocrx_word' id='word_1_480' title='bbox 883 5104 941 5176; x_wconf 80' lang='lat' dir='ltr'><strong>die</strong></span> <span class='ocrx_word' id='word_1_481' title='bbox 970 5125 1048 5176; x_wconf 74' lang='lat' dir='ltr'><strong>eum</strong></span> <span class='ocrx_word' id='word_1_482' title='bbox 1075 4977 1222 5176; x_wconf 45' lang='lat' dir='ltr'><strong>fficio</strong></span> <span class='ocrx_word' id='word_1_483' title='bbox 1235 5127 1237 5132; x_wconf 90' lang='lat'>·</span> <span class='ocrx_word' id='word_1_484' title='bbox 1250 5105 1313 5177; x_wconf 75' lang='lat' dir='ltr'><strong>aer</strong></span> <span class='ocrx_word' id='word_1_485' title='bbox 1339 5103 1482 5175; x_wconf 73' lang='lat' dir='ltr'><strong>Horuer</strong></span> <span class='ocrx_word' id='word_1_486' title='bbox 1506 5103 1580 5174; x_wconf 77' lang='lat' dir='ltr'><strong>und</strong></span> <span class='ocrx_word' id='word_1_487' title='bbox 1607 5103 1671 5176; x_wconf 80' lang='lat' dir='ltr'><strong>der</strong></span> <span class='ocrx_word' id='word_1_488' title='bbox 1696 5101 1823 5175; x_wconf 77' lang='lat' dir='ltr'><strong>Kirclie</strong></span> <span class='ocrx_word' id='word_1_489' title='bbox 1849 5104 1888 5174; x_wconf 76' lang='lat' dir='ltr'><strong>in</strong></span> <span class='ocrx_word' id='word_1_490' title='bbox 1915 5101 2051 5176; x_wconf 72' lang='lat' dir='ltr'><strong>Levera</strong></span> <span class='ocrx_word' id='word_1_491' title='bbox 2077 5103 2147 5176; x_wconf 75' lang='lat' dir='ltr'><strong>oet-</strong></span> 
     </span>
     <span class='ocr_line' id='line_1_41' title="bbox 448 5207 2046 5302; baseline 0 -21"><span class='ocrx_word' id='word_1_492' title='bbox 448 5217 591 5299; x_wconf 77' lang='lat' dir='ltr'><strong>steuem,</strong></span> <span class='ocrx_word' id='word_1_493' title='bbox 621 5211 719 5282; x_wconf 65' lang='lat' dir='ltr'><strong>doen</strong></span> <span class='ocrx_word' id='word_1_494' title='bbox 745 5209 868 5281; x_wconf 79' lang='lat' dir='ltr'><strong>Abloas</strong></span> <span class='ocrx_word' id='word_1_495' title='bbox 892 5231 957 5281; x_wconf 78' lang='lat' dir='ltr'><strong>voa</strong></span> <span class='ocrx_word' id='word_1_496' title='bbox 983 5211 1138 5300; x_wconf 69' lang='lat' dir='ltr'><strong>mancip</strong></span> <span class='ocrx_word' id='word_1_497' title='bbox 1166 5209 1290 5302; x_wconf 69' lang='lat' dir='ltr'><strong>Tapori.</strong></span> <span class='ocrx_word' id='word_1_498' title='bbox 1346 5207 1501 5300; x_wconf 67' lang='lat' dir='ltr'><strong>Pelopia</strong></span> <span class='ocrx_word' id='word_1_499' title='bbox 1528 5207 1629 5281; x_wconf 83' lang='lat'><em>1235</em></span> <span class='ocrx_word' id='word_1_500' title='bbox 1654 5210 1731 5282; x_wconf 75' lang='lat' dir='ltr'><strong>Jult</strong></span> <span class='ocrx_word' id='word_1_501' title='bbox 1757 5212 1818 5281; x_wconf 91' lang='grc'><strong>23.</strong></span> <span class='ocrx_word' id='word_1_502' title='bbox 2042 5224 2046 5232; x_wconf 89' lang='grc'>·</span> 
     </span>
    </p>
   </div>
   <div class='ocr_carea' id='block_1_14' title="bbox 257 5319 2151 5518">
    <p class='ocr_par' dir='ltr' id='par_1_16' title="bbox 257 5319 2151 5518">
     <span class='ocr_line' id='line_1_42' title="bbox 257 5319 2151 5411; baseline 0.001 -23"><span class='ocrx_word' id='word_1_503' title='bbox 257 5323 314 5389; x_wconf 65' lang='grc' dir='ltr'><strong>α’.</strong></span> <span class='ocrx_word' id='word_1_504' title='bbox 336 5328 381 5388; x_wconf 80' lang='lat' dir='ltr'><strong>im</strong></span> <span class='ocrx_word' id='word_1_505' title='bbox 403 5324 478 5411; x_wconf 78' lang='lat' dir='ltr'><strong>Kpl.</strong></span> <span class='ocrx_word' id='word_1_506' title='bbox 500 5324 609 5393; x_wconf 49' lang='grc' dir='ltr'><strong>’δὴ-Α.</strong></span> <span class='ocrx_word' id='word_1_507' title='bbox 640 5349 680 5391; x_wconf 77' lang='lat' dir='ltr'><strong>zu</strong></span> <span class='ocrx_word' id='word_1_508' title='bbox 701 5327 852 5405; x_wconf 68' lang='lat' dir='ltr'><strong>Mamer,</strong></span> <span class='ocrx_word' id='word_1_509' title='bbox 888 5325 1011 5392; x_wconf 80' lang='lat' dir='ltr'><strong>Lecern</strong></span> <span class='ocrx_word' id='word_1_510' title='bbox 1032 5323 1095 5392; x_wconf 82' lang='lat' dir='ltr'><strong>Nr.</strong></span> <span class='ocrx_word' id='word_1_511' title='bbox 1117 5325 1172 5392; x_wconf 72' lang='lat'><strong>35.</strong></span> <span class='ocrx_word' id='word_1_512' title='bbox 1221 5323 1329 5392; x_wconf 64' lang='lat' dir='ltr'><strong>(taor.</strong></span> <span class='ocrx_word' id='word_1_513' title='bbox 1352 5323 1463 5405; x_wconf 69' lang='lat' dir='ltr'><strong>Fere,</strong></span> <span class='ocrx_word' id='word_1_514' title='bbox 1499 5323 1572 5392; x_wconf 89' lang='lat' dir='ltr'><strong>PU.</strong></span> <span class='ocrx_word' id='word_1_515' title='bbox 1609 5319 1713 5410; x_wconf 74' lang='lat' dir='ltr'><strong>Weotf.</strong></span> <span class='ocrx_word' id='word_1_516' title='bbox 1747 5323 1781 5392; x_wconf 74' lang='lat' dir='ltr'><strong>S.</strong></span> <span class='ocrx_word' id='word_1_517' title='bbox 1807 5323 1872 5391; x_wconf 64' lang='lat'><strong>133</strong></span> <span class='ocrx_word' id='word_1_518' title='bbox 1906 5323 1967 5388; x_wconf 73' lang='lat' dir='ltr'><strong>Nr.</strong></span> <span class='ocrx_word' id='word_1_519' title='bbox 1991 5321 2058 5388; x_wconf 71' lang='lat'><strong>412</strong></span> <span class='ocrx_word' id='word_1_520' title='bbox 2089 5327 2151 5389; x_wconf 81' lang='lat' dir='ltr'><strong>mit</strong></span> 
     </span>
     <span class='ocr_line' id='line_1_43' title="bbox 334 5430 691 5518; baseline 0.014 -24"><span class='ocrx_word' id='word_1_521' title='bbox 334 5431 539 5518; x_wconf 68' lang='lat' dir='ltr'><strong>unrirltlipem</strong></span> <span class='ocrx_word' id='word_1_522' title='bbox 560 5430 691 5498; x_wconf 78' lang='lat' dir='ltr'><strong>Datum.</strong></span> 
     </span>
    </p>
   </div>
   <div class='ocr_carea' id='block_1_15' title="bbox 0 0 2592 6788">
    <p class='ocr_par' dir='ltr' id='par_1_17' title="bbox 0 0 2592 6788">
     <span class='ocr_line' id='line_1_44' title="bbox 0 0 2592 6788; baseline 0 0"><span class='ocrx_word' id='word_1_523' title='bbox 0 0 2592 6788; x_wconf 95' lang='lat' dir='ltr'><strong> </strong></span> 
     </span>
    </p>
   </div>
  </div>
 </body>
</html>
