5062 6776
1052 449 1120 506 tato
2045 441 2111 506 295

86 648 230 728 tenebat,
255 646 367 712 multis
392 645 581 710 astantibus
605 644 709 711 libere
732 645 982 728 renunciavitl).
1029 645 1112 712 Post
1134 647 1196 712 hec
1218 646 1311 713 Jutta
1334 667 1418 713 uxor
1440 667 1502 712 sua
1524 648 1675 731 predicta
1699 668 1811 714 coram
1834 651 2022 719 honorabili
2038 652 2110 717 viro

85 753 292 840 Thtiderico)
320 753 493 837 preposito
521 755 636 817 nostro
666 751 770 818 eciam
801 752 866 816 iuri
894 772 965 833 suo,
994 753 1129 835 siquid
1158 753 1192 818 in
1217 757 1310 819 curte
1334 754 1409 838 ipsa
1431 754 1605 833 habuerat,
1637 759 1758 838 sponte
1781 757 1892 837 cessit,
1921 757 1980 841 qui
2003 759 2108 824 dona·

84 862 213 926 cionem
237 862 314 924 ante
337 858 457 924 tactam
481 860 588 923 ratam
611 859 739 924 habens
763 861 795 922 et
818 861 956 940 gratam,
980 860 1068 924 sicut
1091 859 1344 941 predecessores
1367 861 1420 925 sui
1444 859 1601 941 fecerant,
1625 861 1776 928 similiter
1792 863 2000 946 approbavit.
2039 865 2109 930 Nos

86 968 197 1048 itaque
221 965 314 1050 pium
337 963 456 1048 prefati
480 964 636 1046 N(icolai)
659 964 774 1030 vicarii
797 965 901 1029 nostri
925 965 1135 1048 propositum
1158 966 1381 1045 attendentes,
1409 986 1450 1032 eo
1473 967 1562 1050 quod
1587 966 1756 1033 Christum
1778 967 1842 1034 sibi
1865 969 1974 1034 tacere
1997 970 2109 1036 decre-

85 1074 129 1138 rit
151 1071 319 1151 heredem,
348 1071 559 1136 medietatem
584 1071 754 1153 sepedicta
778 1071 891 1152 curtis,
920 1089 986 1152 que
1009 1071 1053 1136 ad
1076 1071 1258 1153 capitulum
1283 1075 1436 1137 nostrum
1459 1073 1660 1156 pertinebat,
1689 1073 1774 1138 sicut
1797 1075 1951 1158 superius
1979 1078 2030 1141 est
2052 1096 2109 1142 ex-

84 1198 247 1264 pressum,
276 1177 383 1244 eidem
412 1197 473 1261 pro
500 1176 617 1260 viginti
648 1177 797 1260 quinque
825 1177 955 1258 murcie,
983 1180 1021 1241 ut
1053 1177 1265 1260 desiderarit,
1296 1177 1506 1244 vendidimus
1534 1179 1634 1244 nichil
1665 1179 1763 1245 nobis
1790 1181 1872 1246 iuris
1900 1185 2109 1248 reservantes

85 1285 295 1370 postmodum
319 1283 355 1348 in
377 1284 506 1364 eadem,
530 1284 572 1348 de
594 1302 662 1364 qua
684 1283 826 1366 pecunia
849 1282 927 1347 dicti
951 1283 1126 1368 C(onradi)
1149 1284 1310 1366 prepositi
1334 1285 1440 1350 sancti
1462 1285 1596 1350 Martini
1617 1288 1650 1350 et
1665 1286 1829 1352 Florencii
1853 1286 1931 1353 dicti
1947 1288 2108 1354 Boleman

87 1391 254 1476 quondam
290 1390 592 1455 concanonicorum
626 1391 818 1456 nostrorum
852 1389 1132 1473 consolationest)
1166 1389 1244 1457 inde
1279 1391 1408 1456 debitas
1443 1392 1696 1474 procuravimus
1732 1393 1870 1476 singulis
1901 1396 1998 1460 annis
2027 1395 2107 1459 dari.

87 1497 284 1580 Sepedictus
307 1516 387 1560 vero
410 1495 597 1580 N(icolaus)
619 1495 762 1561 vicarius
786 1497 829 1562 ad
852 1496 957 1562 altare
980 1497 1077 1562 beate
1101 1496 1204 1562 Marie
1228 1497 1363 1581 virginis
1386 1497 1524 1564 ecclesie
1548 1502 1671 1580 nostre,
1701 1499 1796 1565 cuius
1819 1501 1964 1566 vicarius
1987 1502 2106 1582 existit,

84 1603 266 1688 predictam
294 1602 412 1667 curtim
440 1622 517 1667 cnm
549 1601 703 1667 omnibus
733 1601 924 1668 attinenciis
951 1602 1020 1667 suis
1049 1603 1084 1667 in
1113 1602 1227 1669 dotem
1254 1607 1451 1687 perpetuam
1476 1605 1616 1670 contulit
1639 1607 1673 1670 et
1695 1605 1835 1670 feliciter
1858 1606 2031 1672 collocavit
2053 1608 2108 1690 pie

84 1709 240 1774 ordinans
270 1710 304 1772 et
326 1707 466 1790 provide
495 1707 651 1788 adiciam,
677 1708 767 1790 quod
790 1706 868 1772 inde
890 1706 973 1774 fiant
997 1707 1062 1773 due
1085 1709 1329 1774 consolationes
1352 1710 1499 1793 capitulo
1522 1712 1638 1777 nostro
1662 1713 1704 1777 de
1728 1713 1857 1778 duabus
1885 1712 2015 1793 marcis,
2039 1732 2108 1779 una

84 1815 234 1881 ridelicet
262 1815 294 1879 in
330 1813 557 1879 anniversario
581 1817 758 1896 parentum
782 1833 931 1891 suorum,
959 1815 1074 1898 patris,
1103 1817 1219 1882 matris
1243 1819 1278 1880 et
1300 1816 1411 1882 fratris
1434 1817 1496 1895 sui,
1526 1836 1611 1899 quos
1633 1817 1669 1883 in
1692 1817 1934 1884 fraternitatem
1958 1823 2108 1886 nostram

87 1921 284 2006 recepimus,
314 1939 415 2003 quam
444 1919 557 2002 quoad
586 1919 705 1985 vixerit
734 1939 796 2004 pro
825 1939 862 1985 se
885 1921 987 1999 dabit,
1019 1922 1157 1987 alteram
1180 1943 1259 1988 vero
1282 1922 1435 2000 vicariae,
1467 1923 1524 2005 qui
1547 1924 1583 1987 in
1605 1924 1728 1989 vicaria
1751 1923 1813 1989 sibi
1836 1926 2042 2007 successerit,
2072 1927 2108 1991 in

86 2027 312 2094 anniversario
335 2026 441 2109 ipsius
466 2025 592 2091 Nicolai
617 2025 731 2092 vicarii
755 2025 848 2091 dabit
872 2045 939 2092 una
963 2047 1037 2091 eum
1061 2029 1229 2093 antedicta
1252 2027 1497 2109 consolacione,
1522 2031 1555 2094 et
1577 2029 1741 2112 quidquid
1764 2030 1926 2103 debonis
1948 2032 2107 2113 predictis

85 2133 267 2200 excreverit
287 2133 321 2197 in
345 2152 427 2198 usus
451 2151 531 2198 suos
556 2135 739 2198 convertet.
779 2134 819 2198 In
842 2136 1015 2200 contractu
1038 2136 1150 2199 autem
1174 2135 1326 2216 predicto
1349 2134 1516 2200 adiectum
1539 2137 1600 2215 est,
1630 2135 1771 2217 quodsi
1795 2135 1903 2201 dictus
1920 2137 2107 2223 N(icolaus)

83 2241 225 2306 vicarius
248 2239 440 2305 infirmitate
463 2240 515 2304 vel
539 2238 605 2303 alia
627 2238 826 2304 necessitate
850 2241 988 2322 cogente
1011 2259 1110 2304 suum
1133 2239 1333 2306 beneficium
1356 2241 1550 2324 resignaret,
1574 2245 1702 2307 curtem
1717 2241 1900 2324 predictam
1917 2244 2107 2326 ubicunque

83 2347 242 2413 manserit
264 2345 470 2429 integraliter
493 2345 650 2410 retinebit
673 2349 707 2410 et
730 2345 1007 2428 consolacionem‚
1031 2366 1134 2429 quam
1157 2347 1355 2429 parentibus
1372 2348 1441 2412 suis
1456 2346 1611 2427 instituit,
1635 2348 1744 2412 solvat
1760 2348 1905 2431 capitulo
1922 2350 2105 2415 annuatim.

83 2455 125 2519 Ut
151 2456 267 2517 autem
296 2451 447 2534 predicta
480 2453 699 2533 permaneant
727 2455 799 2516 rata
827 2453 860 2516 e't
887 2453 988 2517 robur
1020 2453 1195 2517 obtineant
1223 2453 1334 2518 debite
1363 2452 1541 2531 firmitatis,
1572 2473 1711 2537 presens
1741 2455 1903 2537 seriptum
1926 2455 2004 2520 inde
2028 2475 2106 2522 con-

82 2559 202 2624 tectum
240 2557 438 2624 venerabilis
472 2557 577 2639 patris
613 2560 646 2621 et
678 2557 804 2622 domini
832 2557 983 2642 episcopi
1012 2559 1186 2641 O(ttonis),
1216 2559 1410 2643 Th(iderici)
1441 2560 1601 2644 prepositi
1630 2560 1737 2625 nostri
1766 2563 1799 2626 et
1830 2561 1964 2644 capituli
1991 2561 2106 2646 sigillis

82 2665 216 2730 lecimus
248 2663 454 2728 communiri.
501 2661 612 2727 Huius
641 2664 689 2728 rei
721 2667 824 2728 testes
853 2667 945 2729 sunt:
982 2664 1174 2731 Florencius
1205 2665 1422 2748 Wicgravius,
1454 2665 1626 2732 Conradus
1657 2667 1698 2731 de
1726 2666 1826 2732 Ullen
1854 2670 1888 2732 et
1910 2666 2105 2734 'thidericus

82 2771 165 2837 filius
194 2790 290 2851 suus,
319 2770 508 2835 Richardus
535 2769 671 2851 Vulpes,
704 2769 882 2834 Heinricus
910 2770 952 2834 de
980 2770 1191 2853 Dungerden,
1222 2772 1413 2838 Gerhardus
1453 2775 1486 2837 et
1519 2771 1692 2838 Conradus
1719 2774 1761 2837 de
1786 2773 1946 2839 Lutteren
1974 2775 2104 2855 fratres,

82 2876 249 2942 lohannes
273 2877 315 2940 de
332 2875 525 2940 Bacchusen
549 2876 686 2955 milites3
710 2875 874 2940 Wiseelus
899 2876 940 2940 de
956 2875 1112 2956 Ratbere,
1136 2879 1307 2943 lohannes
1323 2878 1418 2960 Blok,
1442 2878 1611 2943 Arnoldus
1636 2879 1677 2944 de
1692 2879 1771 2942 Alta
1794 2880 1916 2964 platea,
1941 2879 2105 2946 Rodolfus

83 2984 120 3048 de
142 2983 347 3063 Holthusen,
372 2981 597 3047 Godescalcus
620 2983 662 3046 de
685 2981 843 3064 Bordere,
868 2981 1047 3048 Heinricus
1071 2984 1113 3047 de
1137 2984 1321 3066 Nienburg,
1346 2985 1561 3050 Hermannus
1584 2985 1626 3049 de
1642 2985 1740 3066 Foro,
1764 2985 1977 3067 WernheruS,
2001 2987 2105 3052 Mein-

82 3089 163 3152 n'cus
199 3091 236 3153 et
267 3087 428 3154 Ludolius
463 3088 505 3153 de
541 3089 644 3153 Hasle
677 3088 807 3169 fratres,
842 3089 1036 3171 burgenses,
1072 3092 1105 3154 et
1139 3090 1194 3154 alii
1221 3109 1324 3172 quam
1352 3091 1475 3174 plures.
1527 3093 1649 3156 Datum
1678 3093 1712 3157 et
1740 3094 1851 3156 actum
1878 3091 1990 3157 Minde
2018 3113 2109 3158 anno

83 3195 210 3260 Domini
237 3193 456 3275 M.GC.LXX.,
480 3194 593 3260 indie
616 3196 722 3260 sancti
747 3195 878 3278 Georgii
903 3195 1055 3261 martiris.

297 3298 319 3369 ¹)
338 3300 487 3352 medietatis
507 3301 541 3355 A.
579 3299 602 3370 ¹)
626 3297 784 3353 Verbeeeert
801 3319 849 3354 aaa
868 3300 1024 3370 resignabat
1042 3301 1075 3355 A.
1114 3302 1135 3368 ³)
1154 3301 1336 3356 consolatores
1356 3301 1391 3358 A.

212 3388 382 3462 Abachrit't
403 3388 457 3452 dea
481 3387 532 3455 14.
556 3386 671 3453 Jahrb.
695 3392 730 3452 in
752 3389 828 3454 Mac.
860 3386 931 3467 Vll,
955 3387 1053 3467 2401,
1081 3388 1114 3456 S.
1138 3389 1193 3470 58,
1227 3389 1342 3476 Regeat
1363 3390 1441 3454 Mac.
1467 3388 1511 3469 H,
1537 3388 1638 3470 189a,
1665 3389 1723 3458 Nr.
1746 3390 1813 3456 395
1836 3395 1880 3456 im
1902 3390 1976 3477 qu.
2000 3389 2102 3457 sa-A.

294 3517 333 3559 zu
360 3494 510 3560 tianae.
560 3493 654 3560 Gedr.
689 3493 887 3574 Watrdtwee'n,
915 3492 1008 3559 Sabe.
1032 3496 1107 3582 ditat.
1133 3495 1175 3574 X,
1206 3495 1241 3560 S.
1264 3495 1318 3564 28.
1365 3495 1434 3561 Der
1467 3498 1516 3561 ale
1549 3497 1725 3562 eerstmden
1759 3497 1914 3563 aeaeae
1948 3497 2104 3564 Dornherr

296 3599 426 3666 Florcnz
449 3600 631 3679 Bolemanm
666 3602 723 3666 dar
755 3603 863 3666 zaletzt
896 3599 983 3664 1266
1018 3602 1105 3687 (oben
1128 3601 1190 3667 Nr.
1215 3601 1293 3688 841)
1330 3602 1470 3668 errud'hnt
1502 3604 1591 3682 wtrd,
1626 3603 1713 3668 atarb
1743 3604 1825 3668 nael
1852 3605 1919 3669 dem
1948 3602 2106 3691 Nekrolog

296 3707 388 3790 (nte.
420 3704 491 3784 νη,
513 3705 612 3784 2602,
639 3705 673 3772 s.
697 3704 753 3794 91)
778 3730 830 3771 aa
853 3705 883 3770 1.
909 3709 978 3772 nar
1000 3709 1161 3793 (Philippi
1185 3714 1219 3775 et
1241 3709 1380 3790 ramat).

1053 3906 1141 3984 957.

86 4034 156 4106 Der
196 4033 286 4124 Vopt
316 4055 380 4104 eon
419 4033 653 4124 Schumnburp
685 4033 759 4104 aad
792 4033 855 4104 der
887 4034 959 4105 aa
991 4055 1056 4105 oon
1089 4033 1299 4124 Stodthapen
1338 4033 1518 4106 schlichten
1559 4034 1658 4105 anea
1691 4033 1797 4106 Strett
1829 4035 1994 4106 amachan
2028 4035 2105 4107 dem

138 4138 191 4211 lu.
213 4139 339 4212 Labda
366 4141 438 4211 aad
465 4140 541 4210 dem
560 4139 737 4230 Kuappen
755 4138 895 4228 Ludolf
915 4161 980 4211 von
1008 4139 1206 4211 Sctrwtr'bber
1232 4162 1345 4230 wepen
1375 4139 1484 4212 aare
1509 4142 1547 4211 in
1575 4138 1707 4212 Lahde.
1762 4140 1860 4212 1270
1888 4141 1970 4212 Mai
1996 4145 2051 4214 13.

186 4257 403 4324 Hildemarus
437 4259 620 4323 advocatus
654 4256 689 4322 in
719 4257 970 4340 Scowen(burg,
1000 4258 1187 4342 arnoldus)
1223 4259 1319 4324 miles
1347 4259 1457 4324 dictus
1485 4259 1527 4323 de
1554 4257 1695 4324 Visbeke
1726 4259 1906 4342 proconsul
1937 4257 2104 4343 indaginis

86 4365 248 4447 ceterique
272 4365 427 4430 eonsules
451 4363 600 4429 eiusdem
623 4362 714 4446 opidi
738 4363 893 4429 omnibus
916 4362 1081 4445 fidelibus,
1112 4364 1155 4429 ad
1179 4384 1264 4447 quos
1288 4384 1426 4448 presens
1451 4364 1611 4447 scriptum
1633 4364 1833 4446 pervenerit,
1857 4365 1893 4428 in
1917 4384 1993 4430 vero
2015 4367 2105 4431 salu-

85 4470 143 4534 tari
166 4471 320 4535 salutem.
365 4471 447 4534 Cum
471 4489 510 4536 ea
534 4490 599 4553 que
623 4472 767 4552 aguntur
789 4489 865 4535 cum
887 4473 1038 4552 tempore
1062 4471 1227 4548 labantur,
1252 4471 1396 4555 expedit,
1420 4474 1458 4537 ut
1480 4489 1521 4535 ea
1544 4489 1610 4555 que
1632 4473 1776 4552 aguntur
1798 4471 1975 4554 scripturis
1998 4472 2105 4537 inrio-

86 4574 238 4642 labilibus
260 4576 521 4659 perhennentur.
567 4576 671 4659 Igitur
694 4595 771 4641 cum
794 4594 896 4658 super
918 4576 1118 4660 inpeticione
1141 4579 1175 4641 et
1197 4577 1331 4658 iniuria,
1362 4596 1430 4660 qua
1453 4577 1615 4642 Ludolfus
1638 4576 1782 4642 famulus
1806 4575 1914 4642 dietus
1938 4579 1980 4642 de
2002 4578 2105 4644 Swic-

89 4682 163 4748 bere
192 4682 378 4748 claustrum
401 4682 436 4746 in
459 4681 576 4747 Lodhe
603 4682 739 4766 inpeciit
763 4685 796 4747 et
824 4682 1021 4762 molestavit,
1052 4682 1175 4747 nobilis
1202 4683 1301 4748 homo
1325 4683 1427 4748 irater
1451 4682 1530 4750 Otto
1553 4702 1593 4746 ex
1615 4685 1711 4766 parte
1732 4701 1810 4764 uua,
1842 4682 2002 4748 Ludolfus
2025 4705 2105 4750 vero

86 4808 123 4852 ex
150 4791 247 4872 parte
275 4788 380 4853 altera
407 4791 440 4852 et
469 4787 574 4872 ipsius
604 4789 645 4852 de
674 4788 848 4870 utriusque
876 4807 1042 4853 consensu
1070 4807 1183 4853 coram
1206 4790 1304 4855 nobis
1326 4790 1363 4854 in
1385 4788 1545 4872 Indagine
1569 4792 1811 4872 comparerent,
1843 4790 1983 4855 anobis
2006 4793 2040 4856 et
2062 4792 2104 4857 ab

87 4893 155 4958 aliis
177 4895 259 4960 viris
283 4894 445 4974 discretis,
470 4894 595 4960 scilicet
618 4893 769 4959 Amoldo
793 4895 835 4958 de
857 4894 1010 4975 Visbeke,
1034 4895 1206 4961 Wolthero
1230 4897 1272 4962 de
1297 4897 1419 4962 Zersne
1443 4901 1478 4962 et
1500 4895 1647 4961 Jordano
1671 4896 1827 4979 plebano,
1851 4897 1908 4979 qui
1933 4900 2105 4979 presentes

87 5001 232 5082 ederent,
256 5001 319 5066 tuit
340 5000 453 5066 taliter
475 5000 678 5082 ordinatum,
701 5001 792 5084 quod
816 5000 916 5064 frater
939 5001 1019 5067 Otto
1043 5022 1083 5068 ex
1106 5005 1202 5085 parte
1225 5002 1361 5068 claustri
1385 5001 1476 5068 dicto
1494 5003 1636 5068 Ludolio
1659 5006 1694 5068 et
1716 5003 1786 5067 suis
1810 5004 1990 5069 heredibus
2014 5004 2105 5070 dedit

88 5106 274 5187 quindecim
303 5126 431 5173 marcas
455 5107 645 5173 Bremensis
673 5107 799 5190 argenti
826 5125 1028 5190 quocunque
1058 5111 1159 5174 etiarn
1186 5110 1268 5190 iure,
1296 5111 1333 5174 ut
1365 5112 1487 5174 extunc
1513 5109 1621 5174 omnis
1650 5108 1737 5175 actio
1766 5110 1807 5176 de
1831 5108 1927 5174 dictis
1950 5110 2046 5175 bonis
2069 5111 2105 5176 in

87 5210 199 5277 Lodhe
223 5211 299 5279 sitis
322 5233 383 5296 per
405 5215 518 5279 omnia
542 5215 718 5297 sopiretur,
748 5213 805 5278 tali
830 5214 929 5280 etiam
952 5214 1080 5280 adiecta
1103 5215 1308 5296 condicione,
1340 5214 1431 5299 quod
1453 5215 1543 5281 idem
1567 5215 1761 5302 L(udolfus)
1783 5218 1817 5281 et
1840 5235 1922 5281 uxor
1945 5235 2006 5282 sua
2028 5236 2105 5282 cum

87 5316 146 5383 llll
170 5319 245 5385 eius
267 5318 344 5386 filiis
368 5319 454 5384 infra
477 5338 603 5386 annum
626 5339 732 5386 unum
754 5322 884 5407 prefata
906 5320 996 5386 bona
1019 5341 1130 5386 coram
1153 5321 1251 5386 nobis
1275 5324 1308 5387 et
1332 5321 1406 5387 aliis
1433 5321 1581 5388 honestis
1596 5321 1688 5402 viris,
1711 5340 1787 5388 cum
1803 5321 1982 5404 requisitus
1998 5321 2105 5402 lieret,

87 5425 278 5508 resignaret,
313 5445 417 5510 quam
452 5425 695 5492 ordinationem
725 5429 759 5492 et
790 5426 1045 5510 resignationem
1074 5447 1150 5494 cum
1181 5447 1285 5494 uxore
1315 5431 1347 5494 et
1377 5426 1455 5494 filiis
1485 5431 1712 5512 protestamur
1740 5429 1884 5494 eundem
1915 5427 2109 5495 exsolvisse.
