5086 6768
1036 464 1105 520 rasa
2026 454 2094 521 405

70 657 316 740 resignabimus
340 658 374 722 et
397 657 514 722 solute.
555 657 638 723 Item
662 677 705 722 ne
727 657 762 722 in
785 659 849 725 hoc
870 660 959 725 facto
983 658 1096 742 aliqua
1118 658 1199 724 oriri
1220 659 1328 744 possit
1344 660 1520 742 dissencio,
1544 661 1652 727 tribus
1668 661 1794 745 sigillis,
1818 659 1943 728 scilicet
1959 663 2094 730 claustri

68 764 113 828 de
138 763 333 840 Quernhem
364 764 397 826 et
428 762 556 827 domini
578 763 700 828 nobilis
723 763 851 828 Hinrici
875 764 1027 828 advocati
1050 765 1092 829 de
1115 765 1370 850 Scalkebergess)
1401 768 1435 830 et
1462 767 1719 832 castellanorum
1745 767 1780 832 in
1803 769 1986 850 Vlotouwe,
2017 790 2094 852 pre·

72 872 204 934 sentem
226 869 381 953 paginam
405 869 613 934 roboramus.
659 869 793 935 Testes:
819 870 992 952 Ludgerus
1016 870 1058 934 de
1080 869 1275 951 Bardeleve,
1299 870 1478 937 Godfridus
1502 872 1544 936 de
1567 871 1769 955 Quernhem,
1793 873 2028 956 Wydylryndus
2051 877 2093 942 de

69 975 183 1056 Sloen,
209 975 412 1039 Gosohalcus
437 975 478 1039 de
502 974 724 1056 Callendorpe
747 976 782 1039 et
805 974 861 1040 alii
883 995 984 1057 quam
1007 975 1131 1058 plures.
1178 977 1301 1040 Datum
1324 995 1411 1043 anno
1435 977 1569 1042 Domini
1592 977 1840 1043 M⁰CC⁰LXXX⁰
1863 981 2019 1046 secundo.

287 1098 308 1166 ¹)
327 1097 458 1150 univorsis
477 1095 511 1148 Α.
550 1095 573 1166 ²)
593 1113 644 1166 que
664 1097 698 1148 Α.
736 1096 759 1166 ⁸)
779 1113 830 1166 qus
849 1113 897 1165 pro
918 1097 950 1152 A.
986 1097 1146 1167 ⁴)obligatus
1168 1097 1199 1150 A.
1237 1096 1261 1168 ⁵)
1280 1099 1494 1167 recognossimus
1513 1099 1547 1152 A.
1585 1099 1609 1171 ⁶)
1628 1101 1800 1172 Stallrebarga
1821 1101 1852 1154 Α.

159 1297 165 1308 ¹
204 1203 374 1283 Absclrift
408 1205 462 1268 des
490 1201 542 1266 16.
571 1203 684 1268 Jahrb.
718 1206 753 1266 a'n
781 1203 859 1268 Mso.
896 1201 967 1282 VII,
1001 1201 1100 1281 3506,
1138 1203 1172 1267 8.
1200 1200 1267 1266 247
1304 1207 1348 1267 im
1377 1204 1450 1290 Kpl.
1484 1204 1588 1272 Sa-A.
1623 1229 1663 1270 zu
1690 1208 1831 1273 Miiuster
1862 1209 1926 1292 (A).
1981 1209 2095 1295 Repest

291 1306 430 1388 Westfci'l.
456 1307 716 1373 ProoiaziolBll.
743 1307 782 1372 II
799 1307 830 1387 1,
857 1307 891 1374 8.
913 1306 959 1372 56
981 1306 1042 1373 Nr.
1068 1307 1142 1373 120.

1031 1542 1135 1620 1271.

65 1666 249 1756 Heinrich,
285 1665 600 1738 Provineiol-Prior
626 1666 686 1738 des
713 1666 1002 1758 Predeerordcns
1027 1669 1066 1739 io
1093 1668 1337 1757 Dcutscblouct,
1364 1670 1476 1740 macti
1501 1671 1664 1742 mildam
1681 1673 1860 1746 mindaner
1877 1676 2095 1769 Domlcopitcl

559 1773 634 1842 eice
662 1771 1030 1862 Gebctslrratderscbufi.
1084 1770 1233 1845 Brcmcn
1261 1772 1531 1848 1283111111
1559 1778 1613 1848 31.

179 1907 395 1974 Honorandis
424 1907 504 1971 viris
532 1926 570 1972 ac
601 1907 754 1972 discretis
785 1909 820 1972 et
849 1909 885 1973 in
908 1909 1039 1974 Christo
1070 1910 1134 1974 sibi
1158 1910 1287 1976 dilectis
1310 1910 1452 1976 dominis
1475 1913 1648 1995 preposito
1673 1915 1705 1977 et
1729 1914 1867 1994 decan0,
1899 1917 2093 1984 ..scolastico

68 2014 205 2095 totique
233 2013 377 2096 capitulo
406 2013 643 2078 canonicorum
673 2013 808 2080 maioris
838 2015 976 2080 ecclesie
1002 2015 1036 2080 in
1064 2015 1177 2080 Minda
1202 2017 1303 2082 frater
1329 2017 1497 2082 Henricus
1525 2017 1666 2084 fratrum
1695 2019 1820 2085 ordinis
1843 2021 2094 2088 Predicatorum

65 2139 130 2201 per
146 2119 395 2184 Theulhoniam
417 2120 510 2202 prior
531 2119 748 2202 provincialis
771 2119 849 2185 licet
870 2121 1029 2204 Indignus
1053 2142 1128 2186 cum
1152 2121 1345 2186 oracionum
1364 2122 1556 2205 frequencia
1578 2143 1739 2208 prospere
1754 2145 1887 2209 semper
1900 2127 1936 2191 in
1951 2129 2094 2194 Domino

66 2245 168 2306 agere
192 2228 225 2290 et
247 2226 368 2289 valere.
416 2225 683 2291 postulationem
706 2229 863 2307 vestram,
887 2246 953 2309 que
977 2227 1018 2291 de
1042 2227 1170 2294 sincere
1192 2226 1271 2293 fidei
1294 2227 1405 2292 radice
1429 2229 1602 2311 processit,
1627 2230 1670 2294 ad
1693 2232 1922 2296 execucionem
1947 2234 2094 2300 debitam

66 2331 211 2412 cupiens
240 2351 437 2414 promovere
466 2333 560 2395 tanto
583 2331 678 2396 vobis
702 2351 803 2414 quam
826 2335 1025 2415 acceperunt
1050 2332 1169 2398 fratres
1192 2333 1299 2397 nostri
1321 2333 1459 2416 gratiam
1483 2353 1503 2398 a
1525 2335 1668 2401 Domino
1691 2335 1853 2401 libencius
1877 2339 2093 2422 amministro,

65 2439 198 2520 quanto
231 2439 273 2502 ad
301 2458 375 2503 eam
398 2439 508 2501 vestre
533 2437 702 2502 devotioni
725 2437 1034 2504 communicandam
1056 2440 1158 2504 vestri
1180 2439 1319 2521 graciosi
1343 2440 1472 2504 favores
1496 2442 1618 2506 nostris
1642 2443 1780 2506 exhibiti
1803 2442 1961 2509 fratribus
1985 2465 2037 2509 me
2061 2448 2095 2511 et

63 2543 160 2625 ipsos
185 2544 293 2610 arcius
319 2543 517 2626 obligarunt.
564 2545 711 2626 Ideoque
732 2544 843 2608 vestre
867 2544 1036 2624 dilectioni
1059 2545 1207 2609 omnium
1230 2545 1418 2627 missarum,
1443 2546 1644 2626 oracionum‚
1668 2548 1942 2631 predicationum,
1974 2550 2095 2615 ieiuni·

65 2670 178 2730 orum,
210 2649 407 2733 vigiliarum,
438 2649 731 2730 abstinenciarum,
764 2649 916 2714 laborum
947 2653 1200 2733 ceterorumque
1230 2652 1408 2732 bonorum,
1440 2671 1510 2733 que
1535 2672 1596 2735 per
1622 2653 1740 2719 fratres
1769 2655 1873 2720 nostri
1902 2656 2028 2722 ordinis
2059 2658 2094 2721 in

64 2756 241 2840 provincia
255 2756 467 2821 Theulhonie
484 2756 646 2822 Dominus
670 2754 743 2821 fieri
768 2755 907 2838 dederit,
932 2756 1222 2839 participationem
1247 2757 1394 2821 concedo
1416 2758 1532 2822 tenore
1555 2759 1762 2840 presentium
1786 2760 1973 2842 specialem.
2010 2763 2093 2827 Volo

63 2862 219 2945 insuper,
244 2864 281 2926 ut
304 2862 414 2926 anime
437 2863 546 2926 vestre
569 2861 881 2927 recommendentur
903 2864 980 2944 post
1003 2863 1177 2928 decessum
1199 2864 1347 2927 vestrum
1370 2862 1406 2926 in
1428 2864 1542 2929 nostro
1566 2864 1761 2946 provinciali
1784 2865 1930 2950 capitulo
1953 2868 2094 2933 fratrum

64 2971 184 3034 nostre
213 2967 383 3051 provincie
405 2966 623 3048 orationibus,
654 2967 683 3031 si
706 2966 807 3032 vestri
831 2967 943 3033 obitus
966 2967 1090 3033 ibidem
1115 2967 1237 3032 fuerint
1260 2967 1421 3049 nunciati,
1445 2971 1478 3033 et
1499 2968 1715 3053 iniungantur
1735 2990 1797 3053 pro
1819 2971 1914 3036 vobis
1937 2973 2037 3038 misse
2061 2976 2094 3038 et

64 3074 249 3154 orationes,
273 3073 358 3138 sicut
381 3091 442 3154 pro
465 3071 622 3138 fratribus
645 3073 768 3136 nostris
794 3073 958 3138 defunctis
981 3071 1054 3137 fieri
1078 3073 1258 3138 consuevit.
1298 3074 1338 3137 In
1354 3073 1448 3139 cuius
1464 3076 1689 3139 concessionis
1706 3077 1934 3143 testimonium
1951 3078 2094 3161 sigillum

65 3181 222 3243 nostrum
253 3178 331 3242 duxi
358 3179 570 3262 presentibus
602 3180 850 3260 apponendum.
898 3179 1018 3244 Datum
1049 3178 1169 3244 Breme
1200 3197 1288 3244 anno
1312 3178 1445 3245 Domini
1475 3179 1831 3264 M⁰.CC⁰.LXXX⁰III⁰.,
1862 3183 1903 3247 II.
1926 3185 2093 3250 Kalendas

65 3283 253 3349 Februarii.

207 3406 373 3492 Absctn'fl
402 3407 456 3472 des
485 3405 536 3474 13.
564 3406 678 3472 Jahrb.
706 3410 742 3470 in
769 3406 847 3492 Kop.
876 3404 955 3485 XII,
983 3405 1029 3471 50
1054 3407 1111 3484 fol.
1144 3407 1173 3471 1.
1202 3411 1246 3470 im
1268 3406 1341 3493 Kpl.
1369 3405 1473 3473 St-A.
1498 3430 1537 3472 zu
1559 3406 1736 3474 Hannooer.
1770 3410 1865 3478 Geor.
1895 3407 2093 3490 Wcrduoein,

284 3511 372 3577 Sada
396 3513 470 3599 dipl.
495 3511 538 3590 X,
565 3510 600 3577 8.
621 3511 676 3577 37.
724 3512 837 3598 1119111
859 3513 936 3577 Mac.
963 3509 1006 3591 II,
1031 3511 1132 3591 189a‚
1156 3511 1216 3576 Nr.
1239 3512 1317 3578 503.

1034 3745 1144 3824 1272.

64 3871 224 3961 Bischof
244 3871 420 3962 Siepfricd
452 3894 516 3942 oon
549 3871 765 3944 Hildcslveim
796 3872 906 3944 crteilt
939 3873 1058 3960 denen,
1100 3872 1156 3942 die
1190 3871 1247 3942 aa
1274 3871 1406 3942 Kircbe
1437 3873 1476 3943 iu
1502 3871 1636 3944 Lcccru
1670 3895 1717 3944 oo
1749 3873 1957 3946 bacinnum
1987 3876 2102 3966 Topen

464 3976 637 4068 basoches,
665 3979 794 4068 cierac‘p
827 3979 918 4069 Tope
946 3977 1081 4049 Abluss.
1137 3976 1353 4048 Hildcshcim
1382 3974 1486 4049 1283
1513 3978 1622 4048 Mdrz
1648 3975 1710 4054 21.

161 4113 305 4178 Sifn'dus
318 4113 378 4177 Dei
392 4112 496 4195 gratia
509 4112 791 4178 Hildessemensis
808 4113 945 4178 ecclesie
962 4113 1142 4195 episcopus
1159 4113 1314 4177 omnibus
1330 4112 1395 4176 hoc
1411 4112 1573 4196 scriptum
1588 4113 1708 4178 visuris
1724 4115 1758 4178 et
1773 4113 1932 4179 audituris
1949 4117 2100 4180 eternam

67 4221 103 4284 in
120 4220 269 4285 Domino
286 4219 438 4284 salutem.
487 4218 655 4295 Quoniam
678 4238 776 4284 nemo
800 4218 834 4282 in
858 4219 921 4282 hac
943 4218 1012 4284 vita
1034 4218 1118 4284 adeo
1141 4217 1307 4302 perfectus
1332 4221 1394 4298 est,
1419 4218 1477 4300 qui
1499 4218 1677 4300 perfectior
1700 4219 1910 4302 sanctiorque
1934 4239 2099 4286 essenon

70 4325 197 4409 possit,
227 4344 438 4408 summopere
465 4323 687 4389 laborandum
711 4326 770 4406 est,
799 4324 923 4407 nequi
947 4324 1091 4406 propriis
1114 4344 1183 4388 non
1206 4327 1405 4407 presumunt
1429 4324 1555 4389 meritis
1579 4325 1716 4390 ecclesie
1740 4327 1853 4390 sancte
1876 4325 2042 4408 suffragiis
2066 4328 2099 4390 et

68 4431 267 4497 devocionis
290 4430 402 4495 studio
426 4430 470 4494 ad
493 4431 626 4514 pietatis
651 4449 753 4513 opera
776 4429 965 4495 incitentur.
1001 4428 1086 4495 Cum
1109 4429 1209 4513 igitur
1231 4430 1470 4495 monasterium
1487 4430 1656 4512 quoddam
1673 4430 1880 4496 dominarum
1896 4431 1933 4495 in
1949 4431 2099 4496 beveren

67 4536 258 4602 blindansis
294 4535 442 4618 dyocesis
466 4535 703 4618 cysterciensis
737 4535 863 4601 ordInis
896 4536 1010 4601 divina
1044 4535 1177 4601 favente
1204 4537 1311 4620 gratia
1338 4539 1371 4601 et
1400 4535 1550 4600 fidelium
1578 4536 1790 4602 amminiculo
1819 4539 2020 4618 cooperante
2055 4537 2098 4601 ad

66 4644 235 4708 honorem
258 4642 319 4707 Dei
348 4642 586 4725 omnipotentis
616 4645 649 4706 et
680 4643 752 4706 eius
784 4642 933 4725 piissime
960 4642 1075 4707 matris
1099 4642 1202 4708 Maris
1224 4641 1361 4725 virginis
1383 4641 1419 4705 in
1441 4641 1534 4706 brevi
1559 4642 1602 4706 sit
1625 4641 1842 4725 solempniter
1864 4642 2097 4722 dedicandum,

66 4754 101 4814 et
134 4748 181 4814 ad
209 4747 272 4814 hoc
300 4751 451 4814 nostrum
480 4748 674 4832 suffragium
704 4747 905 4831 requiratur,
934 4748 1088 4813 omnibus
1115 4747 1240 4813 ibidem
1269 4749 1421 4830 tempore
1453 4747 1671 4812 dedicationis
1695 4747 1931 4813 accedentibus
1954 4767 2014 4813 seu
2036 4767 2097 4831 per

66 4857 208 4920 octavas
239 4873 298 4918 seu
328 4874 389 4937 per
414 4874 546 4920 menses
579 4854 632 4920 vel
655 4855 756 4919 etiam
779 4855 857 4938 post
880 4855 958 4920 anni
982 4854 1139 4920 circulum
1164 4853 1234 4918 sive
1257 4853 1347 4939 (qui)
1368 4853 1494 4919 ibidem
1516 4853 1716 4919 elemosinas
1739 4873 1817 4919 suas
1840 4853 2098 4919 misericorditer

67 4959 268 5040 direxerint,
301 4960 342 5025 de
366 4960 516 5026 contritis
540 4963 573 5026 et
596 4960 759 5026 confessis
782 4960 1002 5043 quadraginta
1025 4960 1097 5025 dies
1119 4959 1266 5025 iniuncta
1288 4959 1484 5041 penitentie,
1509 4960 1689 5025 dummodo
1713 4959 1890 5038 dyocesani
1913 4979 2096 5025 consensus

67 5066 218 5147 affuerit,
248 5065 505 5132 misericorditer
528 5067 725 5132 relaxamus.
771 5066 810 5131 In
833 5066 927 5132 cuius
951 5066 1002 5131 rei
1023 5065 1254 5130 testimonium
1278 5067 1469 5148 presentem
1493 5065 1648 5149 paginam
1672 5065 1780 5147 sigillo
1803 5068 1919 5131 nostro
1943 5065 2096 5131 diotimus

67 5172 309 5238 roborandam.
362 5174 487 5238 Datum
516 5173 715 5254 Hildessem,
744 5192 832 5238 anno
860 5172 992 5237 Domini
1023 5171 1198 5237 millesimo
1226 5169 1483 5236 G⁰G⁰.LX⁰X⁰X⁰
1510 5172 1620 5253 tertio,
1649 5170 1733 5238 XII⁰.
1762 5171 1931 5237 Kalendas
1958 5171 2096 5253 Aprilis,

65 5276 292 5360 pontificatus
315 5278 421 5344 nostri
443 5298 533 5345 anno
555 5281 686 5361 quarto.

210 5398 267 5465 Or.
295 5403 339 5464 im
368 5400 442 5487 Kpl.
469 5399 573 5466 sa-A.
604 5423 643 5466 zu
671 5401 821 5479 Mrtmter,
856 5399 975 5466 cheru
998 5397 1057 5468 Nr.
1080 5398 1135 5465 94.
1183 5397 1286 5485 scepei
1307 5398 1397 5465 nebat
1419 5399 1624 5486 Betoatipunp
1647 5397 1693 5466 ab.
1741 5397 1943 5486 Eipencrtipe
1967 5396 2097 5476 schrift.
