5086 6768
429 375 497 440 446
1367 385 1542 442 1288-1289

433 585 551 663 rarius
572 584 710 660 milites3
734 581 930 647 Thidericus
946 582 1054 647 dictus
1070 581 1198 663 Blome,
1212 580 1371 651 Albertus
1389 580 1508 662 Cocus,
1526 581 1692 646 Henricus
1710 580 1931 662 Camerarius,
1947 581 2072 662 famuli,
2089 583 2124 647 et
2140 583 2197 648 alii
2212 603 2313 666 quarn
2329 583 2449 667 plures.

433 693 555 757 Datum
579 709 667 756 anno
691 687 822 754 Domini
845 686 1203 753 M⁰.CC⁰.LXXXVIII⁰.

571 791 623 858 Or.
647 801 692 857 im
714 791 915 858 chcarchiu
938 793 992 857 dec
1014 791 1119 858 Herm
1142 791 1386 857 Kurrmrcrlrerm
1407 788 1577 857 Frerberrm
1600 816 1626 858 v.
1644 793 1674 856 d.
1692 790 1790 858 Horat
1811 795 1846 856 iu
1861 789 2058 858 Hollwinlel.
2107 791 2211 878 Siegel
2231 797 2285 858 des
2308 793 2451 860 Bootae

646 902 703 965 acie
731 897 909 985 Abbildunp
946 897 1047 983 Wecff.
1079 897 1183 984 Sieqel
1213 894 1257 976 ΙΙ,
1291 895 1361 983 Tus.
1390 897 1433 960 54
1467 895 1526 963 Nc.
1558 896 1578 959 4
1614 920 1656 962 on
1685 896 1760 964 blau
1781 897 1848 962 und
1868 901 1992 963 maiorer·
2023 897 2155 963 Schnur.
2212 899 2378 984 Abccbq't't
2404 901 2451 965 des

647 1004 700 1071 16.
731 1006 842 1071 „latr-l.
877 1009 911 1070 in
938 1005 1013 1069 Mac.
1045 1002 1115 1083 Vll,
1143 1001 1270 1082 2809a‚
1302 1005 1356 1082 fol.
1383 1000 1425 1066 10
1457 1008 1501 1067 im
1528 1003 1600 1090 qu.
1627 1001 1734 1070 sc-A.
1765 1026 1804 1067 zu
1834 1003 1984 1069 Mirator.
2031 1007 2182 1071 Muneslo
2205 1009 2246 1069 iat
2268 1007 2394 1071 Mmzet
2414 1011 2452 1069 im

647 1111 844 1178 Landlrreice
866 1110 1042 1176 Homer.

1387 1254 1505 1331 1406.

433 1385 535 1474 Gccf
562 1384 730 1456 Heinrich
769 1406 833 1455 con
868 1383 971 1473 Hoyo
1004 1383 1076 1453 uod
1108 1382 1202 1452 scine
1238 1381 1349 1453 Solone
1386 1381 1555 1471 Gerlord,
1597 1381 1672 1453 Otto
1705 1382 1777 1452 und
1811 1382 1980 1456 Heinrich
2013 1383 2214 1456 canonicus
2249 1383 2453 1456 Mindeusis

759 1488 923 1560 scbculceu
951 1489 1027 1558 dem
1054 1485 1109 1558 Kl.
1142 1487 1288 1558 boccum
1315 1489 1397 1558 awai
1426 1488 1545 1576 Hcscu
1573 1489 1611 1558 iu
1639 1488 1758 1565 ilcesc.
1816 1488 2132 1578 Naeuam-9128&

565 1606 657 1671 Naclr
680 1607 754 1693 Kop.
780 1604 843 1686 III,
868 1604 942 1686 130,
969 1604 1001 1672 S.
1026 1604 1069 1668 64
1093 1608 1136 1670 im
1160 1603 1234 1690 th.
1260 1603 1366 1670 sc-A.
1390 1629 1429 1668 zu
1453 1603 1620 1669 Hannocer
1653 1606 1718 1668 und
1747 1605 1815 1670 don
1838 1604 2006 1671 Loccumcr
2028 1605 2151 1692 Kopiur
2181 1605 2239 1672 Nr.
2267 1607 2337 1670 322
2371 1610 2452 1694 gertr.

644 1739 672 1778 u.
696 1712 891 1798 Hodeuberp,
918 1711 1124 1796 Calmberger·
1153 1709 1221 1776 ΙΙΒ.
1247 1711 1344 1777 Abit.
1370 1710 1432 1790 ΙΙΙ,
1459 1709 1492 1778 S.
1517 1709 1581 1774 294
1607 1709 1666 1775 Nr.
1693 1708 1767 1777 406.
1814 1711 1876 1778 Die
1905 1711 1977 1778 Urlc.
2000 1713 2109 1798 gekdrt
2129 1715 2187 1778 wol
2208 1715 2265 1779 der
2282 1714 2355 1779 Zeu
2379 1717 2451 1778 naci

646 1843 685 1884 zu
708 1821 763 1885 der·
785 1843 815 1882 a.
833 1843 862 1884 u.
884 1817 919 1883 0.
945 1815 1010 1882 467
1032 1815 1219 1903 pedmcclrten
1240 1841 1308 1882 oona
1329 1818 1358 1882 1.
1376 1818 1446 1882 Mai
1467 1817 1623 1882 desselben
1638 1817 1761 1895 Jahrb,
1785 1821 1819 1882 in
1841 1818 1970 1884 welcltcr
1993 1819 2144 1884 diecelbeu
2166 1821 2235 1885 dem
2250 1820 2301 1886 ΙΙΙ.
2322 1820 2454 1884 Locccm
2530 1813 2531 1816 ¹

650 1925 748 1991 Griter·
767 1929 801 1989 c'n
816 1926 1028 1991 Elmenhorst
1052 1925 1123 2010 (va.
1142 1924 1217 1989 oben
1234 1921 1295 1990 Nc.
1315 1922 1412 2008 1291)
1436 1923 1592 1989 selmum.
1640 1921 1686 1986 lm
1702 1923 1802 1988 lat-rc
1820 1921 1905 1989 1290
1928 1928 2039 1990 oeisen
2061 1928 2107 1991 cic
2129 1927 2178 1990 die
2196 1927 2320 1992 Brider
2336 1927 2454 2012 Krriym

646 2056 716 2096 zum
738 2030 898 2118 Empfcnq
922 2032 975 2096 dec
999 2029 1120 2095 Laberis
1141 2034 1175 2094 iu
1199 2028 1295 2096 Ilceee
1318 2053 1360 2093 an
1383 2031 1442 2094 den
1465 2029 1529 2094 Act
1551 2052 1608 2094 con
1632 2029 1776 2110 Locrum,
1801 2031 1859 2116 opi.
1885 2055 1914 2098 a.
1940 2055 1969 2096 a.
1996 2029 2032 2096 0.
2057 2028 2117 2097 Nr.
2142 2030 2216 2096 478.

1388 2264 1501 2341 1407.

434 2395 537 2484 Grcf
557 2393 742 2467 Burclrcrd
775 2417 840 2466 coc
877 2393 997 2483 Wo'lpc
1031 2392 1204 2481 coereeat
1231 2393 1293 2462 urit
1321 2393 1560 2481 Zusttmmcup
1586 2393 1700 2463 sciuer
1726 2389 1873 2481 Brr‘r'dcr,
1908 2393 1968 2464 dcc
1995 2393 2242 2484 Dorupropstes
2269 2395 2455 2466 Bormlurd

431 2525 497 2574 voc
531 2503 680 2574 Brcmcu
714 2501 787 2571 und
820 2501 880 2572 des
913 2500 1161 2591 Dompropstes
1197 2498 1272 2570 Otto
1306 2520 1368 2568 ocu
1404 2498 1561 2587 Miuulec,
1595 2498 1671 2569 clem
1704 2495 1760 2572 Kl.
1794 2497 2044 2570 Obemlcirchcu
2076 2502 2151 2570 eine
2178 2499 2393 2592 Sulrpscnue
2423 2504 2454 2570 ic

1278 2603 1441 2679 Miuulec.
1498 2602 1612 2675 1288.

566 2723 621 2788 Or.
645 2727 687 2788 c'm
713 2724 829 2786 Arellio
852 2723 905 2786 dec
928 2721 978 2786 Kl.
1002 2720 1232 2787 Obcrnkirclcen
1253 2726 1309 2786 mit
1331 2720 1539 2806 einyenridtem
1565 2719 1669 2805 Sicpel
1692 2743 1733 2784 on
1755 2742 1813 2784 oon
1828 2721 1884 2785 der
1905 2720 1980 2786 Urk.
2004 2722 2240 2806 yecchnittenem
2257 2722 2454 2809 Pergameni-

646 2832 783 2903 ctreifen.
830 2828 925 2895 θεάν.
949 2853 977 2893 υ.
1004 2826 1155 2913 Spilcker‚
1180 2827 1290 2892 Geccl.
1315 2829 1344 2892 d.
1373 2825 1428 2891 Gr.
1453 2851 1479 2891 υ.
1511 2825 1612 2913 Wclpe
1637 2826 1670 2892 S.
1694 2824 1771 2905 259,
1811 2826 1885 2913 Ray.
1917 2825 2145 2913 Wippermcun,
2171 2828 2268 2916 Regu.
2294 2829 2452 2896 Schamuh.

676 2934 710 3000 S.
738 2933 800 2997 114
824 2933 886 2999 Nr.
910 2933 986 2999 240.

1391 3078 1511 3156 1408.

433 3208 586 3296 Bisclcof
613 3207 759 3298 Volquc'u
792 3227 854 3277 coc
885 3205 1035 3277 Mindon
1068 3206 1260 3295 becuttrcgt
1288 3206 1354 3276 cleu
1384 3205 1510 3296 Propst
1536 3227 1599 3276 coc
1627 3203 1778 3296 Burlcgc
1806 3211 2009 3278 Geuoucteu
2035 3229 2079 3276 ru
2105 3206 2263 3296 bcfctlen,
2298 3208 2382 3280 dass
2408 3211 2453 3278 sic

432 3315 490 3386 dic
523 3314 606 3386 tiber
634 3314 693 3385 Kl.
723 3313 860 3384 Leveru
890 3313 1159 3384 widerreclrlliclc
1190 3312 1476 3402 cuspesproctrcuc
1503 3311 1846 3384 Eccommucc'cctc'ou
1874 3311 2044 3400 cushcbcn
2070 3313 2143 3384 crud
2170 3313 2226 3384 dic
2261 3313 2456 3402 Vcrhr'irrper

847 3419 906 3489 des
932 3415 1073 3490 Bcuues
1099 3441 1162 3490 zwr
1190 3418 1308 3506 btrcfc
1335 3419 1459 3492 stelen
1516 3417 1666 3488 thleu
1694 3417 1790 3491 1289
1817 3418 1956 3490 quccr
1983 3418 2044 3490 22.

539 3539 725 3622 Volquinus
742 3539 802 3602 Dei
826 3537 932 3620 gratia
947 3537 1130 3602 Mindensis
1154 3537 1332 3619 episcopus
1356 3535 1481 3600 domini
1505 3554 1592 3619 pape
1616 3535 1788 3618 delegatus
1812 3535 1883 3600 viro
1907 3536 2050 3602 discreto
2073 3537 2244 3619 preposito
2265 3539 2455 3604 monasterii

432 3648 467 3712 in
498 3645 640 3728 Burlage
675 3645 818 3709 salutem
853 3644 888 3707 in
919 3643 1072 3708 Domino.
1124 3643 1330 3708 Sanctissimi
1365 3643 1471 3725 patris
1505 3661 1544 3708 ac
1579 3640 1705 3708 domini
1740 3642 1846 3708 nostri
1876 3642 2003 3708 domini
2034 3643 2182 3725 Gregorii
2213 3662 2303 3726 pape
2331 3645 2455 3709 litteras

431 3751 613 3834 recipimus
640 3751 675 3814 in
704 3751 766 3814 hec
796 3750 913 3814 verba:
943 3749 1120 3831 Gregorius
1152 3749 1330 3833 episcopus
1358 3767 1475 3813 servus
1504 3768 1676 3814 servorum
1700 3749 1760 3814 Dei
1788 3749 1971 3814 venerabili
1993 3748 2085 3814 fratri
2109 3748 2267 3834 episcopo
2292 3751 2454 3816 Mindensi

433 3858 574 3923 salutem
605 3858 638 3921 et
667 3857 885 3938 apostolicam
908 3855 1185 3921 benedictionem.
1233 3855 1309 3919 Non
1334 3855 1461 3936 absque
1486 3854 1600 3920 dolore
1624 3856 1734 3920 cordis
1758 3857 1860 3937 atque
1883 3854 2026 3938 plurima
2049 3856 2244 3920 turbacione
2268 3857 2455 3928 didicimus,

434 3965 526 4046 quod
549 3963 594 4028 ita
616 3963 651 4028 in
674 3962 843 4045 plerisque
866 3961 1018 4046 partibus
1042 3961 1266 4027 ecclesiastica
1282 3980 1424 4026 censura
1440 3959 1630 4027 dissolvitur
1646 3965 1680 4026 et
1696 3960 1855 4027 canonice
1871 3962 2036 4026 sententie
2044 3961 2069 4044 ¹)
2094 3963 2253 4026 severitas
2269 3967 2456 4040 enervatur,

434 4073 472 4135 ut
502 4070 563 4134 viri
594 4068 740 4152 religiosi
764 4069 866 4132 ethii
891 4067 1044 4148 maxime,
1079 4068 1136 4150 qui
1158 4087 1219 4151 per
1243 4067 1331 4132 sedis
1355 4067 1536 4149 apostolice
1560 4067 1730 4151 privilegia
1753 4068 1872 4132 maiori
1895 4067 2009 4132 donati
2032 4069 2111 4131 sunt
2133 4066 2297 4148 libertate,
2331 4071 2456 4150 passim

434 4197 454 4241 a
478 4174 747 4240 malefactoribus
776 4176 846 4238 suis
876 4173 1014 4239 iniurias
1046 4173 1231 4238 sustineant
1259 4176 1292 4238 et
1319 4174 1466 4256 rapinas,
1499 4174 1579 4238 dum
1610 4175 1664 4238 vix
1691 4173 1869 4256 invenitur,
1901 4174 1958 4258 qui
1987 4192 2134 4257 congrua
2157 4174 2222 4238 illis
2245 4175 2456 4259 protectione

434 4282 611 4346 subveniat
634 4285 666 4346 et
689 4300 750 4364 pro
774 4280 917 4345 fovenda
940 4298 1125 4364 pauperum
1149 4279 1346 4345 innocencia
1369 4299 1405 4344 se
1428 4299 1558 4344 murum
1575 4279 1778 4346 defensionis
1795 4283 1953 4364 opponat.
1997 4279 2193 4362 specialiter
2209 4285 2322 4346 autem
2338 4281 2456 4346 dilecte

433 4387 469 4452 in
493 4388 624 4453 Christo
656 4387 724 4452 filie
748 4388 918 4452 abbatissa
942 4391 975 4452 et
997 4386 1160 4452 moniales
1183 4385 1375 4451 monasterii
1399 4387 1514 4450 sancte
1538 4386 1600 4450 Dei
1623 4386 1790 4468 genitricis
1814 4389 1848 4451 et
1870 4385 2006 4470 virginis
2029 4385 2132 4450 Marie
2157 4386 2307 4452 Leveren
2330 4387 2455 4452 Cister-

433 4495 555 4559 ciensis
576 4494 702 4558 ordinis
723 4497 756 4558 et
776 4497 893 4559 cetera.
933 4493 1055 4558 Datum
1078 4492 1177 4558 Reati
1196 4495 1233 4558 V.
1254 4493 1333 4558 Idus
1356 4492 1586 4578 Novenhris2),
1607 4492 1822 4576 pontificatus
1843 4493 1947 4557 nostri
1968 4512 2058 4557 anno
2078 4492 2206 4576 quinto.
2247 4493 2338 4571 Quas
2358 4493 2454 4556 vobis

432 4600 636 4684 precipimus
661 4619 826 4666 unacum
850 4599 1061 4684 presentibus
1086 4599 1245 4665 exhiberi.
1291 4598 1448 4664 Volentes
1470 4598 1569 4681 igitur
1592 4600 1750 4664 mandato
1774 4598 1965 4681 apostolico,
1995 4602 2031 4664 ut
2054 4600 2218 4678 tenemur,
2241 4599 2277 4665 in
2299 4601 2455 4666 omnibus

435 4705 581 4788 obedire,
604 4706 691 4771 inter
714 4709 823 4771 cetera
846 4707 1047 4786 continente,
1072 4707 1161 4789 quod
1183 4725 1249 4786 ece,
1273 4706 1331 4789 qui
1347 4706 1383 4771 in
1398 4724 1561 4790 personas
1578 4704 1658 4769 dicti
1674 4705 1868 4770 monasterii
1882 4705 1918 4769 in
1935 4704 2085 4770 Leveren
2101 4705 2454 4770 excommunicacionis

433 4815 491 4879 aut
506 4812 672 4878 interdicti
696 4811 894 4876 sententiam
917 4813 1183 4895 presumpserint
1205 4811 1426 4896 promulgare,
1450 4811 1478 4875 si
1494 4810 1570 4876 laici
1595 4810 1728 4892 luerint,
1752 4811 2107 4877 excommunicacionis
2131 4811 2299 4876 sententia
2320 4809 2454 4894 publice

434 4919 582 4985 accensis
606 4918 753 4984 candelis
776 4917 962 4983 monicione
985 4919 1148 5001 premissa
1171 4919 1401 5000 percellemus,
1432 4917 1561 4982 sivero
1585 4916 1694 4981 clerici
1717 4920 1772 4983 vel
1795 4917 1946 4983 canonici
1969 4936 2030 4982 seu
2054 4915 2208 4980 monachi
2230 4915 2363 4996 fuerint,
2395 4935 2454 4980 eos

432 5025 657 5110 appellatione
692 5027 820 5090 remota
858 5025 900 5090 ab
935 5023 1046 5088 officio
1078 5029 1112 5090 et
1143 5023 1306 5089 beneficio
1338 5022 1595 5107 suspendamus
1631 5024 1785 5090 neutram
1816 5023 1997 5088 relaxaturi
2027 5023 2240 5103 sententiam,
2276 5022 2380 5086 donec
2411 5023 2451 5086 de

431 5131 618 5198 commissis
647 5130 851 5196 satisfaciant
880 5133 1107 5213 competenter
1130 5133 1163 5195 et
1186 5131 1228 5195 ad
1252 5151 1312 5196 nos
1337 5134 1396 5196 aut
1420 5130 1462 5195 ad
1485 5130 1599 5194 sedem
1622 5129 1841 5212 apostolicam
1862 5127 2016 5196 venerint
2040 5128 2247 5210 absolvendi,
2282 5147 2320 5194 ac
2341 5127 2452 5210 ipsum

429 5239 626 5304 mandatum
655 5237 773 5320 exequi
801 5240 992 5303 reverenter
1020 5236 1115 5302 vobis
1137 5236 1173 5300 in
1195 5236 1319 5302 virtute
1344 5239 1458 5302 sancte
1482 5235 1676 5302 obediencie
1699 5238 1732 5300 et
1755 5235 1819 5301 sub
1842 5254 1930 5320 pena
1953 5235 2317 5314 excommunicationis,
2349 5252 2450 5315 quam

429 5344 467 5409 in
489 5364 548 5410 vos
571 5344 708 5412 ferimus
731 5344 766 5408 in
790 5343 855 5408 hiis
878 5343 1022 5427 scriptia,
1052 5344 1080 5408 si
1105 5343 1298 5408 mandatum
1323 5346 1485 5425 nostrum,
1515 5343 1617 5407 immo
1641 5341 1752 5407 verius
1776 5341 2007 5426 apostolicum,
2036 5340 2247 5424 neglexeritis
2270 5339 2449 5421 adinplere,
