5062 6776
443 399 509 467 328
1433 408 1501 463 rare

444 611 559 678 emita
581 608 750 674 Tethardo
773 605 877 671 milite
900 604 1092 687 supradicto
1115 622 1213 671 omne
1236 603 1299 683 ius
1323 603 1414 686 quod
1435 603 1554 674 habuit
1569 603 1621 668 vel
1650 623 1686 668 se
1702 603 1894 668 habiturum
1915 605 2062 687 speravit
2083 624 2144 687 per
2158 605 2283 670 obitum
2296 605 2429 674 lobannis

444 721 478 788 ct
500 716 616 784 matris
647 733 707 778 sua
736 710 980 778 antedictorum
1012 710 1047 773 in
1077 709 1170 775 curia
1203 708 1316 792 sepius
1344 709 1516 774 nominata
1539 710 1745 776 numerando
1774 709 1839 792 ipsi
1862 728 1925 793 pro
1949 709 2037 776 dicto
2060 709 2133 774 iure
2155 709 2245 775 XVII
2265 730 2386 793 marcas,
2405 719 2430 780 et

443 821 591 887 Elizabet
615 818 711 884 uxori
734 837 794 882 sue
818 816 881 882 IIII
902 815 1093 883 Bremensis
1116 815 1254 898 argenti,
1278 816 1312 883 et
1334 814 1381 879 sic
1404 815 1493 880 idem
1516 815 1705 884 'lethardus
1737 816 1836 882 cessit
1860 815 2016 880 omnibus
2040 815 2281 882 conditionibus
2301 819 2429 900 superius

443 927 624 1000 annotatis.
671 924 743 997 Hiis
767 923 880 1006 itaque
904 920 939 986 in
962 924 1078 989 nostra
1108 921 1276 1004 presentia
1310 923 1343 985 et
1372 920 1509 986 testium
1543 921 1586 986 ad
1616 922 1681 989 hoc
1708 924 1903 989 vocatorum
1936 920 2104 1004 infigura
2136 921 2247 986 iudicii
2273 923 2312 988 ab
2337 925 2430 989 eodan

443 1032 564 1101 abbate
591 1026 776 1117 propositis
806 1027 1010 1112 quesivimus
1042 1046 1062 1090 a
1090 1025 1304 1114 sepedictis2)
1338 1025 1492 1093 iohanne
1526 1028 1560 1091 et
1589 1026 1758 1094 Tethardo
1793 1025 1969 1108 militibus,
2004 1046 2049 1094 au
2075 1027 2197 1094 veritas
2231 1028 2431 1112 suffragaretur

443 1137 592 1204 narratis.
639 1132 753 1200 Atilii
776 1133 941 1214 dixerunt,
966 1132 1078 1198 omnia
1106 1135 1209 1216 prout
1237 1134 1371 1198 narrata
1398 1133 1496 1201 erant
1516 1151 1597 1199 vera
1624 1152 1714 1214 esse,
1742 1153 1779 1199 se
1809 1152 1943 1215 quoque
1971 1132 2125 1202 omnibus
2155 1135 2190 1200 et
2217 1133 2344 1216 singulis
2369 1154 2431 1200 cou-

443 1243 578 1310 sentire.
624 1242 776 1308 Dictante
805 1239 905 1323 igitur
931 1238 1112 1306 astantium
1141 1237 1307 1304 sententia
1335 1238 1519 1304 secundum
1550 1241 1636 1310 terre
1665 1239 1942 1308 consuetudinem
1971 1238 2084 1306 omnia
2109 1239 2272 1324 premissa
2297 1244 2432 1324 perpetua

441 1349 597 1416 tinnitate
620 1346 820 1430 gaudebunt.
859 1346 977 1412 Testes
1000 1346 1127 1410 adhoc
1149 1343 1256 1410 vocati
1278 1345 1312 1408 et
1334 1343 1438 1430 rogati
1460 1346 1540 1408 sunt
1563 1348 1625 1411 etc
1665 1345 1707 1410 Et
1729 1345 1771 1410 ad
1796 1345 1955 1412 maiorem
1970 1344 2210 1429 premissorum
2233 1346 2432 1413 certitudinem

443 1455 585 1538 sigillum
608 1454 758 1521 nostrum
781 1451 993 1537 presentibus
1017 1449 1207 1533 duximusl)
1231 1448 1502 1534 appendendum.
1548 1449 1671 1520 Actum
1695 1452 1727 1514 et
1750 1451 1864 1516 datum
1887 1469 1975 1516 anno
1999 1452 2032 1516 et
2055 1451 2108 1515 die
2133 1453 2301 1538 utsupra.

659 1557 679 1626 ¹)
700 1555 766 1628 Kop.
786 1557 962 1626 Winelburgi.
1000 1555 1023 1625 ¹)
1044 1553 1110 1625 ch.
1129 1554 1265 1622 sepedicti.
1303 1552 1326 1624 l)
1345 1554 1469 1606 duximus
1480 1553 1555 1624 setall
1570 1555 1607 1606 im
1626 1553 1694 1624 ch.

576 1645 741 1733 Abrchrg'ft
772 1645 826 1710 des
858 1642 908 1708 16.
930 1643 1040 1709 Jalrl.
1068 1646 1112 1706 im
1135 1640 1304 1708 Loccumer
1326 1640 1447 1728 Κορέαν
1477 1640 1510 1706 S.
1534 1641 1602 1706 242
1630 1639 1690 1704 Nr.
1713 1641 1790 1722 388,
1826 1644 1879 1708 dos
1904 1642 1955 1705 14.
1984 1647 2018 1710 tn
2047 1641 2124 1730 Kop.
2149 1639 2211 1721 III,
2242 1641 2312 1721 130,
2342 1642 2371 1707 S.
2394 1642 2434 1708 7.

657 1750 769 1835 Reqeu
790 1775 818 1814 v.
843 1749 1036 1834 Hcdcnbcrg,
1063 1746 1238 1832 Colenbcrp.
1270 1745 1336 1813 ΠΒ.
1361 1747 1457 1810 Aba.
1482 1746 1544 1825 III,
1571 1747 1605 1812 S.
1629 1747 1697 1812 223
1719 1746 1778 1816 Nr.
1802 1746 1879 1820 343,

1398 1911 1514 1988 1052.

443 2041 512 2112 Dic
540 2041 683 2111 Bntder
709 2038 888 2125 Heinrich,
915 2036 1054 2109 Jchurm
1088 2036 1159 2106 und
1186 2035 1344 2107 thhurd
1370 2057 1434 2106 con
1461 2034 1662 2131 Heuinghe
1693 2036 1896 2127 abachum
1929 2037 2006 2108 dem
2042 2037 2222 2108 nrtodacer
2248 2035 2437 2124 Dcmlccpitcl

1035 2141 1144 2214 curer
1170 2143 1209 2212 irc
1244 2141 1490 2213 Wictcrshcim.
1545 2141 1651 2214 1275
1679 2143 1784 2214 Mdrc
1810 2145 1870 2216 24.

550 2263 714 2329 Omnibus
737 2264 800 2327 hoc
823 2262 983 2343 scriptum
1005 2259 1126 2324 visuris
1151 2258 1328 2339 Henricus‚
1355 2257 1524 2324 lohannes
1548 2263 1581 2324 et
1604 2260 1793 2325 Richardus
1821 2260 1939 2326 fratres
1964 2261 2043 2326 dicti
2066 2261 2107 2326 de
2130 2260 2305 2343 Heuinghe
2325 2261 2355 2324 in
2376 2279 2437 2323 rem
2515 2289 2516 2338 t

444 2369 583 2436 salutari
607 2369 758 2434 salutem.
806 2367 857 2431 Ne
883 2384 994 2430 rerum
1021 2368 1190 2447 gestarum
1219 2365 1342 2430 noticia
1371 2384 1531 2449 processu
1558 2367 1718 2450 temporis
1747 2367 1782 2431 in
1805 2366 2007 2432 oblivionem
2034 2368 2164 2446 veniat,
2193 2368 2378 2432 consuetum
2398 2367 2436 2429 est
2515 2369 2516 2372 ’

444 2497 500 2540 eas
523 2475 642 2541 litteris
666 2472 876 2556 perhennari.
924 2471 1086 2536 Norerint
1108 2470 1205 2554 igitur
1234 2472 1301 2536 tam
1330 2470 1430 2536 futuri
1454 2491 1555 2554 quam
1578 2477 1767 2556 presentes,
1799 2473 1890 2556 quod
1917 2492 1979 2538 nos
2008 2473 2049 2536 de
2074 2491 2240 2538 consensu
2264 2491 2390 2536 urorum
2408 2490 2437 2532 ac

443 2582 604 2650 heredum
627 2583 815 2644 nostrorum
839 2578 925 2644 bona
941 2577 1085 2659 quedam
1109 2577 1143 2640 in
1160 2577 1324 2642 Witersen
1348 2577 1423 2657 sita,
1447 2597 1512 2660 que
1536 2579 1577 2643 de
1601 2598 1702 2644 manu
1718 2579 1921 2644 honorabilis
1943 2578 2005 2646 viri
2023 2579 2141 2646 decani
2164 2579 2302 2643 maioris
2323 2577 2437 2641 ecclesie

442 2687 623 2761 Mindensis
644 2686 679 2750 in
694 2685 827 2769 pheodo
847 2684 1056 2764 tenebamus
1081 2683 1288 2766 ..preposit0,
1317 2683 1465 2749 ..decano
1492 2685 1622 2766 totique
1650 2685 1796 2766 capitulo
1828 2684 1965 2749 ecclesie
1996 2685 2126 2766 prefate
2156 2703 2234 2749 curn
2263 2683 2349 2750 omui
2374 2681 2438 2746 iuris
2513 2699 2514 2732 1

442 2793 640 2875 integritate,
663 2791 778 2874 pratis
802 2790 908 2872 aquiS,
931 2790 1075 2871 pascuis,
1099 2789 1291 2853 nemoribus
1315 2792 1348 2853 et
1371 2789 1525 2855 omnibus
1548 2789 1620 2854 aliis
1643 2789 1852 2872 pertinentiis
1875 2790 1944 2854 suis
1953 2791 1980 2876 ¹)
2003 2809 2065 2874 pro
2088 2791 2219 2874 septem
2244 2789 2357 2854 marcis
2375 2787 2438 2850 Bre

442 2899 565 2963 mensis
590 2896 715 2980 argenti
738 2895 949 2960 vendidimus
978 2894 1050 2958 iure
1074 2898 1236 2977 perpetuo
1259 2895 1478 2978 possidenda,
1508 2895 1608 2960 nichil
1632 2896 1713 2962 iuris
1736 2895 1833 2961 nobis
1863 2896 1916 2961 vel
1942 2896 2101 2962 uxoribus
2130 2915 2189 2960 seu
2220 2897 2319 2960 etiarn
2340 2892 2438 2958 nostris
2513 2957 2514 2980 ,

442 3004 622 3068 heredibus
656 3003 691 3065 in
726 3001 808 3084 ipsis
838 3001 979 3083 amplius
1009 3002 1227 3065 reservantes.
1280 3000 1329 3064 Ne
1358 2999 1457 3082 igitur
1483 3021 1585 3086 super
1618 3002 1681 3066 hoc
1715 3002 1835 3084 aliquis
1863 3001 2051 3084 questionis
2086 3002 2264 3084 scrupulus
2286 2999 2383 3084 possit
2400 2998 2439 3061 in·

441 3111 615 3193 posterum
638 3107 798 3188 suboriri,
822 3109 1013 3189 presentem
1036 3108 1206 3189 paginam,
1230 3105 1309 3189 quia
1332 3106 1446 3188 sigillis
1470 3126 1636 3188 caremus,
1667 3107 1781 3190 sigillis
1804 3107 1925 3174 nobilis
1946 3108 2009 3172 riri
2037 3108 2079 3172 de
2103 3107 2198 3192 Hoya
2230 3127 2270 3172 ac
2292 3105 2395 3190 oppidi
2412 3103 2439 3168 iu

442 3215 634 3296 Nigenburg
656 3212 835 3297 petivimus
859 3212 1064 3276 communiri.
1110 3211 1220 3276 Huius
1243 3211 1291 3276 rei
1313 3213 1416 3278 testes
1441 3214 1536 3277 sunt:
1572 3213 1746 3279 Conradus
1769 3213 1933 3296 plebanus
1958 3213 1991 3277 in
2016 3213 2232 3296 Nigenburg;
2263 3211 2441 3278 Frithericus

442 3321 483 3385 de
506 3319 720 3404 Steygerden‚
742 3316 911 3386 Arnoldus
935 3319 976 3383 de
993 3318 1194 3403 Nigenburg,
1218 3317 1422 3382 Hertcherus
1446 3318 1487 3382 de
1510 3318 1637 3405 Bugen,
1660 3319 1830 3384 Arnoldus
1854 3319 2048 3400 Corlehahe,
2070 3319 2247 3384 Renoldus
2271 3319 2311 3383 de
2332 3318 2440 3394 Ostera,

442 3425 579 3504 milites3
614 3424 835 3490 Bemwardus
871 3425 911 3488 de
940 3424 1196 3504 Hemenhuseu,
1228 3423 1387 3490 Nicolaus
1422 3424 1591 3506 Vrydacb,
1626 3425 1784 3490 Nicotaus
1818 3425 1936 3506 Balke,
1968 3425 2098 3506 famuli3
2133 3425 2301 3492 Henricus
2328 3423 2441 3490 dominc

440 3531 540 3612 Jutte,
564 3531 828 3611 Volchrammus,
852 3529 1021 3596 Albernus
1045 3529 1176 3607 Stucke,
1200 3528 1399 3599 Godefridus
1424 3529 1802 3611 de,Var1e,R01dolfus
1826 3532 1868 3598 de
1891 3532 1992 3612 Lese,
2018 3532 2178 3596 Nicolaus
2202 3531 2246 3597 de
2270 3530 2441 3612 Sulinghen,

442 3637 654 3700 Hermaunus
690 3635 815 3713 Pistor,
855 3636 1009 3700 consules
1044 3638 1077 3702 et
1110 3634 1329 3720 burgenses²)
1368 3638 1401 3702 et
1434 3635 1490 3700 alii
1523 3656 1625 3718 quam
1658 3637 1783 3722 plures.
1836 3639 1955 3707 Datum
1990 3640 2023 3702 et
2057 3641 2169 3704 actum
2205 3655 2295 3704 anuo
2329 3633 2441 3702 Domini

439 3740 747 3822 M⁰.CC⁰.LXX⁰V⁰.,
772 3741 937 3807 dominica
961 3760 1026 3823 qua
1049 3744 1201 3808 cantatur
1223 3741 1351 3809 Letare.

654 3845 676 3915 ¹)
695 3848 751 3898 suis
771 3845 977 3916 nuclpctrcpeu.
1017 3845 1039 3914 ⁸)
1059 3847 1199 3915 burgensis
1218 3845 1263 3898 Or.

577 3933 630 3999 Or.
661 3937 704 3997 im
726 3933 798 4018 1191.
826 3931 928 4000 Sa-A.
961 3957 1000 4000 zu
1022 3934 1171 4012 Mhnatcr,
1203 3932 1357 4000 Fdrutent.
1392 3935 1518 3998 Mindon
1544 3931 1605 3996 Nr.
1629 3932 1683 3997 43.
1728 3931 1790 4000 Dc'c
1824 3934 1931 3998 beiden
1960 3931 2063 4021 Siegal
2091 3957 2149 3998 von
2174 3936 2234 4000 dm
2263 3933 2440 4019 Perpommt-
2513 4007 2514 4036 1

652 4041 780 4118 stretfeo
814 4039 865 4104 ab.
926 4037 1020 4104 deur.
1055 4037 1259 4117 Wdrdtwcin,
1298 4037 1385 4104 &cha
1421 4039 1495 4124 dubl.
1521 4037 1582 4118 XI,
1619 4038 1652 4106 S.
1680 4037 1735 4119 67,
1773 4039 1886 4126 Repeat
1907 4040 1986 4106 Meo.
2014 4037 2058 4118 II,
2083 4039 2176 4104 189α
2211 4039 2273 4107 Nr.
2297 4037 2361 4104 377
2391 4037 2445 4104 und
2513 4043 2514 4110 i

652 4169 678 4211 c.
703 4143 898 4230 Hodenberp,
923 4143 1028 4234 Ioner
1056 4143 1125 4207 UB.
1150 4144 1218 4210 Abt.
1249 4142 1337 4222 VIII,
1364 4143 1398 4208 S.
1424 4143 1468 4210 76
1490 4142 1550 4209 Nr.
1574 4141 1629 4228 97,
1653 4143 1794 4210 Hannon
1819 4147 1877 4230 pel.
1905 4145 2031 4231 Anzcc'p.
2053 4146 2106 4232 Jq.
2134 4145 2222 4211 1758
2248 4145 2282 4213 S.
2306 4145 2377 4212 914.

1395 4326 1416 4400 1
1502 4379 1511 4398 .

432 4447 565 4522 ¹Gener
592 4456 719 4522 noster
748 4474 871 4521 comes
900 4450 1022 4544 (Otto)
1061 4451 1107 4522 de
1136 4449 1379 4544 Ravensberg
1413 4323 1647 4540 9691636916
1675 4451 1736 4521 der
1771 4451 1932 4524 Urlcucde
1960 4451 2018 4522 des
2047 4451 2243 4522 Edethcrrn
2276 4447 2444 4523 Bernhcrd

969 4580 1033 4628 zur
1061 4557 1174 4648 lappe
1200 4557 1263 4646 scir
1289 4557 1347 4632 Ill.
1377 4555 1599 4644 Muricofcld.
1655 4554 1757 4627 1275
1785 4557 1867 4628 Mat
1894 4559 1926 4627 3.

571 4672 666 4740 Gedr.
703 4671 808 4759 Wests.
844 4672 911 4736 UB.
941 4670 1007 4751 III,
1038 4670 1070 4736 S.
1094 4671 1161 4737 496
1187 4670 1246 4739 Nr.
1270 4670 1347 4737 964.
1396 4671 1508 4758 Repeti
1537 4697 1565 4737 u.
1591 4697 1620 4736 a.
1652 4671 1686 4739 O.
1713 4669 1770 4751 IV,
1804 4671 1838 4739 S.
1861 4670 1930 4736 666
1957 4669 2017 4738 Nr.
2049 4671 2143 4750 1991,
2190 4671 2286 4760 Lr'pp.
2311 4665 2445 4758 Rapui·

653 4777 686 4844 S.
710 4776 777 4842 237
799 4777 861 4843 Nr.
885 4777 961 4842 369.

1395 4905 1508 4981 1054.

438 5028 516 5100 Dus
543 5029 794 5119 Johuunesslist
821 5032 860 5101 io
888 5031 1036 5102 Mindon
1076 5031 1236 5102 behundet
1263 5029 1449 5122 Bellepuop
1481 5033 1572 5102 eines
1600 5031 1740 5104 Slreitcs
1773 5033 1835 5104 mit
1863 5031 2025 5104 Gerhurd
2056 5054 2121 5104 con
2156 5033 2313 5106 Wclaede
2347 5049 2445 5119 tropen

859 5137 922 5207 der
957 5137 1072 5227 chtci
1100 5137 1182 5207 tiber
1208 5136 1427 5210 Ldaderetcc
1456 5139 1491 5208 in
1519 5135 1700 5210 Northen.
1756 5139 1852 5210 1275
1881 5139 1962 5212 Mai
1990 5141 2022 5212 9.

544 5253 708 5318 Omnibus
731 5273 870 5335 presens
893 5253 1054 5336 scriptum
1074 5253 1197 5320 visuris
1221 5254 1366 5320 decanus
1389 5257 1423 5320 et
1446 5253 1628 5336 capitulrun
1651 5253 1758 5319 sancti
1774 5256 1936 5321 lobannis
1958 5255 1994 5320 iu
2008 5255 2122 5322 Minda
2145 5257 2286 5322 salutem
2309 5251 2443 5322 inomni

432 5358 582 5424 salutari.
630 5359 702 5436 Que
726 5360 885 5440 geruntur
908 5360 1109 5442 intempore
1132 5379 1174 5424 ne
1198 5379 1273 5424 cum
1297 5362 1394 5443 lapsu
1418 5361 1577 5443 temporis
1601 5361 1797 5426 anemoria
1819 5361 1993 5426 bominum
2009 5366 2219 5442 evanescant,
2242 5362 2324 5446 poni
2346 5357 2444 5425 solent
