5112 6768
470 411 535 477 502
1467 431 1536 486 1296

470 626 601 708 Welpa,
633 624 803 705 Rodolphi
832 627 866 689 et
888 622 1032 689 Conradi
1061 626 1203 690 fratrum
1233 623 1395 690 nobilium
1426 625 1468 690 de
1492 624 1656 711 Depholte
1686 625 1792 709 sigilla
1823 627 2037 710 presentibus
2065 633 2145 694 suut
2167 651 2326 714 appensa.
2375 635 2493 698 Datum

469 753 559 799 anuo
584 731 715 797 Domini
738 729 884 796 MCCXC
908 733 1013 811 sexto,
1037 729 1072 794 in
1095 729 1149 795 die
1172 730 1347 797 beatorum
1371 730 1459 798 Petri
1484 735 1516 796 et
1539 731 1645 814 Pauli,
1669 732 1704 798 in
1728 733 1859 798 civitate
1882 734 2056 800 Mindeusi.
2298 752 2303 760 ·

686 839 706 904 ¹)
725 835 763 890 So
784 835 857 888 beuta
883 833 1022 905 Vorlupen,
1041 835 1093 888 root
1109 835 1270 890 castellanus
1288 853 1323 888 au
1343 836 1423 890 lesen.

603 925 772 1004 Abacbm'ft
801 924 986 992 corenam
1017 928 1051 988 in
1081 925 1157 990 Msc.
1192 922 1226 992 Τ.
1250 923 1304 1003 26,
1333 922 1440 1003 cont
1474 923 1509 990 S.
1532 922 1635 1010 37711‘.
1664 926 1729 990 und
1763 924 1798 992 T.
1821 925 1875 1006 36,
1905 929 1962 992 ool.
1985 926 2031 1006 II,
2063 928 2097 994 S.
2120 928 2185 994 264
2209 933 2254 996 im
2281 931 2356 1018 qu.
2391 933 2490 1000 Sc-n.

681 1055 720 1096 zu
744 1030 918 1097 Hannouer.

1429 1139 1539 1220 1573.

471 1271 615 1360 Biscbof
641 1269 775 1358 Dudoll
807 1291 870 1340 uon
899 1268 1047 1339 Mindon
1081 1268 1179 1356 toust
1212 1269 1295 1338 nuel
1322 1267 1446 1355 Hufcn
1478 1269 1515 1338 ln
1543 1267 1734 1358 Merteslo,
1769 1269 1825 1340 dte
1850 1269 1974 1357 frctllcr
2000 1293 2078 1341 zum
2113 1273 2414 1364 chlvprafemnnt
2439 1301 2491 1362 ‚ne-

467 1381 594 1468 ln'ntcn,
622 1399 687 1448 oon
711 1376 825 1448 Rttter
846 1375 997 1446 Florem
1023 1396 1086 1445 von
1105 1373 1314 1461 Dnnoerdcn
1344 1373 1414 1444 ond
1434 1375 1525 1446 Solm
1543 1373 1701 1446 Dtetrlclc
1727 1375 1854 1446 surdelt
1880 1377 1952 1447 unct
1978 1377 2135 1466 undanti
2162 1381 2212 1451 sle
2240 1381 2316 1451 dem
2337 1382 2493 1454 Dctllord

1124 1502 1185 1551 uon
1214 1478 1307 1552 Sion.
1363 1479 1513 1551 Minden
1541 1480 1643 1552 1296
1668 1481 1756 1552 Jnnl'
1784 1484 1840 1554 30.

576 1602 773 1684 Ludolphus
797 1600 856 1666 Dei
887 1599 991 1681 gratia
1014 1599 1195 1664 Mindensis
1225 1597 1363 1663 ecclesie
1394 1599 1571 1681 episcopus
1599 1600 1753 1664 omnibus
1782 1600 1846 1664 hoc
1869 1601 2031 1683 scriptum
2054 1603 2176 1668 visuris
2199 1608 2319 1670 notum
2342 1606 2489 1688 facimus,

470 1712 561 1794 quod
585 1729 647 1774 nos
671 1709 755 1773 duos
778 1726 924 1785 mansos,
956 1707 1013 1790 qui
1037 1705 1215 1788 vulgariter
1237 1705 1323 1769 hove
1346 1708 1517 1778 vocantur,
1548 1705 1631 1770 sitos
1654 1705 1688 1769 in
1713 1725 1831 1788 campo
1855 1707 1947 1772 iuxta
1970 1707 2135 1790 Mertesl0,
2160 1710 2216 1792 qui
2240 1710 2321 1776 olim
2344 1714 2491 1796 pertinu-

468 1820 564 1883 erant
587 1817 629 1882 ad
652 1813 886 1881 villicationem
909 1812 1074 1896 wygravii‚
1107 1811 1165 1894 qui
1188 1812 1295 1876 mansi
1319 1811 1446 1876 venditi
1469 1811 1604 1877 suerunt
1627 1809 1797 1878 Florentio
1822 1813 1864 1877 de
1887 1813 2114 1897 Dungberden
2137 1817 2234 1880 militi
2257 1821 2292 1882 et
2315 1817 2490 1883 Thiden'ro

466 1923 536 1989 filio
572 1943 633 1987 suo
669 1940 853 2002 eorumque
886 1919 983 1983 iustis
1018 1918 1207 1998 heredibus,
1245 1913 1287 1982 de
1319 1937 1483 1982 consensu
1513 1917 1647 2002 capituli
1675 1919 1778 1982 nostri
1808 1938 1871 2001 pro
1901 1920 2121 2002 quadraginta
2151 1923 2272 1987 marcis
2301 1923 2490 1990 Bremensis

467 2030 594 2114 argenti
621 2027 802 2093 reemimus
828 2045 890 2110 pro
920 2025 1111 2108 supradicta
1142 2023 1283 2106 pecunia
1313 2028 1345 2088 et
1374 2025 1542 2088 Dethardo
1571 2025 1612 2088 de
1641 2025 1722 2090 Slon
1750 2023 1847 2089 militi
1879 2027 2015 2108 suisque
2045 2025 2198 2110 legitimis
2228 2029 2408 2094 heredibus
2434 2053 2491 2114 pro

467 2139 650 2202 memorata
681 2153 821 2213 summa,
856 2153 916 2214 pro
945 2151 1012 2213 qua
1043 2129 1230 2212 reemimuS‚
1267 2131 1307 2195 de
1340 2150 1505 2194 consensu
1530 2129 1667 2213 capituli
1692 2129 1796 2198 nostri
1820 2131 2031 2197 vendidimus
2054 2153 2092 2198 ac
2114 2135 2226 2217 ipsum
2249 2135 2491 2202 infeodarimus

466 2244 508 2307 de
533 2241 659 2307 eisdem
683 2261 759 2306 cum
782 2239 843 2303 tali
865 2242 978 2302 tamen
1002 2237 1202 2318 conditione,
1231 2239 1323 2319 quod
1346 2255 1406 2300 nos
1430 2237 1482 2300 vel
1507 2237 1611 2302 nostri
1635 2255 1844 2302 successores
1866 2237 1918 2302 vel
1943 2238 2123 2321 capitulum
2148 2240 2323 2306 Mindense
2346 2244 2490 2326 prefatos

464 2367 599 2412 mansos
631 2366 777 2411 reemere
806 2344 990 2429 poterimus
1018 2345 1104 2410 infra
1132 2342 1308 2408 duodecim
1336 2362 1443 2407 annos
1474 2343 1631 2408 continue
1662 2346 1874 2408 occurrentes
1904 2363 1966 2427 pro
1989 2345 2106 2409 eadem
2130 2349 2271 2428 pecunie
2294 2353 2490 2432 quantitate.

463 2453 501 2519 ln
532 2453 628 2518 cuius
656 2453 705 2516 rei
732 2451 960 2517 testimonium
992 2453 1143 2516 nostrum
1173 2451 1208 2515 et
1239 2448 1376 2533 capituli
1407 2448 1511 2514 nostri
1540 2448 1647 2532 sigilla
1675 2449 1887 2531 presentibus
1916 2453 1995 2515 sunt
2023 2471 2183 2534 appensa.
2230 2455 2353 2521 Datum
2381 2457 2490 2522 Minde

463 2561 497 2626 in
522 2561 574 2625 die
598 2556 921 2624 commemorationis
945 2557 1051 2622 sancti
1075 2556 1170 2622 Pauli
1194 2574 1283 2620 anno
1307 2555 1440 2619 Domini
1466 2555 1641 2619 millesimo
1665 2555 1891 2622 ducentesimo
1916 2557 2130 2640 norrngesimo
2153 2563 2256 2626 sexto.

598 2663 693 2730 θεάν.
725 2661 922 2741 thrdtwein,
951 2660 1038 2726 Noua
1061 2662 1146 2726 suba.
1166 2659 1225 2738 IX,
1253 2659 1287 2726 S.
1308 2659 1361 2727 80.
1398 2659 1511 2746 Repect
1533 2659 1609 2723 Msc.
1634 2657 1678 2740 II,
1706 2659 1804 2740 189α,
1829 2659 1888 2727 Nr.
1912 2661 1988 2726 514.
2033 2661 2133 2728 Ueber
2154 2665 2314 2732 Merteslo
2336 2669 2397 2752 opt.
2422 2669 2491 2732 oben

679 2769 738 2836 Nr.
768 2767 861 2834 1566.

1423 2877 1534 2955 1574.

461 3009 613 3098 Bisclcof
625 3009 756 3096 Ludolf
781 3029 845 3078 con
864 3007 1013 3078 Mindon
1041 3005 1191 3096 uterquc
1218 3006 1294 3078 clem
1313 3002 1676 3182 ἰξὲᾇὲειιῖιάοιΐδὸιιιε
1695 3003 1795 3092 ane
1822 3005 1859 3075 in
1879 3003 1998 3076 Herse
2025 3005 2078 3076 uls
2096 3005 2293 3097 Eipcntnm.
2342 3009 2487 3080 Mindon

1382 3164 1388 3176 .
1482 3133 1544 3180 ιιιιι
1621 3165 1628 3180 .

595 3232 689 3298 Gedr.
714 3231 795 3294 nach
818 3231 885 3296 dum
913 3229 967 3293 Or.
991 3254 1017 3292 v.
1035 3228 1226 3314 Hodcubcrp,
1250 3227 1355 3315 Hoyer
1375 3226 1406 3290 U
1408 3227 1446 3292 B.
1465 3227 1560 3292 Abel.
1583 3224 1636 3304 Vl,
1664 3225 1697 3292 S.
1716 3225 1759 3290 19
1775 3225 1833 3293 Nr.
1850 3226 1903 3293 28.
1938 3229 2044 3295 Herse
2067 3232 2110 3294 iat
2123 3229 2387 3297 Kleinen-Heerse
2412 3231 2485 3297 Sll'.

678 3336 913 3422 Scbldraelbnrp
936 3341 980 3400 im
1004 3334 1292 3400 Hanniivercckm

1392 3460 1539 3540 totta.

460 3591 608 3682 Btscltos
630 3591 768 3679 Lndolf
788 3592 861 3661 und
888 3589 952 3660 dns
981 3589 1198 3680 Domlsopttel
1227 3587 1383 3660 crttdrcn
1410 3589 1483 3660 sicle
1510 3589 1576 3660 den
1602 3588 1740 3676 Gnoson
1759 3588 1920 3661 Gerlrord
1948 3591 2020 3661 nlrd
2049 3589 2122 3662 Otto
2149 3614 2215 3662 oon
2240 3594 2344 3684 Hoya
2369 3617 2482 3684 pepen-

458 3700 543 3771 r'lber
569 3700 681 3788 bereti,
716 3700 778 3768 mit
805 3699 952 3768 tundent
979 3697 1228 3787 Burpmonnen
1256 3695 1308 3766 bis
1335 3717 1412 3766 anna
1439 3694 1498 3769 26.
1526 3695 1602 3766 Jnll
1634 3717 1678 3765 an
1704 3695 1925 3786 besctwo'rcn,
1961 3696 2044 3768 class
2071 3697 2128 3768 dic
2163 3697 2260 3770 Veste
2288 3700 2483 3791 Steperbcrp

460 3808 521 3877 mit
546 3815 736 3895 prdssercnc
761 3805 887 3876 Recllte
915 3803 978 3874 der
1003 3804 1179 3874 ltrlndencr
1197 3799 1324 3873 Kircbc
1352 3803 1404 3873 als
1431 3802 1498 3873 den
1518 3801 1652 3889 Grofen
1676 3801 1807 3893 ceddre,
1836 3801 1917 3874 oder
1944 3803 2170 3874 anselmum
2195 3805 2378 3895 solpcndcn
2401 3808 2484 3896 Topc

967 3909 1033 3980 den
1065 3909 1201 3997 Grosen
1227 3931 1270 3979 an
1298 3908 1490 3998 ctbcrpebcn.
1547 3908 1697 3979 Mindon
1726 3907 1826 3980 1296
1851 3908 1928 3980 Joll
1955 3912 1988 3979 4.

570 4030 744 4094 Ludolffus
769 4029 828 4094 Dei
850 4029 959 4111 gracia
983 4027 1196 4111 episcopus1)
1221 4029 1254 4090 et
1277 4026 1460 4110 capitulum
1485 4025 1622 4091 ecclesie
1645 4026 1829 4092 Mindensis
1854 4026 2022 4092 nobilibus
2045 4028 2123 4092 viris
2142 4029 2293 4094 Gerardo
2318 4034 2351 4094 et
2375 4032 2481 4096 Ottoni

460 4136 637 4202 comitibus
654 4138 695 4200 de
711 4136 807 4218 Hoya
830 4136 971 4199 salutem
996 4153 1070 4198 cum
1088 4134 1217 4199 effectu.
1254 4131 1383 4214 Singuli
1407 4132 1611 4215 noverius2),
1635 4132 1726 4215 quod
1749 4132 1887 4216 placidis
1910 4132 1997 4198 inira
2020 4133 2156 4217 scriptis
2180 4155 2240 4217 per
2264 4138 2480 4202 venerabilem

460 4243 633 4307 dominum
673 4241 960 4324 archiepiscopum
995 4241 1210 4306 Bremensem
1246 4240 1331 4304 datis
1363 4239 1449 4303 inter
1478 4259 1539 4304 vos
1570 4243 1603 4303 et
1632 4259 1693 4303 nos
1725 4242 1758 4303 et
1788 4242 1936 4303 nostram
1965 4239 2173 4305 blindensem
2207 4241 2381 4308 ecclesiam
2409 4263 2479 4306 con-

459 4349 631 4430 sentimus,
664 4368 805 4430 quorum
836 4350 933 4412 tenor
963 4347 1040 4413 talis
1064 4349 1127 4411 est:
1160 4347 1285 4412 Omnes
1309 4345 1481 4411 castellani
1504 4345 1539 4408 in
1564 4347 1672 4410 castro
1696 4345 1876 4426 NienhusS,
1908 4365 2024 4410 omnes
2048 4347 2219 4412 castellani
2243 4349 2280 4412 in
2304 4349 2479 4430 Steslberg,

457 4475 574 4520 omnes
598 4454 803 4519 castellani'
794 4473 830 4518 m
852 4454 1066 4537 Wunstorpe
1096 4473 1211 4518 omnes
1235 4453 1407 4518 castellani
1432 4451 1534 4517 nostri
1556 4451 1592 4515 in
1615 4451 1750 4528 struem,
1774 4471 1890 4518 omnes
1914 4451 2084 4517 castellani
2109 4453 2245 4517 nostri
2235 4473 2272 4518 ιιι
2295 4454 2475 4536 Reyuberg

460 4581 576 4626 omnes
604 4561 690 4626 milit
693 4583 727 4625 es
763 4565 796 4624 et
782 4559 988 4625 ttamuli
979 4581 1014 4625 m
1045 4561 1107 4624 civi
1109 4563 1176 4624 tate
1208 4559 1372 4640 Lubecke,
1407 4578 1524 4624 omnes
1556 4558 1742 4624 militest
1708 4561 1742 4623 et
1769 4558 1922 4624 famuli
1912 4579 1947 4624 ιιι
1975 4558 2110 4624 civitate
2132 4559 2298 4624 Mindensi
2328 4545 2542 4866 iuvabunt!

461 4667 678 4732 nobiscum
670 4670 726 4739 rta
763 4667 854 4750 quod
886 4669 1018 4731 centum
1046 4686 1162 4731 sumus
1185 4665 1219 4729 in
1243 4685 1394 4746 numero,
1429 4667 1561 4730 sivero
1585 4683 1661 4729 cum
1685 4664 1780 4731 dictis
1805 4664 1992 4730 castellanis
2016 4684 2194 4730 numerum
2218 4684 2286 4732 nou
2310 4686 2479 4749 possemus

460 4774 611 4857 implere,
636 4775 719 4838 alios
743 4773 977 4839 ministeriales
1001 4775 1035 4837 et
1057 4772 1174 4837 fideles
1198 4773 1324 4854 probos
1347 4774 1381 4836 et
1402 4772 1541 4838 idoneos
1565 4771 1769 4837 adducemus
1793 4770 1862 4854 et1)
1887 4791 1963 4836 cum
1985 4770 2051 4836 illis
2068 4791 2247 4838 numerum
2261 4545 2542 4866 predictorumi

459 4880 727 4963 adimplebimus.
769 4880 853 4944 ltem
881 4881 947 4945 tale
971 4881 1034 4944 erit
1056 4879 1298 4944 iuramentum:
1333 4877 1404 4942 Nos
1429 4878 1625 4962 Ludolphus
1650 4877 1829 4960 episcopus
1854 4897 1929 4942 cum
1953 4880 2087 4942 centum
2110 4876 2274 4943 militibus
2297 4881 2331 4944 et
2354 4877 2477 4944 famulis

456 4985 653 5067 iurabimus,
681 4987 772 5068 quod
796 4989 941 5051 castrum
958 4983 1173 5068 steygenerg
1203 5004 1279 5050 cum
1301 4984 1419 5049 maiori
1442 4983 1573 5048 iusticia
1596 4983 1772 5066 proprium
1795 4983 1840 5048 sit
1864 4986 1978 5048 nostre
2001 4983 2140 5048 ecclesie
2167 4984 2352 5050 blindensis
2384 4993 2542 5068 quam

457 5091 558 5157 comit
559 5112 616 5156 um
633 5092 674 5156 de
691 5092 786 5173 Hoya
802 5092 858 5158 et
850 5112 885 5156 ιιι
901 5085 1038 5174 proprio
1055 5091 1159 5156 tundo
1176 5093 1251 5155 nost
1253 5111 1288 5154 re
1237 5090 1442 5155 tecclesie
1466 5089 1509 5155 sit
1495 5090 1718 5156 t.tundatum
1756 5088 1840 5154 Item
1864 5089 1893 5155 si
1917 5088 2037 5171 aliquis
2061 5088 2174 5155 existit
2197 5095 2317 5174 captus
2340 5091 2390 5156 rel
2412 5090 2474 5172 ιη’)

456 5197 629 5262 infirmitat
581 5198 831 5262 tteinventus
855 5197 965 5277 fucrit,
990 5197 1124 5279 quando
1148 5215 1168 5260 a
1190 5197 1382 5280 captivitate
1406 5196 1527 5261 liberat
1527 5216 1568 5260 us
1591 5195 1653 5260 fuit
1676 5199 1709 5260 et
1733 5197 1773 5262 de
1796 5194 1989 5260 infirmitate
1955 5197 2134 5276 tevusit‚
2157 5196 2383 5262 iuramentum
2405 5197 2473 5280 post

456 5305 517 5370 hec
541 5303 697 5387 erogabit
749 5304 875 5369 Omnes
904 5323 994 5383 ver,o
1024 5303 1080 5385 qui
1109 5323 1148 5367 ex
1177 5306 1317 5385 utraque
1348 5306 1443 5385 parte
1467 5303 1510 5366 ad
1534 5301 1727 5385 supradicta
1749 5301 1871 5385 placita
1895 5301 2030 5366 adducti
2054 5301 2189 5384 fuerint,
2213 5302 2356 5368 liberum
2379 5301 2470 5367 habe

456 5413 542 5476 bunt
573 5410 832 5476 conductumt
800 5413 832 5476 et
857 5411 956 5476 ducat
957 5430 1013 5475 um
1042 5429 1102 5493 pre
1125 5409 1293 5487 omnibus,
1322 5409 1379 5492 qui
1402 5427 1464 5493 pro
1486 5408 1583 5474 nobis
1607 5407 1734 5492 aliquid
1756 5408 1866 5476 facere
1889 5429 1949 5475 seu
1973 5407 2177 5474 detinuerint
2201 5407 2471 5488 dimittendum‘).
