5032 6796
1050 366 1118 422 1296
2044 356 2108 424 503

59 569 235 634 Preterea
264 566 293 632 si
323 585 384 630 nos
414 564 639 629 iuramentum
672 561 760 628 intra
792 559 917 646 nunc⁵)
945 563 979 627 et
1008 560 1099 628 beati
1135 560 1250 628 iacobi
1278 562 1422 646 apostoli
1456 563 1543 630 diem
1574 565 1757 633 crastinum
1792 585 1859 634 non
1891 567 2108 652 impleremus

60 673 164 738 sicut
187 671 346 756 superius
370 673 423 737 est
445 689 650 753 expressum,
675 688 736 734 nos
753 671 899 734 castrum
915 667 1127 752 Steygelberg
1150 668 1279 752 absque
1301 668 1370 733 ulla
1392 668 1610 752 impeditione
1626 674 1659 736 et
1676 672 1938 739 contradictione
1954 675 2108 758 sequenti

58 780 125 844 die
153 777 331 844 comitibus
355 777 397 842 de
421 776 516 860 Hoya
540 773 819 859 presentabimus.
858 773 899 839 Et
922 793 1024 858 super
1046 775 1098 840 his
1122 774 1340 841 observandis
1364 775 1583 860 quadraginta
1605 776 1727 843 milites
1750 781 1784 843 et
1807 779 1949 846 famulos
1972 781 2108 848 fideius-

59 905 171 953 sores
193 885 369 970 posuimus
394 883 489 950 dictis
512 881 701 963 comitibus
725 900 870 964 quorum
894 880 1028 948 nomina
1052 880 1135 966 ipsis
1158 880 1334 947 comitibus
1357 883 1392 946 in
1417 881 1532 948 litteris
1555 885 1635 948 sunt
1657 903 1824 968 expressa.
1870 887 1925 952 Ad
1947 887 2109 954 maiorem

59 993 180 1076 igitur
210 989 450 1075 premissorum
480 987 682 1072 placitorum
695 1053 697 1062 ,
711 987 915 1054 evidentiam
946 990 1063 1053 nostra
1090 986 1197 1070 sigilla
1226 987 1443 1071 presentibus
1474 992 1554 1054 sunt
1585 1009 1744 1074 appensa.
1792 992 1916 1058 Datum
1939 994 2050 1061 Minde
2072 995 2108 1062 in

57 1101 128 1165 die
157 1097 305 1164 Odolrici
329 1116 417 1163 anno
440 1095 574 1162 Domini
597 1094 833 1162 Meuxuvn

295 1201 316 1272 ¹)
334 1200 413 1255 stau
430 1200 465 1259 H.
503 1201 526 1272 ¹)
546 1202 643 1255 noritis
663 1199 693 1253 H
707 1199 776 1254 noct
795 1200 843 1253 der
866 1198 989 1267 Vorlape.
1028 1197 1051 1268 ⁸)
1070 1198 1112 1252 rel
1130 1199 1160 1252 in
1171 1198 1246 1268 scirit
1262 1197 1297 1252 H.
1336 1201 1357 1266 ⁴)
1377 1197 1415 1252 So
1434 1197 1468 1266 H,
1489 1199 1650 1271 liickenlrost.
1687 1202 1711 1270 ὅ)
1730 1203 1808 1258 hunc.

214 1290 309 1358 θεάν.
337 1315 365 1356 υ.
389 1289 585 1376 Hodenberp,
614 1287 720 1378 Hoyer
753 1287 824 1354 ΗΒ.
849 1285 982 1366 Amul,
1011 1284 1044 1351 S.
1067 1283 1132 1350 614
1164 1284 1222 1354 Nr.
1248 1284 1345 1352 1049.
1400 1284 1511 1373 Wepeo
1533 1289 1702 1356 Nienhuss
1726 1293 1820 1377 oerpl.
1845 1291 1921 1358 oben
1943 1292 2006 1360 Nr.
2029 1293 2106 1364 382.

290 1396 353 1462 Die
381 1395 514 1483 Vorlape
536 1420 563 1462 o.
589 1393 786 1482 Hodmberpe
808 1417 876 1460 war
896 1394 980 1459 aicit
1000 1394 1084 1458 mehr
1107 1393 1322 1478 uuszufindea.

1017 1591 1167 1671 1574b.

58 1722 293 1814 Erebiscbos
307 1721 472 1795 Giseiberi
498 1743 563 1794 von
582 1722 733 1793 Bremen
760 1720 876 1810 lcistet,
905 1721 951 1791 do
970 1719 1118 1809 Biscios
1132 1719 1298 1810 (lacticis)
1326 1741 1391 1791 voa
1411 1719 1562 1791 Mindon
1579 1720 1646 1792 den
1664 1722 1752 1794 nacla
1780 1724 1857 1796 dero
1875 1749 1918 1797 au
1936 1726 2105 1802 Hornem

57 1855 127 1902 am
154 1829 188 1904 1.
207 1831 284 1902 Juli
310 1829 476 1901 awiscben
503 1829 580 1900 dem
598 1828 749 1915 Biscbos
769 1828 840 1898 uad
867 1827 944 1898 dem
963 1825 1098 1915 Grascn
1125 1849 1188 1898 voa
1206 1825 1311 1917 Hopo
1337 1832 1569 1917 testpeseiateo
1592 1827 1757 1919 Vestrape
1784 1853 1897 1920 wepcn
1921 1834 1984 1906 der
2010 1833 2107 1910 Veste

61 1937 271 2026 Steierberp
296 1959 340 2007 au
366 1935 549 2008 leistendeu
576 1935 651 2007 Eid
676 1936 882 2025 oerweipert,
909 1935 970 2004 anit
996 1933 1141 2005 landari
1169 1935 1308 2005 itiitere
1335 1934 1401 2006 den
1419 1933 1504 2022 Eid,
1533 1934 1614 2006 dosa
1642 1934 1706 2006 der
1732 1935 1877 2028 Voirop
1903 1962 1949 2029 so,
1976 1943 2041 2015 wie
2068 1965 2107 2016 er

596 2041 719 2132 anpibl,
747 2041 1000 2131 abqescbloaaen
1026 2042 1162 2111 worden
1189 2041 1244 2110 ist.
1301 2039 1402 2112 1296
1428 2040 1504 2112 Juli
1531 2043 1591 2117 27.

184 2162 253 2226 Nos
282 2161 486 2227 Giselbertus
515 2160 577 2224 Dei
610 2161 717 2242 gratia
754 2161 869 2225 sancte
897 2159 1089 2226 Bremensis
1128 2158 1265 2224 ecclesie
1297 2158 1568 2243 archiepiscopus
1596 2161 1753 2226 omnibus
1787 2165 1957 2245 presentia
1986 2166 2107 2234 visuris

64 2272 197 2334 notum
230 2268 379 2349 iacimus,
411 2268 501 2350 quod
534 2267 570 2332 in
603 2266 682 2331 villa
718 2267 832 2331 Home
866 2265 1017 2349 proxima
1052 2265 1216 2332 dominica
1250 2266 1304 2330 die
1338 2268 1414 2348 post
1449 2265 1538 2330 diem
1573 2267 1662 2332 beati
1696 2268 1834 2334 loannis
1869 2271 2013 2356 baptiste
2045 2294 2107 2358 per

65 2397 137 2442 nos
164 2379 195 2440 et
220 2378 353 2439 nostros
381 2373 504 2438 milites
533 2373 619 2438 inter
647 2372 873 2438 venerabilem
902 2372 1072 2438 dominum
1104 2372 1298 2455 episcopum
1321 2372 1529 2437 Mindensem
1561 2376 1595 2436 et
1619 2374 1763 2439 nobilem
1788 2375 1896 2441 virum
1922 2378 2106 2446 Gerardum

66 2482 230 2548 comitem
262 2482 304 2546 de
328 2481 424 2562 Hoya
454 2499 556 2562 super
587 2480 695 2545 castro
719 2479 949 2562 Steigerberglr
980 2477 1090 2543 taliter
1117 2478 1224 2543 extitit
1248 2477 1453 2561 placitatum,
1487 2479 1579 2560 quod
1608 2479 1698 2544 idern
1721 2481 1899 2565 episcopus
1922 2484 2105 2552 Mindensis

67 2589 107 2653 in
141 2588 288 2654 crastino
318 2587 408 2652 beati
436 2585 553 2651 iacobi
591 2586 743 2651 eiusdem
777 2585 857 2650 anni
898 2604 974 2649 curn
1006 2587 1140 2650 centum
1168 2584 1330 2649 militibus
1358 2588 1392 2649 et
1418 2585 1589 2666 armigeris
1620 2587 1840 2653 existentibus
1871 2591 2105 2658 ministeriales

68 2694 273 2760 iuramentis
307 2694 350 2759 ad
382 2697 512 2759 sanctas
547 2692 705 2775 reliquias
741 2692 892 2757 obtinere
927 2692 1106 2768 deberent,
1133 2691 1224 2774 quod
1251 2690 1439 2774 predictum
1467 2694 1614 2757 castrum
1646 2693 1875 2776 Steigerberch
1904 2696 1939 2760 in
1970 2699 2106 2782 proprio

69 2802 183 2866 fundo
222 2820 282 2866 sue
322 2800 503 2865 Mindensis
539 2799 675 2864 ecclesie
711 2799 755 2863 sit
785 2799 972 2879 fundatum,
1008 2799 1040 2862 et
1071 2797 1161 2880 quod
1188 2797 1278 2861 idem
1309 2816 1420 2863 comes
1449 2798 1531 2862 nihil
1566 2799 1649 2864 iuris
1684 2801 1719 2863 in
1751 2800 1856 2866 fundo
1891 2803 1970 2868 dicti
2006 2806 2106 2870 castri

70 2909 291 2990 aliquatenus
326 2908 447 2971 retinet
475 2909 515 2982 ‚et
551 2905 613 2970 hoc
652 2905 787 2988 quidem
828 2905 938 2970 iurare
978 2905 1078 2969 debet
1113 2923 1189 2968 cum
1223 2904 1378 2969 omnibus
1413 2904 1482 2970 suis
1517 2905 1718 2986 castellanis,
1754 2907 1812 2989 qui
1851 2909 2016 2976 dominica
2051 2912 2105 2978 die

70 3014 239 3098 predicta,
274 3015 339 3079 hoc
366 3015 417 3078 est
447 3012 599 3095 proxima
627 3011 680 3076 die
710 3010 877 3076 dominica
906 3013 983 3094 post
1006 3011 1143 3076 loannis
1172 3008 1331 3093 baptiste,
1360 3012 1456 3075 erant
1483 3011 1535 3076 sui
1563 3010 1734 3077 castellani
1768 3013 1804 3077 in
1832 3017 1902 3080 suis
1933 3017 2048 3082 castris
2072 3022 2106 3085 et

72 3119 320 3186 munitionibus
359 3124 539 3200 morantes
578 3119 624 3184 ita
657 3121 780 3197 tamen,
819 3117 909 3200 quod
951 3137 1067 3181 omnes
1105 3116 1288 3196 castellani,
1328 3118 1386 3200 qui
1421 3117 1539 3182 eadem
1577 3117 1631 3182 die
1670 3118 1838 3185 dominica
1876 3124 1927 3187 sui
1966 3124 2105 3190 fuerunt

73 3227 261 3306 castellani,
301 3226 397 3291 simul
433 3245 548 3290 omnes
583 3225 741 3300 iurarent,
782 3224 816 3288 et
851 3224 879 3288 si
913 3223 1034 3307 aliquis
1073 3244 1113 3289 ex
1148 3223 1217 3288 suis
1252 3207 1441 3288 castellanis
1475 3223 1617 3289 termino
1650 3223 1829 3292 iuramenti
1862 3227 2014 3296 infirmus
2052 3234 2105 3299 rel

74 3335 197 3416 captus
222 3333 331 3414 fuerit,
358 3332 413 3397 ille
436 3334 513 3416 post
535 3332 741 3414 quindenam
764 3330 961 3413 proximam,
989 3335 1168 3413 postquam
1192 3349 1287 3396 suam
1310 3329 1537 3412 captivitatem
1561 3330 1614 3395 vel
1637 3329 1867 3400 infirmitatem
1890 3335 2005 3418 evasit,
2029 3358 2106 3421 pre·

75 3441 207 3505 dictum
237 3440 359 3504 laceret
387 3439 622 3517 iuramentum,
654 3439 687 3503 et
715 3437 762 3502 sic
792 3438 920 3520 absque
952 3437 1054 3503 dubio
1077 3457 1193 3504 omnes
1217 3440 1251 3501 et
1273 3435 1395 3517 singuli
1418 3436 1589 3502 castellani
1613 3437 1723 3502 iurare
1746 3440 1884 3522 debent3
1917 3447 1950 3508 et
1973 3445 2001 3508 si
2025 3447 2105 3510 tunc

75 3546 293 3611 centenarius
325 3565 483 3610 numerus
514 3546 550 3608 in
574 3544 643 3608 suis
667 3543 855 3608 castellanis
879 3543 1044 3609 defectum
1068 3545 1250 3626 pateretur,
1281 3543 1391 3625 ipsum
1416 3544 1584 3608 defectum
1608 3544 1765 3628 supplere
1788 3551 1903 3628 posset
1925 3570 1985 3632 per
2008 3551 2105 3617 mini-

73 3652 229 3717 steriales
260 3651 344 3716 alios
374 3651 441 3716 fide
472 3651 603 3734 dign0s3
634 3650 755 3734 quodsi
784 3651 892 3716 dictus
921 3651 1099 3733 episcopus
1129 3648 1163 3713 iu
1192 3648 1337 3713 crastino
1371 3647 1487 3714 iacobi
1519 3649 1672 3714 condicto
1703 3649 1739 3715 in
1762 3671 1901 3721 numero
1924 3656 2106 3724 iurantium

70 3757 238 3823 deficeret
261 3762 293 3822 et
318 3777 396 3840 non,
427 3761 465 3822 ut
488 3778 549 3840 per
572 3777 633 3822 nos
658 3759 691 3822 et
714 3760 843 3822 nostros
867 3756 991 3822 milites
1014 3757 1209 3839 placitatum
1232 3755 1303 3834 tuit,
1338 3755 1544 3838 procederet,
1581 3758 1725 3822 extunc
1748 3757 1819 3824 sine
1842 3760 1953 3844 aliqua
1974 3765 2105 3828 contra-

67 3864 223 3932 dictione
252 3864 305 3930 die
332 3864 482 3949 proxima
509 3863 664 3947 sequenti
691 3863 800 3928 dictus
830 3863 1008 3947 episcopus
1040 3860 1225 3947 predictum
1255 3864 1400 3926 castrum
1424 3861 1654 3944 Steigerbergk
1676 3864 1749 3929 sine
1775 3866 1842 3944 ullo
1865 3867 2104 3950 impedimento

68 3971 219 4055 debet1)
246 3971 385 4036 reddere
416 3970 564 4053 Hoyensi
591 3970 704 4035 comiti
733 3969 941 4053 supradicto;
973 3972 1006 4034 et
1035 3969 1099 4032 hoc
1126 3969 1215 4034 idem
1243 3967 1421 4050 episcopus
1450 3970 1484 4032 et
1513 3969 1732 4052 quadraginta
1759 3972 1880 4038 milites
1912 3977 1945 4039 et
1977 3975 2103 4059 famuli,

66 4097 222 4162 quorum
246 4079 382 4143 nomina
406 4076 668 4156 subscribentur,
696 4076 731 4141 in
755 4096 874 4141 manus
897 4079 1040 4156 nostras,
1071 4075 1235 4139 dictorum
1258 4074 1416 4140 comitum
1440 4075 1654 4158 Hoyensium,
1685 4078 1849 4143 nobilium
1874 4081 1914 4146 de
1939 4083 2104 4165 Depholte

65 4189 107 4250 et
133 4185 347 4274 quorundam
373 4187 562 4249 nostrorum
586 4184 728 4248 militum
752 4203 871 4248 manus
894 4182 1120 4266 promiserunt
1135 4181 1170 4245 in
1186 4179 1329 4245 solidum
1345 4180 1412 4245 fide
1430 4183 1518 4248 data.
1562 4183 1719 4248 Termino
1735 4205 1814 4250 vero
1831 4186 2104 4273 iuramentorum,

67 4293 143 4356 hoc
170 4295 222 4355 est
245 4291 389 4356 crastino
414 4291 539 4371 Jacobi,
568 4289 778 4368 adveniente,
809 4309 870 4354 nos
901 4289 933 4352 in
962 4288 1099 4372 propria
1129 4305 1284 4369 persona,
1308 4287 1486 4370 prescripti
1510 4288 1649 4354 comites
1674 4292 1706 4354 et
1729 4291 1859 4357 nobiles
1883 4312 1959 4358 cnm
1983 4297 2105 4361 nostris

64 4396 243 4462 militibus
268 4399 301 4460 et
324 4396 492 4479 armigeris
509 4397 544 4460 in
561 4397 632 4462 loco
649 4396 799 4459 Hornem
823 4395 865 4459 ad
888 4397 1039 4477 tempora
1062 4393 1186 4479 placita
1203 4392 1403 4476 deputatis2)
1428 4395 1677 4476 comparuimus
1694 4399 1802 4479 parati
1818 4399 1861 4464 ad
1877 4401 2105 4482 recipiendum

64 4505 267 4568 iuramenta
301 4523 419 4568 eorum
449 4507 482 4568 et
505 4503 646 4585 singula,
678 4504 779 4585 prout
800 4502 835 4566 in
858 4500 988 4583 placitis
1012 4500 1167 4583 superius
1191 4503 1241 4564 est
1264 4519 1469 4583 expressum.
1517 4502 1584 4566 Sed
1606 4502 1695 4567 idem
1720 4505 1899 4590 episcopus
1923 4507 2104 4574 Mindensis

64 4630 154 4674 cum
180 4609 248 4672 suis
272 4607 462 4674 castellanis
486 4608 627 4672 tonnam
650 4609 764 4691 placiti
788 4628 849 4690 per
871 4627 934 4672 nos
958 4610 990 4672 et
1013 4610 1146 4671 nostros
1170 4607 1292 4672 milites
1316 4607 1502 4672 ordinatam
1526 4608 1622 4672 nobis
1646 4611 1680 4674 et
1697 4610 1836 4676 Hoiensi
1862 4614 1974 4679 comiti
1990 4615 2104 4680 obser-

65 4737 155 4780 vare
186 4718 220 4780 et
250 4715 359 4781 facere
391 4717 605 4798 negaverunt.
652 4715 750 4780 Unde
773 4735 845 4794 nos,
876 4717 914 4778 ut
937 4715 1097 4780 maiorem
1120 4713 1220 4779 fidem
1244 4713 1357 4796 placiti
1380 4733 1441 4796 per
1464 4734 1526 4780 nos
1549 4717 1693 4781 ordinati
1716 4716 1911 4800 faceremus,
1942 4724 2104 4805 tanquam

71 4822 305 4886 ordinatorem
335 4825 368 4885 et
399 4820 613 4886 mediatorem
636 4820 751 4903 placiti
775 4841 850 4886 cum
874 4825 1006 4886 centum
1030 4821 1154 4888 nostris
1177 4820 1337 4885 militibus
1362 4823 1395 4884 et
1418 4821 1587 4903 armigeris
1611 4841 1725 4888 coram
1748 4825 1914 4906 omnibus
1944 4829 2001 4909 qui
2024 4831 2105 4894 tunc

70 4929 302 4994 interfuerunt
333 4928 476 5009 placitis,
512 4931 628 4992 nostra
656 4927 870 4992 exhibuimus
900 4929 1096 5009 iuramenta,
1132 4948 1198 5009 que
1228 4927 1359 5010 singula
1390 4928 1494 4992 nostri
1525 4927 1623 5012 sigilli
1652 4929 1835 4996 munimine
1867 4937 2103 5016 protestamur.

69 5034 221 5099 Nomina
251 5052 386 5116 quoque
408 5032 647 5098 fideiussorum
670 5034 732 5099 hec
755 5036 848 5099 sunt:
879 5034 1079 5100 venerabilis
1104 5033 1258 5098 dominus
1281 5033 1464 5099 Mindensis
1489 5035 1677 5118 episcopus,
1707 5037 1882 5102 Tidericus
1906 5040 1947 5104 de
1971 5041 2105 5105 Goden-

70 5141 182 5220 stede‚
219 5139 414 5204 Volcmarus
445 5140 487 5204 de
518 5141 741 5221 Godenstede‚
776 5140 995 5206 Wichbrandt
1029 5141 1071 5205 de
1100 5139 1374 5220 Harboldessum,
1410 5139 1587 5205 Heinricus
1616 5141 1657 5207 de
1684 5142 1808 5225 Bucen,
1845 5145 2038 5227 Lyppoldus
2063 5148 2105 5213 de

70 5244 264 5310 llandelslo
296 5243 465 5327 antiquus,
494 5245 574 5312 Otto
603 5247 737 5329 Trepel,
766 5246 892 5310 Statius
922 5247 964 5311 de
993 5248 1086 5327 Slon,
1115 5246 1284 5312 Gerardus
1313 5247 1353 5310 de
1382 5246 1519 5330 Campe,
1548 5247 1685 5329 milites;
1715 5248 1859 5314 ioannes
1884 5249 2105 5335 Camerarius,

71 5350 248 5415 Gunterus
271 5350 313 5415 de
338 5351 547 5433 Nyenborch‚
572 5352 741 5416 Gerardus
766 5352 807 5416 de
831 5352 1034 5436 Spenthore,
1059 5353 1271 5418 Hermannus
1295 5352 1337 5418 de
1362 5353 1443 5434 Lon,
1468 5353 1664 5420 Thidericus
1688 5356 1728 5421 de
1745 5356 1967 5436 Godenstede,
1992 5357 2106 5422 Ludo-
