5086 6768
1010 393 1185 450 1285-1286
2057 385 2124 452 423

34 647 39 655 .
94 593 248 658 misimus
270 591 409 674 insuper
432 590 623 656 memoratis
647 589 817 654 sororibus
840 592 874 655 et
897 609 957 673 pro
981 589 1304 671 eisplacitantibus,
1328 590 1429 673 quod,
1450 590 1479 655 si
1494 589 1599 654 forma
1614 590 1667 656 vel
1684 592 1762 656 data
1777 591 1949 660 literarum
1963 596 2125 662 mutanda

93 698 264 764 videbitur
292 698 326 762 in
354 698 537 779 posterum,
569 695 650 762 illud
680 695 838 760 faciemus
862 695 935 760 sine
965 695 1174 777 difficultate,
1204 695 1296 778 quod
1323 714 1343 761 a
1370 696 1467 762 nobis
1500 696 1600 762 suerit
1628 698 1844 780 postulatum.
1896 700 1981 766 Cum
2010 700 2125 786 itaque

97 807 290 872 contractus
313 805 401 870 bone
424 801 504 868 fidei
528 821 604 867 cum
628 800 748 885 puellis
772 801 911 867 inclusis
928 803 998 866 Deo
1022 802 1142 868 devote
1165 801 1388 868 servientibus
1411 802 1515 868 initus
1539 801 1666 868 nullam
1689 805 1807 868 merito
1824 805 1945 872 debeat
1960 808 2127 875 sustinere

97 911 337 995 calumpniam,
366 909 573 993 spondemus
601 908 725 974 eisdem
753 910 964 991 apponentes
992 910 1127 991 pactum
1156 907 1310 992 speciale,
1339 908 1431 992 quod
1462 908 1589 974 nnllam
1616 927 1718 992 snper
1741 910 1939 994 repetitione
1961 914 2125 981 bonorum

92 1018 207 1082 taliter
230 1017 442 1082 venditorum
465 1015 640 1099 pacientur
663 1015 705 1080 de
728 1017 840 1079 cetero
863 1014 1084 1097 questionem,
1108 1014 1210 1079 immo
1233 1014 1369 1096 litterae,
1391 1034 1451 1098 per
1475 1034 1559 1098 quas
1582 1015 1752 1081 molestari
1775 1020 1925 1100 possent,
1949 1018 1977 1084 si
2001 1019 2125 1086 luerint

94 1127 215 1188 contra
238 1142 295 1188 eas
318 1122 496 1206 inpetrata,
520 1121 607 1186 vires
631 1120 783 1204 cupimus
807 1123 842 1185 et
864 1121 1074 1186 decernimus
1098 1120 1228 1202 aliquas
1251 1139 1321 1185 non
1343 1118 1478 1202 habere,
1502 1121 1735 1186 renunciantes
1759 1141 1916 1206 expresse
1935 1127 2026 1191 omni
2042 1127 2124 1192 iuris

93 1229 262 1296 beneficio
290 1227 443 1294 canonici
471 1227 524 1293 vel
553 1227 670 1308 civiliS,
701 1227 864 1310 generalis
893 1226 962 1293 sive
992 1226 1156 1310 specialis,
1187 1227 1487 1293 consuetudinibus
1517 1230 1618 1310 atque
1646 1228 1836 1320 privilegiis
1866 1249 1927 1313 per
1956 1252 2023 1315 que
2046 1252 2124 1299 con-

91 1338 222 1400 tractus
249 1335 325 1401 talis
354 1333 477 1399 irritari
506 1336 622 1418 posset
652 1338 685 1398 et
713 1333 882 1417 sepedicta
910 1352 1041 1398 sorores
1070 1332 1280 1416 aliquatenus
1307 1333 1487 1400 molestari.
1540 1334 1660 1398 Testes
1688 1334 1789 1400 huius
1816 1336 1863 1400 rei
1894 1341 1986 1402 sunt:
2022 1337 2124 1405 frater

92 1441 267 1507 Johannes
289 1441 458 1525 supprior,
481 1440 583 1505 irater
599 1440 769 1505 iohannes
789 1441 903 1520 lector,
925 1439 1027 1504 frater
1042 1440 1214 1505 lohannes
1236 1442 1269 1504 et
1290 1438 1391 1504 frater
1406 1439 1565 1506 Albertus
1581 1441 1623 1505 de
1640 1441 1814 1524 Hamelen,
1836 1441 1939 1507 irater
1953 1443 2124 1511 lohannes

91 1549 136 1614 de
161 1547 332 1630 Heylbele
356 1551 390 1612 et
412 1547 515 1612 irater
539 1546 730 1612 Gerhardus
754 1547 795 1611 de
819 1547 927 1611 Verda
950 1545 1075 1612 ordinis
1091 1545 1343 1611 Predicatorum
1366 1546 1408 1610 de
1433 1547 1532 1611 domo
1548 1547 1729 1627 Mindensi3
1754 1547 1911 1613 dominus
1927 1549 2124 1616 Wilhelmus

92 1655 137 1718 de
163 1653 288 1721 Holthe
311 1653 516 1738 wicgravius,
541 1652 739 1737 Rychardus
769 1653 876 1719 dictus
899 1653 1034 1736 Vulpes,
1064 1651 1249 1734 Heyruicus
1274 1653 1316 1718 de
1340 1652 1584 1734 Duncgharden
1608 1655 1641 1718 et
1662 1653 1830 1721 lohannes
1855 1657 1896 1721 de
1919 1656 2124 1739 Barchusen,

92 1759 235 1839 milites;
266 1760 465 1838 Rychardus
492 1761 527 1825 et
553 1759 708 1823 iordanis
737 1758 816 1823 dicti
839 1758 963 1842 Vulpes
992 1758 1108 1824 etalii
1136 1779 1236 1842 quam
1268 1758 1383 1842 plures
1413 1759 1481 1825 fide
1512 1760 1612 1842 digni.
1660 1760 1784 1827 Datum
1814 1763 1847 1826 et
1878 1766 1989 1829 actum
2012 1763 2124 1829 Minde

95 1885 189 1932 anno
211 1865 343 1930 Domini
367 1864 696 1932 M⁰.C⁰C⁰.LX⁰X⁰X⁰.
721 1865 850 1948 quinto,
874 1866 909 1930 in
932 1864 1047 1948 vigilia
1070 1865 1251 1930 nativitatis
1275 1865 1407 1931 Domini
1431 1866 1538 1931 nostri
1559 1866 1662 1931 Jhesu
1685 1867 1820 1934 Christi.

232 1985 284 2055 Or.
314 1991 357 2052 im
380 1987 499 2052 Archiv
526 1989 579 2052 deo
606 1985 658 2053 Kl.
683 1985 828 2054 Locrum.
876 1985 928 2050 An
950 1990 1078 2052 cretam
1100 1986 1345 2071 Hanfeclrrrriren
1367 1989 1417 2054 die
1441 1989 1659 2076 besotddipten
1684 1989 1787 2077 Siepel
1808 1992 1862 2056 dea
1885 1991 2042 2078 Birclrofr,
2071 1995 2125 2060 dee

309 2092 523 2180 Domkapitelo
549 2094 616 2158 und
642 2095 697 2157 der
722 2091 823 2158 Stadt.
871 2092 966 2158 θεάν.
990 2117 1017 2159 υ.
1041 2092 1237 2180 Hodeoberp,
1269 2093 1475 2181 Calenberqer
1502 2093 1534 2159 U
1535 2095 1575 2163 B.
1604 2095 1702 2162 Abit.
1727 2094 1789 2176 ΙΙΙ,
1815 2095 1851 2162 S.
1873 2095 1941 2162 248
1963 2097 2023 2164 Nr.
2048 2099 2122 2167 448.

311 2201 381 2266 Zur
405 2200 504 2266 Sarte
525 2201 586 2285 opt.
610 2200 687 2265 oben
710 2197 770 2262 Nr.
796 2196 883 2264 1096
904 2200 971 2263 und
991 2211 1083 2265 unua
1106 2196 1166 2262 Nu
1193 2198 1288 2264 1343.

1057 2417 1167 2494 1327.

85 2544 241 2634 Bisclrof
269 2545 414 2637 Volqur'n
441 2567 505 2616 uon
524 2543 675 2616 Miudco
702 2541 812 2616 ertettt
838 2543 905 2614 deu
922 2543 1123 2720 Bejrglclrern
1151 2542 1539 2723 dgzgltinoriteolcirclre
1566 2547 1604 2616 in
1623 2545 1718 2618 soar
1744 2548 1843 2619 einen
1860 2548 2124 2640 curriptctpipeu

1032 2671 1099 2724 aas.
1253 2711 1260 2726 .

230 2767 285 2835 Or.
309 2771 353 2832 im
376 2769 449 2855 Kpl.
476 2766 583 2832 sr-A.
607 2789 646 2831 zu
671 2767 821 2844 Minrter,
848 2765 960 2834 Minor.
984 2769 1018 2830 in
1040 2765 1126 2833 Soert
1147 2764 1208 2833 Nr.
1234 2766 1276 2830 11
1298 2771 1356 2832 mit
1377 2768 1445 2832 dem
1471 2766 1574 2854 Sr'epel
1596 2791 1638 2832 arr
1662 2767 1985 2855 Perporneutetreifen.

1053 2964 1167 3042 1328.

91 3094 194 3184 Gra(
213 3094 287 3167 ouo
315 3116 378 3165 oon
396 3093 615 3184 Ruoeoslrerp
641 3092 816 3182 ubemrdpt
842 3092 903 3162 mit
921 3092 1162 3182 Zustimmuup
1179 3093 1290 3163 selmo
1308 3093 1470 3164 Bructero
1488 3093 1645 3184 Ludwip,
1675 3093 1838 3185 Proprias
1855 3116 1921 3167 ocu
1937 3118 1964 3167 s.
1983 3095 2123 3169 Jolrouu

88 3204 132 3273 io
163 3199 368 3290 umanum,
395 3201 508 3272 socer
537 3200 637 3270 Fron
664 3198 813 3288 Hedwip
838 3198 911 3268 und
936 3199 1050 3270 seiuer
1077 3198 1187 3270 suune
1214 3198 1399 3270 Hermann
1416 3198 1618 3272 canonicus
1636 3198 1864 3292 Leodiensis,
1896 3200 1980 3292 ouo,
2008 3203 2122 3274 Bern-

88 3309 185 3380 lrord
213 3308 284 3379 und
314 3305 462 3398 Ludwip
489 3306 565 3377 dem
593 3305 653 3377 Kt.
674 3304 890 3393 Morienletd
916 3305 974 3376 eiu
1003 3303 1074 3375 oct
1100 3305 1139 3375 iu
1158 3303 1385 3375 Ahmeulrorst
1411 3306 1460 3376 im
1478 3302 1674 3396 Kirchspiet
1694 3304 1806 3382 Oetdc.
1862 3305 1965 3381 1286
1990 3308 2122 3400 (1285)

996 3411 1137 3483 Jouuur
1164 3409 1225 3484 21.

202 3532 330 3610 Testes,
355 3532 413 3613 qui
437 3533 612 3615 presentes
635 3528 799 3613 emptioni
820 3528 1014 3609 intererant,
1037 3529 1084 3594 hii
1100 3531 1193 3594 sunt:
1217 3527 1432 3611 Eggehardus
1454 3529 1496 3594 de
1512 3528 1640 3610 Hfirne,
1664 3529 1828 3598 Ludollus
1850 3531 1966 3614 Nagel,
1989 3531 2122 3615 milites,

90 3638 270 3705 castellani
293 3637 325 3703 in
351 3638 582 3720 Ravensberg3
607 3636 782 3719 EgbertuS,
807 3635 1014 3700 Glselbertus
1038 3639 1072 3702 et
1095 3635 1314 3718 nmelungus,
1338 3634 1499 3701 officiales
1522 3635 1639 3702 nostri.

230 3759 325 3827 θεάν.
357 3757 463 3840 Wertf.
491 3757 562 3824 UB.
588 3754 650 3837 III,
678 3757 712 3823 S.
735 3755 799 3820 681
825 3755 884 3822 Nr.
908 3755 1004 3823 1304.
1050 3753 1119 3822 Der·
1142 3777 1260 3823 canon.
1278 3759 1379 3824 Leod.
1403 3761 1446 3823 iet
1468 3762 1533 3824 eine
1557 3757 1675 3824 Person
1696 3763 1754 3824 mit
1776 3761 1844 3826 ἅαη
1867 3760 1943 3826 oben
1958 3758 2123 3827 n'r.1294

308 3879 482 3952 percontere
504 3863 633 3951 Proprie
654 3886 713 3928 uon
739 3862 889 3951 Tonpero.
1975 3895 1977 3898 ·

1054 4044 1169 4121 1329.

91 4177 309 4266 Dompropst
339 4173 412 4246 Otto
439 4195 504 4246 ooo
533 4173 681 4244 Mindon
709 4173 866 4262 bestitipt
892 4171 963 4258 aus
982 4171 1166 4243 Ausucheu
1191 4171 1305 4242 seiuer
1330 4166 1480 4259 Brdder,
1509 4169 1592 4241 dces
1619 4171 1682 4242 dus
1708 4167 1765 4242 Kl.
1786 4170 1908 4244 Laide
1934 4173 2015 4242 ruet
2034 4170 2127 4260 Hdle

269 4282 308 4352 io
335 4279 488 4350 Mersch
515 4279 567 4350 bei
594 4279 715 4352 Laide
742 4300 816 4350 oum
846 4277 1062 4368 Domlcopitel
1086 4276 1226 4369 petronii
1253 4277 1322 4348 hut.
1378 4277 1551 4348 Neustudt
1578 4276 1677 4349 1286
1705 4276 1864 4349 Febrcur
1890 4276 1949 4353 26.

204 4415 382 4497 (Omnibus
413 4415 583 4500 presentia
611 4413 746 4498 vis)uris
770 4414 852 4480 Otto
877 4413 938 4479 Dei
965 4413 1071 4496 gratia
1105 4413 1297 4496 prepositus
1329 4412 1467 4478 ecclesie
1496 4412 1679 4478 Mindensis
1709 4417 1823 4479 tenere
1851 4412 2044 4480 memoriam
2076 4415 2125 4479 rei

88 4527 199 4608 geste.
243 4522 414 4588 Universis
438 4523 481 4586 sit
503 4527 631 4603 notum,
656 4523 757 4604 quod,
780 4539 857 4585 cum
881 4521 971 4585 curie
996 4521 1061 4585 due
1085 4519 1206 4600 (nostri
1230 4519 1365 4602 capituli
1388 4539 1495 4604 prope
1519 4519 1673 4602 Lodhe)n
1695 4518 1730 4583 in
1747 4517 1891 4602 planicie
1911 4539 1978 4602 que
1993 4519 2125 4586 Mersch

90 4629 219 4696 dicitur
247 4630 310 4694 site
339 4631 478 4712 propter
505 4626 734 4693 inevitabilem
758 4626 990 4692 necessitatem
1012 4625 1188 4691 vendende
1211 4626 1355 4692 fuissent
1377 4626 1410 4690 et
1433 4625 1529 4690 nobis
1552 4626 1631 4690 data
1652 4624 1720 4691 iam
1742 4626 1831 4691 esset
1854 4624 2009 4708 (facultas
2032 4625 2125 4707 ipsas

92 4735 340 4818 comparamdi,
364 4753 426 4798 nos
450 4733 654 4817 adplenum
678 4732 858 4814 certificati,
887 4733 978 4815 quod
1000 4735 1168 4815 emptores
1192 4731 1275 4796 nulli
1299 4731 1476 4798 conventui
1500 4751 1652 4796 sororum
1674 4731 1711 4795 in
1735 4731 1875 4796 Lodhen
1898 4732 1934 4796 in
1957 4730 2126 4814 emptione

91 4843 266 4906 bonorum
289 4839 481 4906 huiusmodi
503 4840 730 4922 p1·e(ponendi
754 4840 863 4904 forent
886 4839 1071 4905 secundum
1093 4840 1256 4920 ten)orem
1281 4838 1372 4920 pacti
1396 4857 1472 4902 curn
1495 4838 1579 4921 ipsis
1603 4837 1687 4919 initi,
1712 4837 1755 4902 ad
1778 4837 2069 4903 commonitionem
2092 4839 2126 4904 et

90 4967 217 5032 preces
233 4946 374 5012 fratrum
389 4951 580 5012 nostrorum
597 4946 722 5012 domini
736 4945 900 5010 Bemardi
916 4944 1079 5029 prepositi
1090 4943 1280 5009 Bremensis
1297 4945 1329 5007 et
1345 4942 1467 5008 nobilis
1484 4942 1543 5008 viri
1561 4943 1761 5026 (Burchardi
1775 4943 1905 5010 comitis
1918 4943 1973 5025 de)
1986 4943 2126 5028 Welepa

90 5056 227 5137 gratam
263 5056 295 5118 et
325 5057 433 5118 ratam
469 5052 647 5118 habuimus
676 5055 709 5118 et
739 5051 901 5118 habemus
930 5050 1157 5116 venditionem
1185 5049 1352 5114 curiarum
1379 5049 1561 5114 earundem
1593 5049 1716 5115 factam
1744 5049 1914 5113 sororibus
1942 5049 2125 5132 prelibatis,

92 5162 177 5242 (hoc
212 5159 449 5242 promittentes
484 5160 533 5241 in)
567 5158 634 5225 hiis
668 5158 811 5243 scriptiS,
847 5156 938 5241 quod
967 5177 1029 5241 pro
1057 5159 1168 5222 nostre
1196 5154 1426 5240 possibilitatis
1451 5156 1588 5220 modulo
1613 5174 1682 5221 non
1705 5155 1814 5222 solum
1836 5155 1872 5219 in
1894 5155 1992 5220 bonis
2015 5154 2126 5219 taliter

91 5265 221 5349 emptis
253 5267 321 5330 tam
349 5283 369 5328 a
398 5265 532 5331 domino
561 5265 720 5348 episcopo
749 5283 851 5347 quam
880 5283 900 5328 a
927 5265 1042 5328 nostro
1069 5261 1214 5346 capitulo
1243 5262 1434 5346 (Mindensi,
1473 5281 1573 5345 quam
1602 5262 1702 5328 etiam
1731 5263 1780 5347 in)
1811 5262 1886 5327 aliis
1924 5261 2021 5328 bonis
2059 5281 2126 5343 que

94 5372 276 5456 possident
299 5390 368 5436 non
390 5371 656 5455 molestatores1)
684 5370 769 5436 sacri
793 5372 978 5437 conventus
1002 5369 1062 5434 sed
1085 5369 1199 5452 potius
1223 5389 1296 5434 esse
1320 5369 1474 5434 volumus
1498 5370 1715 5452 protectores.
1738 5367 1777 5432 In
1800 5369 1895 5433 cuius
1919 5366 1965 5432 rei
1990 5366 2128 5432 certitu-
