5112 6768
360 381 364 388 ¹
436 413 506 486 534
1431 426 1499 482 1300

572 619 668 686 (terr.
691 620 772 683 noct
795 619 863 685 dem
890 618 943 686 Or.
967 623 1012 684 im
1034 619 1107 706 qu.
1134 618 1238 685 sn-A.
1262 643 1301 684 zu
1323 618 1500 700 Hannonem,
1533 611 1795 705 Boiaiaplroasen
1817 620 1877 689 Na
1903 616 1955 700 73,
1989 645 2018 686 r.
2041 620 2237 709 Hodcabergr,
2265 623 2463 710 caenam
2549 659 2550 672 ι

658 724 727 791 UB.
751 724 848 792 Abtlt.
873 722 900 804 I,
927 723 959 794 S.
982 723 1029 789 56
1052 723 1113 790 Nr.
1138 723 1191 792 78.
1237 724 1299 791 De
1324 724 1553 810 Stiftanyrurk.
1578 726 1633 791 der
1656 725 1782 811 Kopellc
1803 747 1862 790 oon
1883 725 1964 792 toni
1986 725 2029 791 13
2054 727 2172 793 etmda
2197 727 2231 794 S.
2254 728 2300 794 57
2323 727 2384 794 Nr.
2410 729 2461 795 79.

562 913 564 916 ¹
653 833 975 914 Helmcrcinghusen
1009 833 1063 917 lag
1098 831 1148 896 oa·
1180 830 1336 918 Epeatorf,
1372 832 1433 914 opi.
1469 832 1548 895 auct
1583 831 1736 896 Zeitsclrr.
1765 833 1819 896 dor
1846 832 1952 897 litator.
1988 829 2112 898 Vereins
2128 837 2195 917 sair
2216 833 2464 900 Nedmactsm
2549 885 2550 914 .

650 936 704 1024 ry.
729 935 816 1001 isar
841 936 875 1003 s.
900 935 974 1004 137.

1396 1095 1512 1178 1658.

437 1226 508 1300 Dic
538 1225 820 1315 Konfrotcrnitttt
846 1227 884 1296 in
913 1225 1183 1316 Bronnschweip
1208 1225 1459 1420 {ghimstfflrggt
1475 1225 1570 1401 'Idem
1592 1225 1814 1423 Illgogssnstift
1846 1227 1885 1297 tn
1914 1226 2064 1298 Mindon
2097 1227 2172 1298 aar
2200 1227 2465 1299 01111131ηο0-

1172 1354 1208 1402 sc
1289 1388 1295 1403 .
1503 1353 1565 1403 nnc
1685 1388 1693 1403 .
1723 1393 1730 1408 .

545 1451 716 1516 Johannes
741 1453 853 1514 custos
878 1449 1044 1532 ceterique
1068 1449 1252 1515 confratres
1276 1449 1489 1514 sacerdotalis
1513 1450 1791 1515 confraternitatis
1815 1449 1851 1516 in
1874 1450 2091 1516 Bruneswicb
2114 1451 2280 1532 omnibus,
2313 1452 2356 1516 ad
2379 1473 2464 1535 quos

439 1576 579 1641 presens
602 1557 763 1638 scriptum
786 1556 984 1640 pervenerit,
1007 1554 1147 1620 salutem
1165 1557 1199 1620 et
1215 1555 1449 1637 sempiternam
1466 1555 1502 1620 in
1519 1556 1662 1620 Domino
1678 1555 1853 1622 karitatem
1864 1557 1900 1642 ¹).
1939 1557 2104 1635 Quoniam
2124 1557 2269 1638 oraci02)
2285 1560 2320 1623 et
2334 1559 2469 1641 singula

437 1664 573 1747 pietatis
597 1682 698 1747 opera
722 1663 756 1726 in
778 1663 830 1726 sui
854 1662 1115 1744 participacione
1138 1681 1206 1725 non
1228 1662 1436 1742 minuuntur,
1461 1663 1519 1727 sed
1543 1663 1670 1728 fructus
1693 1683 1808 1728 eorum
1832 1665 1866 1728 et
1888 1663 2026 1728 effectus
2049 1663 2177 1746 integer
2198 1664 2234 1728 in
2257 1665 2398 1747 singulis
2414 1666 2465 1729 in-

436 1770 578 1850 venitur,
613 1770 766 1850 ideoque.
787 1769 906 1832 merito
938 1767 1146 1850 redarguitur
1175 1768 1309 1850 pietatis
1341 1768 1500 1846 defectus,
1535 1769 1563 1832 si
1586 1768 1621 1832 in
1644 1769 1710 1833 illis
1734 1769 1835 1833 rebus
1859 1770 2143 1835 communicandis
2172 1769 2283 1853 aliqua
2314 1775 2467 1836 servetur

436 1877 591 1958 parcitas,
625 1875 661 1938 in
693 1893 833 1957 quarum
857 1873 1095 1939 distribucione
1123 1893 1190 1938 non
1222 1873 1366 1938 violatur
1396 1872 1578 1956 integritas.
1626 1874 1713 1938 Hinc
1737 1876 1797 1956 est,
1821 1876 1913 1957 quod
1936 1875 2088 1940 volumus
2112 1895 2185 1940 esse
2208 1878 2339 1957 notum,
2374 1879 2468 1959 quod

437 1982 582 2065 quedam
605 1981 686 2046 unio
709 1981 796 2046 inter
820 2001 880 2046 nos
905 1982 938 2044 et
961 1980 1131 2044 dominum
1156 1982 1319 2045 decanum
1342 2000 1380 2044 ac
1403 1981 1588 2062 capitulum
1611 1980 1718 2045 sancti
1741 1981 1871 2045 Martini
1895 1980 1930 2044 in
1952 1981 2066 2046 Minda
2090 1986 2142 2047 est
2165 1983 2277 2048 taliter
2300 1984 2465 2060 ordinata

437 2088 528 2171 quod
551 2087 615 2169 ipsi
640 2089 673 2149 et
697 2106 812 2151 eorum
837 2105 1046 2151 successores
1070 2087 1175 2150 nostri
1195 2086 1377 2150 confratres
1400 2089 1480 2150 sunt
1503 2091 1537 2151 ct
1560 2089 1742 2171 participes
1767 2088 1889 2152 debent
1918 2107 1992 2152 esse
2022 2089 2171 2152 omnium
2199 2091 2231 2152 et
2254 2089 2465 2172 singulorum

436 2195 602 2259 bonorum
626 2212 763 2275 operum
787 2195 855 2255 tam
878 2193 913 2255 in
935 2194 1003 2256 vita
1027 2212 1129 2274 quam
1151 2193 1185 2256 in
1209 2195 1327 2273 morte,
1352 2213 1416 2274 que
1441 2194 1476 2256 in
1501 2193 1774 2258 confraternitate
1792 2198 1908 2259 nostra
1923 2213 2013 2258 nunc
2029 2196 2063 2259 et
2079 2195 2114 2258 in
2130 2195 2369 2277 perpetuum³t
2394 2194 2463 2278 dig-

436 2301 571 2365 nabitur
596 2298 776 2363 clemencia
792 2297 983 2372 Salvatoris
1008 2301 1040 2362 ct
1064 2317 1243 2362 econverso
1270 2319 1329 2362 nos
1353 2301 1386 2362 et
1409 2297 1515 2362 nostri
1538 2319 1747 2364 successores
1772 2320 1811 2363 ex
1835 2319 1923 2364 nunc
1952 2301 1984 2363 et
2005 2301 2042 2364 in
2058 2303 2260 2382 perpetuum
2278 2303 2463 2366 confratres

437 2408 472 2471 et
497 2425 629 2472 sorores
653 2425 767 2470 sumus
791 2406 942 2486 ipsorum
965 2407 999 2467 et
1021 2403 1200 2486 participes
1224 2404 1385 2468 debemus
1409 2423 1483 2468 esse
1507 2405 1657 2468 omnium
1681 2407 1714 2469 et
1738 2405 1944 2488 singulorum
1971 2406 2136 2470 bonorum
2168 2425 2310 2489 operum
2339 2407 2376 2471 in
2398 2407 2464 2470 rita

436 2513 564 2593 pariter
587 2511 676 2575 etin
700 2513 815 2590 morte,
852 2509 973 2592 quein
998 2509 1256 2591 congregacione
1281 2529 1394 2572 eorum
1417 2509 1503 2574 fiunt
1527 2512 1560 2574 et
1583 2509 1666 2574 fient
1689 2510 1948 2592 inperpetuum
1983 2512 2025 2576 ad
2049 2511 2183 2576 laudem
2207 2512 2335 2576 domini
2359 2513 2463 2576 nostri

436 2617 540 2683 lhesu
565 2617 698 2682 Christi.
745 2616 782 2679 In
812 2635 955 2698 quorum
983 2615 1131 2679 omnium
1162 2615 1297 2679 evidens
1328 2601 1555 2679 testimoninm
1590 2615 1735 2697 sigillum
1764 2621 1915 2681 nostrum
1946 2617 2157 2699 presentibus
2187 2621 2237 2682 est
2265 2637 2462 2701 appensum.

437 2723 561 2787 Datum
584 2743 671 2788 anno
695 2722 826 2786 Domini
853 2721 1026 2786 millesimo
1049 2721 1281 2785 trecentesimo
1306 2721 1422 2803 quinto
1447 2722 1574 2786 decimo
1598 2721 1765 2788 Kalendas
1788 2724 1879 2789 Julii.

653 2827 675 2897 ¹)
695 2828 787 2882 charit.
807 2827 838 2878 B.
877 2826 900 2896 ἱ)
920 2824 1004 2880 oratio
1024 2825 1049 2877 B
1066 2826 1120 2878 and
1135 2827 1226 2878 immor
1244 2830 1255 2877 t
1273 2833 1340 2878 rtott
1357 2842 1371 2878 c
1388 2843 1439 2878 vor
1457 2828 1480 2879 i.'
1513 2826 1536 2898 ⁸)
1556 2832 1583 2879 et
1600 2844 1629 2879 ιιι
1647 2833 1750 2896 perpet.
1769 2833 1796 2881 ot
1813 2843 1887 2882 nuno
1906 2828 1937 2881 B.

481 2949 490 2962 ·
569 2914 663 2980 Nacti
691 2916 767 2978 Mac.
794 2915 818 2993 l,
851 2915 923 2994 111,
955 2913 989 2980 S.
1014 2913 1059 2978 42
1089 2916 1147 3000 (A)
1182 2916 1249 2978 aad
1277 2916 1354 2978 Mac.
1382 2913 1409 2993 I,
1440 2912 1514 2992 110,
1545 2915 1693 2985 10118υ
1725 2915 1779 3000 (B)
1814 2920 1859 2980 ino
1886 2916 1960 3002 Kpl.
1990 2915 2096 2982 St-A.
2126 2939 2166 2981 aa
2195 2917 2347 2982 Mamer.
2395 2915 2465 2979 Das

651 3021 769 3085 Datum
790 3021 878 3086 breti
898 3021 1095 3106 zweifcllraft
1119 3044 1150 3086 er
1174 3020 1259 3085 kann
1282 3021 1363 3084 arnob
1386 3024 1420 3084 in
1445 3020 1531 3085 1305
1554 3021 1634 3085 Junc'
1654 3021 1701 3083 22
1723 3023 1903 3103 aufhaldaen
1925 3026 2000 3088 aeia

1396 3254 1510 3331 1659.

445 3383 515 3456 Vor
550 3381 640 3454 Giso
674 3382 960 3454 archidiaconus
1000 3381 1038 3452 in
1073 3381 1224 3452 Aldhen
1265 3382 1354 3452 wird
1389 3381 1561 3470 tenendo,
1604 3381 1688 3452 dass
1729 3382 1792 3453 der
1826 3359 1960 3454 Pleban
1989 3383 2028 3452 in
2060 3381 2192 3453 Sitioen
2227 3383 2318 3454 noch
2353 3385 2466 3455 scirtar

436 3491 574 3579 etpcncn
601 3489 756 3579 Anssopc
782 3490 859 3560 lccin
887 3489 996 3560 Recht
1026 3512 1070 3560 on
1098 3491 1180 3558 awai
1208 3488 1328 3577 Hofen
1355 3490 1393 3558 in
1420 3487 1619 3579 Eydensen
1644 3487 1727 3559 habe
1759 3488 1946 3579 pepentbcr
1979 3488 2056 3559 ἀειιι
2082 3485 2138 3559 Kl.
2167 3486 2465 3580 Borstophoasca.

1320 3593 1418 3664 1300
1444 3594 1520 3664 toll
1548 3597 1581 3666 4.

573 3711 668 3777 Gedr.
697 3713 778 3776 narb
805 3713 873 3775 dero
901 3712 955 3777 Or.
984 3737 1010 3776 o.
1036 3671 1231 3796 Hodenberp,
1270 3710 1471 3795 Colmtherqer
1505 3708 1572 3773 ΠΒ.
1603 3709 1637 3774 S.
1661 3710 1706 3774 58
1734 3709 1792 3777 Nr.
1817 3709 1870 3777 80.
1917 3712 2084 3778 Eidensen
2111 3711 2198 3774 nicht
2225 3709 2465 3797 Eidinytamm
2549 3665 2550 3670 ¹

651 3817 709 3882 Kr.
741 3819 875 3894 Mindon,
911 3820 1041 3882 condem
1078 3816 1225 3902 Wairtoop
1258 3817 1306 3881 tei
1332 3816 1469 3896 Gestorf,
1505 3817 1564 3902 opt.
1598 3818 1647 3880 dia
1676 3816 1910 3902 Bemerkunpen
1940 3840 1980 3881 zo
2007 3815 2067 3882 Nr.
2090 3815 2158 3882 699
2191 3819 2260 3882 aad
2290 3819 2467 3904 ribertaupt

651 3923 722 3988 oben
744 3923 806 3988 Nr.
833 3923 928 3989 1629.

1392 4086 1511 4162 1660.

436 4212 591 4301 Bisclrof
617 4210 751 4301 Isodoll
781 4235 845 4283 oon
880 4214 1029 4283 Mindon
1069 4212 1274 4303 ocrpfdnclet
1315 4213 1392 4282 dem
1426 4211 1575 4302 lardwtp
1608 4233 1672 4283 oon
1703 4212 1918 4301 Enpelbostel
1955 4212 2028 4284 ond
2061 4213 2160 4284 Fron
2193 4213 2373 4286 Elisabeth
2411 4215 2465 4285 dia

964 4318 1160 4390 Villttotion
1187 4319 1423 4407 Rooncnbcrp.
1479 4319 1628 4389 Minaei
1656 4321 1751 4390 1300
1776 4318 1853 4389 Jott
1881 4317 1944 4393 28.

544 4439 613 4503 Nos
646 4437 807 4502 Ludolfus
838 4437 899 4500 Dei
929 4438 1032 4518 gratia
1063 4437 1243 4502 lllindensis
1279 4437 1420 4500 ecclesie
1453 4436 1630 4520 episcopus
1658 4439 1774 4502 tenore
1804 4435 2010 4519 presentium
2033 4439 2269 4520 protestamur,
2306 4439 2401 4520 quod
2426 4440 2467 4503 de

437 4564 602 4609 consensu
626 4543 762 4626 capituli
787 4544 890 4608 nostri
915 4544 1093 4609 Ludewico
1118 4545 1159 4607 de
1183 4543 1523 4625 Endelingeborstele,
1547 4542 1695 4606 Elizabet
1719 4541 1814 4606 uxori
1837 4563 1897 4608 sue
1914 4561 1952 4607 ac
1968 4542 2064 4608 iustis
2079 4543 2259 4607 heredibus
2278 4546 2467 4608 eorundem
2549 4609 2550 4620 ,

435 4649 670 4715 villicationem
694 4654 841 4714 nostram
865 4651 899 4714 in
924 4651 1143 4732 Renneberge
1167 4669 1243 4714 cum
1267 4649 1421 4714 omnibus
1444 4649 1514 4712 suis
1537 4648 1756 4730 proventibus
1779 4669 1840 4731 pro
1865 4649 2017 4714 ducentis
2034 4651 2067 4714 et
2082 4648 2327 4732 quinquaginta
2342 4651 2467 4714 marcis
2549 4645 2550 4650 ’

435 4756 624 4821 Bremensis
660 4757 787 4839 argenti
821 4756 919 4821 titulo
950 4756 1099 4839 pignoris
1130 4755 1358 4838 obligavimus,
1394 4754 1452 4819 tali
1484 4755 1672 4821 conditione
1703 4754 1941 4820 nichilominus
1970 4756 2155 4834 interiecta,
2191 4757 2284 4837 quod
2307 4775 2369 4822 nos
2393 4757 2467 4820 sive

436 4861 541 4926 nostri
564 4882 772 4927 successores
796 4863 882 4927 infra
905 4862 1025 4927 festum
1051 4863 1177 4927 Pascha
1201 4865 1236 4924 et
1259 4864 1408 4926 octavam
1433 4861 1671 4926 Pentbecostes
1695 4862 1837 4926 eandem
1859 4861 2095 4927 villicationem
2116 4880 2315 4944 recuperare
2339 4863 2467 4944 poteri·

435 4988 511 5033 mus
546 4987 608 5050 pro
644 4967 760 5032 eadem
791 4970 934 5051 pecunie
965 4971 1162 5051 quantitate.
1208 4968 1366 5032 Preterea
1390 4967 1418 5032 si
1440 4967 1530 5032 idem
1554 4966 1755 5032 Ludewicus
1777 4967 1830 5032 vel
1854 4967 1906 5032 sui
1931 4966 2071 5032 heredes
2095 4967 2238 5050 predicti
2260 4969 2467 5032 necessitate

435 5075 573 5156 urgente
597 5095 691 5139 suam
712 5075 888 5156 pecuniam
904 5075 1063 5139 rehabere
1080 5075 1310 5154 decreverunt,
1334 5073 1474 5137 eandem
1492 5073 1727 5139 villicationem
1744 5073 1942 5161 cuicumque
1958 5072 2121 5138 volueriut
2139 5073 2288 5155 obligare
2303 5077 2467 5156 poterunt

435 5200 498 5263 pro
528 5181 671 5262 pecunia
698 5181 853 5263 superius
882 5185 1074 5246 memorata.
1120 5181 1158 5244 ln
1187 5181 1282 5245 cuius
1309 5181 1358 5244 rei
1388 5179 1618 5244 testimonium
1647 5198 1785 5263 presens
1809 5179 1969 5262 scriptum
2000 5181 2115 5244 nostro
2139 5181 2173 5244 et
2195 5179 2332 5262 capituli
2355 5183 2465 5244 nostri

435 5286 550 5370 sigillis
584 5288 737 5353 duximus
772 5287 1006 5352 roborandum.
1054 5290 1177 5354 Datum
1204 5287 1317 5351 Minde
1345 5305 1434 5350 anno
1463 5285 1597 5352 Domini
1627 5285 1802 5350 millesimo
1827 5286 2073 5366 trecentesimo,
2108 5285 2144 5348 in
2168 5285 2223 5350 die
2246 5285 2465 5351 Pantaleonis

433 5393 588 5457 martiris.
