5058 6792
1058 489 1127 545 1258
2050 481 2116 546 205

96 685 277 752 Ludolfum
304 685 395 766 Post,
424 683 619 750 celerarium
648 683 786 748 ecclesie
814 685 927 749 nostre
951 685 984 748 et
1007 682 1290 750 obedienciarium
1319 686 1485 750 bonorum
1510 686 1752 770 Landesberge,
1776 690 1810 753 et
1834 688 2006 754 dominum
2029 689 2117 754 Con-

95 792 217 857 radum
240 791 447 856 sacerdotem
469 791 506 856 in
528 788 839 855 Theflroltenhusen
863 788 1068 873 aliquamdiu
1091 790 1223 874 questio
1244 793 1433 857 moveretur
1455 811 1557 877 super
1579 792 1716 858 decimis
1733 793 1819 859 dotis
1835 793 1972 860 ecclesie
1988 796 2118 880 prefate

95 901 129 964 et
150 899 283 977 domus,
306 897 343 962 in
365 917 432 980 qua
455 898 604 961 moratur
625 894 793 961 Walterus
817 895 988 976 Hellevur,
1011 895 1166 962 etunius
1190 915 1266 962 case
1289 897 1417 962 decima
1438 897 1562 964 ibidem
1584 899 1647 964 site
1670 902 1704 965 et
1726 918 1828 965 censu
1852 900 1972 966 domus
1993 900 2117 968 Osten-

96 1006 192 1087 dorp,
228 1001 435 1087 quaomnia
464 1003 507 1067 ad
535 1001 766 1067 obedienciam
794 1001 873 1066 dicti
897 1000 1062 1086 L(udolfi)
1090 1002 1260 1085 pertinere
1287 1004 1498 1086 videbantur,
1533 1004 1734 1088 prudentum
1769 1005 1915 1071 virorum
1950 1007 2117 1073 mediante

97 1109 236 1178 consilio
259 1107 460 1192 composicio
483 1107 560 1174 talis
583 1107 779 1189 intercessit,
803 1107 895 1189 quod
917 1126 980 1172 nos
1002 1107 1138 1190 prefate
1153 1109 1292 1174 ecclesie
1312 1109 1579 1176 Theflroltlrnsen
1601 1111 1747 1194 prefatas
1771 1111 1917 1178 decimas
1933 1113 1966 1177 et
1981 1132 2118 1179 censum

94 1217 213 1283 domus
236 1215 366 1300 prefate
390 1214 561 1298 sepedicto
585 1211 759 1297 L(udolfo)
783 1212 1018 1279 consenciente
1041 1215 1104 1280 suh
1128 1233 1241 1280 annua
1263 1215 1457 1299 reliquimus
1479 1217 1642 1299 pensione
1665 1236 1783 1282 novem
1805 1217 1987 1284 solidorum
2002 1219 2117 1284 Mona-

95 1320 309 1387 steriensium
332 1323 367 1385 et
390 1318 698 1402 osnaburgensinm
732 1318 945 1384 denariorum
974 1318 1010 1384 in
1038 1322 1155 1385 octava
1185 1321 1274 1388 beati
1297 1323 1431 1388 Martini
1458 1323 1547 1388 dicto
1571 1323 1740 1407 L(udolfo)
1763 1324 1816 1390 vel
1840 1324 1975 1390 cuilibet
1997 1324 2061 1390 sibi
2082 1326 2118 1389 in

97 1426 294 1494 obediencia
317 1426 510 1492 succedenti
534 1424 632 1492 annis
655 1425 794 1508 singulis
817 1425 1064 1506 solvendorum,
1099 1426 1192 1491 nulla
1215 1428 1354 1494 ecclesie
1378 1431 1490 1494 nostre
1513 1429 1566 1495 vel
1590 1430 1759 1512 sepedicto
1783 1428 1956 1516 L(udolfo)
1979 1430 2030 1496 vel
2054 1431 2118 1497 sibi

96 1533 355 1600 succedentibus
377 1533 412 1598 in
432 1552 494 1598 sua
515 1531 709 1598 obediencia
731 1530 891 1615 deinceps
915 1535 1083 1598 reseruata
1098 1535 1265 1620 potestate
1280 1536 1347 1601 tale
1364 1535 1488 1600 factum
1502 1535 1700 1602 immutandi
1717 1537 1768 1602 rel
1785 1537 1904 1602 dictam
1922 1537 2118 1628 pensionem

96 1639 345 1724 augmentandi,
380 1638 541 1722 quamdiu
574 1637 762 1722 prescripta
790 1638 908 1720 pensio
935 1638 1073 1721 singulis
1097 1639 1193 1704 annis
1217 1659 1236 1704 a
1259 1641 1486 1707 sacerdotibus
1509 1640 1733 1707 officiantibus
1757 1642 1932 1708 ecclesiam
1954 1644 2118 1726 prefatam

96 1746 192 1810 fuerit
220 1745 403 1830 persoluta
450 1745 494 1811 Et
521 1745 586 1810 hoc
612 1743 823 1827 presentibus
853 1742 971 1810 litteris
1001 1744 1119 1828 sigillis
1147 1745 1273 1811 nostris
1303 1746 1440 1830 signatis
1470 1749 1704 1830 protestamur.
1751 1748 1873 1815 Datum
1896 1749 2007 1815 Minde
2030 1769 2119 1816 anno

96 1852 228 1918 Domini
252 1850 516 1932 M.CC.L.VIIl⁰.‚
538 1851 574 1915 in
596 1849 709 1933 vigilia
731 1849 974 1933 assumpcionis
997 1853 1111 1916 sancte
1134 1852 1247 1917 Marie.

311 1957 332 2026 1)
353 1957 497 2010 lietbertus
516 1955 583 2027 Kop.

224 2044 391 2126 Adrobrift
416 2046 471 2110 dea
498 2044 549 2112 14.
580 2044 634 2108 ιΙΙι.
669 2047 702 2108 in
726 2043 803 2107 Mac.
834 2040 905 2123 VII,
935 2043 1034 2123 2401,
1066 2043 1099 2109 S.
1123 2043 1170 2108 56
1202 2048 1246 2108 im
1272 2044 1348 2132 Kpl.
1382 2043 1488 2112 sa-A.
1522 2069 1562 2110 zu
1592 2047 1740 2114 Mamas.
1787 2047 1883 2114 θεῶν.
1922 2046 2118 2128 Wrirdtwein,

310 2149 404 2218 Saba.
428 2152 505 2238 dipl.
528 2149 590 2230 XI,
616 2148 650 2216 S.
677 2149 705 2217 1.
755 2148 870 2236 Rapaci
890 2174 918 2216 a.
942 2149 1139 2236 Hodenberg,
1164 2150 1270 2238 Hoyer
1296 2149 1368 2219 UB.
1394 2152 1490 2218 Abra.
1521 2151 1609 2232 VIII,
1636 2152 1670 2218 S.
1696 2152 1739 2219 70
1761 2152 1821 2222 Nr.
1847 2153 1899 2222 72.
1944 2156 2129 2243 Thelholtffi

309 2261 417 2324 husen
439 2261 481 2321 iat
502 2255 701 2322 Holzlraaacn
723 2253 763 2318 N
765 2254 809 2324 W.
836 2254 1009 2337 salumn,
1033 2269 1119 2321 emeat
1142 2258 1222 2322 auci
1243 2269 1379 2344 genennt
1400 2261 1666 2344 Rephnlthusen,
1689 2261 1749 2346 agl.
1774 2259 1933 2341 Honora,
1958 2261 2119 2327 Bassiani·

310 2363 393 2450 hung
415 2364 469 2428 dea
491 2364 620 2427 ammai.
645 2363 727 2428 Birt.
751 2363 880 2428 Mindon
904 2361 938 2429 S.
962 2361 1038 2430 303.

1038 2508 1170 2588 700a.

96 2636 189 2727 (Iros
224 2637 304 2710 Otto
335 2659 400 2708 voa
432 2635 650 2726 Ravansberg
683 2636 755 2707 und
788 2637 880 2707 seina
915 2636 1049 2707 Mulier
1082 2635 1250 2708 Adellaeid
1289 2634 1492 2728 abaapaea
1532 2637 1608 2708 dem
1642 2637 1702 2709 Kl.
1736 2637 2022 2730 Himmclptoriea
2057 2662 2121 2710 aur

98 2745 199 2816 Fater
225 2744 323 2816 iiras
350 2743 715 2834 Sericapeddchlrrisses
741 2742 815 2813 aad
842 2741 902 2814 des
929 2742 991 2813 der
1010 2741 1148 2831 Grafera
1175 2741 1322 2832 hartwig
1348 2763 1414 2814 oon
1431 2742 1649 2836 Roueasberp
1676 2744 1748 2816 aad
1776 2743 1891 2833 Adols
1910 2767 1974 2816 ooo
1992 2745 2120 2817 Dcssel

95 2852 162 2922 aad
196 2851 263 2922 des
295 2850 452 2922 letalarco
487 2849 587 2920 Fron
620 2848 788 2921 Addbeid
821 2847 1020 2920 cndcdbclb
1057 2848 1205 2940 Murgan
1237 2847 1344 2919 Laod
1376 2849 1415 2919 io
1449 2849 1709 2942 Dorlirrperoda
1770 2851 1990 2941 Ravambcrp
2023 2854 2120 2925 1258

1002 2952 1139 3044 August
1165 2954 1227 3028 22.

198 3073 284 3141 Otto
308 3075 369 3140 Dei
393 3072 502 3157 gracia
525 3092 636 3137 comes
660 3071 696 3137 in
719 3073 936 3156 Ravensberg
959 3075 992 3137 et
1011 3071 1148 3150 Aleydis
1172 3076 1279 3137 mater
1299 3072 1405 3157 ipsius
1429 3073 1598 3139 comitissa
1621 3071 1774 3137 omnibus
1797 3092 1935 3156 presens
1959 3074 2119 3156 scriptum

97 3182 261 3248 audituris
292 3185 326 3246 el
352 3179 474 3246 visuris
509 3183 706 3264 perpetuam
736 3179 783 3244 rei
811 3181 903 3261 geste
932 3180 1099 3244 noticiam.
1147 3179 1232 3244 Acta
1259 3178 1489 3263 sollempniter
1513 3179 1601 3244 delet
1624 3179 1758 3261 oblivio,
1793 3179 1857 3244 nisi
1880 3179 2120 3262 scripturarum

96 3289 274 3355 fulciantur
296 3286 494 3354 testimonio.
541 3284 701 3351 Noverint
723 3286 837 3368 itaque
852 3287 921 3350 tam
937 3285 1063 3368 posteri
1079 3305 1181 3370 quam
1195 3287 1379 3370 presentes,
1403 3286 1495 3369 quod
1509 3305 1572 3350 nos
1588 3287 1724 3370 propter
1740 3285 1919 3351 Dominum
1936 3288 1969 3351 et
1983 3289 2119 3370 propter

97 3397 236 3461 salutem
269 3395 457 3460 animarum
487 3393 676 3457 nostrarum
706 3411 746 3456 ac
774 3392 952 3475 parentum
986 3392 1020 3456 et
1053 3391 1264 3457 familiarium
1298 3395 1499 3473 nostrorum,
1533 3392 1688 3458 videlicet
1722 3391 1851 3457 comitis
1884 3391 2053 3457 Ludewici
2078 3391 2119 3455 de

98 3503 315 3585 llarensberg
337 3501 371 3565 et
393 3498 523 3565 comitis
546 3497 658 3564 Adolfi
682 3498 723 3564 de
746 3498 846 3564 Dasle
870 3499 904 3563 et
926 3497 1039 3563 uxoris
1062 3517 1123 3562 sne
1146 3497 1341 3582 Alheidis1),
1365 3497 1522 3562 fratribus
1546 3498 1587 3562 de
1604 3497 1706 3562 Porta
1722 3498 1792 3564 Geli
1814 3499 1906 3582 apud
1924 3497 2120 3579 Werninge-

97 3605 218 3689 rothe2)
244 3607 483 3691 proprietatem
507 3605 607 3670 unius
631 3605 738 3671 mansi
762 3608 796 3670 et
819 3603 946 3669 dimidii
954 3602 994 3688 ³),
1017 3622 1117 3686 quem
1141 3603 1319 3670 habuimus
1334 3603 1369 3670 in
1385 3605 1729 3688 Derwerdingerothe,
1753 3605 1897 3687 benigno
1921 3605 2119 3670 contulimus

99 3713 214 3780 affectu
248 3714 310 3778 sub
339 3713 399 3779 tali
427 3711 627 3794 conditione,
663 3715 702 3777 ut
724 3713 792 3776 tam
816 3712 932 3775 nostra
954 3728 1056 3793 quam
1079 3709 1319 3793 premissorum
1341 3709 1555 3775 familiarium
1579 3713 1771 3776 nostrorum
1792 3711 1952 3776 memoria
1974 3710 2021 3775 ibi
2044 3730 2120 3794 per-

98 3824 194 3903 petuo
219 3820 410 3886 celebretur
434 3822 467 3884 el
490 3819 603 3885 debita
624 3819 828 3902 gaudeamus
851 3815 1067 3881 fraternitate.
1115 3817 1267 3900 Itemque
1290 3821 1329 3882 ut
1351 3816 1498 3882 infacto
1520 3820 1589 3882 tam
1612 3817 1758 3901 legitimo
1781 3817 1874 3882 nulla
1895 3817 2120 3900 inposterum

98 3929 199 4010 possit
233 3926 437 3993 intervenire
472 3925 670 4008 calumpnia,
705 3925 895 4007 presentem
925 3923 1080 4005 paginam
1111 3923 1249 3989 fecimus
1273 3923 1438 3989 conscribi
1463 3926 1496 3988 et
1519 3923 1700 4007 sigillorum
1722 3924 1913 3988 nostrorum
1936 3923 2119 3988 munimine

99 4033 219 4100 eisdem
252 4032 412 4100 roborari.
458 4032 541 4098 Item
570 4030 670 4096 huius
700 4030 778 4096 facti
808 4030 913 4094 testes
943 4031 1036 4094 sunt:
1073 4030 1260 4096 Hartradus
1289 4030 1391 4112 Wulf,
1427 4029 1583 4095 dominus
1606 4028 1802 4095 Ludewicus
1826 4029 1931 4111 Hake,
1966 4029 2121 4095 dominus

97 4139 283 4206 fridericus
304 4139 340 4202 in
355 4138 547 4204 Holthusen
571 4137 734 4221 plebanus
759 4139 792 4201 et
806 4135 842 4201 in
858 4136 1075 4218 Ravensberg
1098 4136 1301 4220 capellanus
1325 4140 1360 4203 et
1383 4135 1439 4201 alii
1463 4134 1710 4220 quamplures.
1758 4137 1880 4201 Datum
1902 4136 2120 4218 Ravensberg

101 4265 184 4313 anno
207 4245 345 4312 Domini
368 4243 642 4324 M⁰CC⁰L⁰VIII⁰.,
666 4244 784 4308 octava
807 4243 1045 4327 assumptionis
1068 4243 1165 4308 beate
1188 4242 1323 4326 virginis
1346 4241 1458 4308 Maria.

313 4348 336 4421 ¹)
363 4351 473 4418 Alaydis
497 4349 529 4406 B.
577 4348 600 4420 ¹)
622 4347 826 4418 Werringerodc
848 4346 880 4400 B.
928 4347 992 4416 Ἠ]
1002 4347 1085 4417 fiiri
1094 4348 1171 4417 sort.-
1198 4349 1226 4401 in
1245 4348 1503 4416 Derwerdingerode,
1530 4364 1607 4416 quern
1626 4365 1642 4400 a
1660 4349 1738 4401 nobis
1758 4348 1866 4401 tenebat
1884 4348 2024 4400 Heinricus
2043 4347 2118 4400 miles

415 4439 448 4492 dc
467 4437 630 4495 Gonanrode.
723 4455 725 4460 ’

226 4524 285 4592 O'r.
314 4529 349 4592 in
376 4527 529 4613 doppelter
555 4527 782 4612 Arusatiguap
817 4524 861 4607 (A
884 4547 916 4591 a.
941 4523 982 4607 ὦ
1017 4527 1061 4588 im
1088 4526 1180 4610 grdfl.
1211 4525 1330 4589 Arabia
1361 4548 1401 4590 aa
1436 4522 1658 4610 Worrrigerodc.
1714 4524 1850 4589 Danaeia
1876 4526 1963 4611 gedr.
1991 4525 2117 4606 Jacobs,

313 4631 384 4700 UB.
409 4633 463 4698 der
485 4631 673 4698 Konnncnda
695 4629 853 4718 Langelcn
876 4631 942 4696 aad
963 4631 1019 4696 dar
1041 4629 1106 4696 ΚΗ.
1131 4629 1388 4718 IIrTrnmelptorten
1409 4633 1476 4696 and
1504 4629 1654 4696 Waoerler
1677 4629 1760 4717 (GQ.
1785 4632 1840 4697 der
1865 4631 1954 4698 nov.
1981 4630 2118 4698 Saotero

313 4737 377 4804 Bd.
402 4737 480 4825 XV)
508 4737 542 4804 S.
569 4737 630 4802 101
655 4736 716 4805 Nr.
740 4737 773 4801 6.
819 4737 1049 4823 Darlingerodc
1071 4739 1217 4803 audacie-rr
1246 4735 1461 4824 Warrrr'perode
1481 4739 1548 4803 arrd
1569 4733 1745 4824 Ilseadurg.

1067 4902 1154 4980 701.

103 5029 225 5120 Grdfio
255 5029 431 5119 Adelfreid,
459 5028 515 5100 ilrr
541 5027 636 5101 Sola
664 5029 738 5101 Otto
767 5027 869 5116 Grcf
888 5050 951 5101 aon
978 5029 1197 5120 Rcocnsberg
1223 5029 1295 5101 aad
1322 5027 1495 5101 Edelftcrr
1522 5029 1655 5118 Ladolf
1680 5051 1744 5100 aon
1771 5029 1900 5101 Dosscl
1932 5029 2119 5118 verlccrrfeo

100 5136 171 5208 dam
199 5136 261 5208 Kl.
292 5135 492 5208 Marieosec
518 5135 584 5206 dea
611 5134 695 5223 Hos
715 5136 752 5206 io
780 5134 950 5208 &emman
976 5142 1076 5208 anter
1102 5137 1164 5207 der
1189 5132 1394 5226 Badiopaap
1421 5135 1484 5207 dar
1509 5135 1766 5224 Broaersclast
1792 5137 1856 5207 mit
1882 5137 1959 5208 dem
1979 5136 2120 5208 Kloster

99 5244 167 5313 arrd
200 5244 297 5314 einer
330 5242 501 5314 Macaria
531 5242 593 5331 fair
625 5241 837 5313 varstorbeac
872 5241 1073 5333 Mrtplieder
1106 5243 1169 5314 der
1204 5243 1385 5314 Familiare.
1448 5243 1667 5334 Raveasbarp
1699 5241 1802 5316 1258
1835 5241 2028 5334 September
2060 5245 2118 5316 20.

201 5361 354 5428 Albeidis
383 5361 445 5428 Dei
474 5359 580 5444 gratia
610 5362 778 5445 quondam
806 5361 978 5427 comitissa
994 5362 1044 5442 in
1067 5361 1282 5444 Ravensberg
1304 5363 1338 5426 et
1360 5362 1439 5428 Otto
1463 5360 1552 5427 filius
1575 5361 1682 5446 ipsius
1706 5381 1816 5428 comes
1838 5360 1964 5426 ibidem
1989 5379 2119 5427 necnon

102 5466 262 5533 Ludolfus
294 5467 413 5534 nobilis
437 5470 479 5533 de
502 5467 601 5533 Dasle
625 5467 782 5532 omnibus
806 5485 945 5550 presens
969 5467 1128 5551 scriptum
1152 5467 1317 5533 audituris
1342 5471 1375 5533 et
1397 5468 1518 5533 visuris
1541 5470 1741 5553 perpetuam
1764 5468 1814 5533 rei
1837 5471 1928 5550 geste
1951 5467 2117 5536 noticiam.
