5168 6798
1090 409 1159 465 1253
1942 429 1946 438 ·
2085 399 2148 464 167

133 719 247 808 Kena
281 717 439 793 Wltecn
466 717 577 789 ertcill
603 717 681 789 dan
706 739 784 788 eam
811 712 961 805 Btrciof
984 737 1048 788 von
1066 606 1217 789 alileam
1245 715 1425 788 eructum
1451 715 1662 809 Dompropst
1697 717 1902 808 Wpdetind
1929 719 2067 810 (trefae
2084 742 2150 794 voa

189 825 308 916 Hoya)
336 825 393 897 dle
419 823 586 914 Repclien
612 823 686 894 aad
720 823 938 912 Vmwaltcnp
965 822 1027 894 der
1053 821 1240 895 meilliclren
1268 822 1385 894 (22222.
1441 822 1714 914 Brcunsctweip
1740 822 1843 897 1253
1871 825 2030 898 Febrem
2056 832 2090 901 8.

229 941 417 1008 Willelmus
434 939 494 1007 Dei
513 941 619 1024 gratia
635 941 868 1006 Romanorum
890 959 949 1005 rex
969 959 1101 1022 semper
1121 941 1281 1022 augustus
1297 939 1550 1005 honorabilibus
1565 940 1645 1006 viris
1662 941 1811 1008 ..decano
1828 943 1862 1008 et
1877 943 2034 1027 capitulo,
2050 943 2149 1012 mini-

130 1047 332 1130 sterialibus,
362 1047 553 1128 intendatis
575 1045 729 1112 vassallis
753 1047 787 1111 et
808 1045 1000 1110 hominibus
1024 1045 1161 1111 ecclesie
1184 1045 1376 1129 Mindensis,
1412 1046 1540 1111 dilectis
1563 1046 1718 1113 fidelibus
1742 1049 1812 1114 suis
1835 1050 1975 1133 gratiam
1998 1069 2093 1117 suam
2116 1053 2150 1118 et

135 1174 228 1222 omne
251 1155 388 1221 bouum.
434 1153 579 1236 Dignum
601 1153 661 1217 est'
676 1157 711 1218 et
733 1153 993 1218 consentaneum
1016 1151 1139 1217 rationi
1163 1171 1201 1216 ac
1227 1151 1350 1234 regiam
1374 1153 1534 1218 condecet
1556 1153 1775 1237 maiestatem,
1798 1158 1836 1220 ut
1850 1155 1984 1223 illorum
2000 1157 2149 1223 comodis

133 1265 165 1327 et
185 1261 454 1345 promotionibus
477 1260 623 1343 quadam
645 1258 765 1342 regalis
788 1257 1013 1323 munificentie
1035 1257 1140 1340 gratia
1164 1262 1197 1322 et
1219 1257 1333 1324 favore
1355 1257 1532 1340 benignius
1555 1261 1778 1341 intendamus
1803 1260 1861 1345 qui
1883 1282 1944 1346 per
1967 1283 2003 1328 se
2019 1265 2053 1329 et
2069 1283 2148 1328 suos

130 1387 203 1450 erga
225 1367 472 1451 promotionem
494 1369 530 1431 et
552 1366 786 1431 exaltationem
819 1367 968 1432 nostram
995 1363 1185 1448 vigilantius
1209 1363 1392 1430 elaborant.
1441 1363 1525 1429 Cum
1547 1363 1672 1448 itaque,
1707 1367 1793 1431 sicut
1816 1367 2013 1451 audivimus,
2047 1389 2149 1435 vene-

126 1473 236 1540 rabilis
259 1474 312 1538 vir
333 1472 592 1555 W(edekindus)
616 1471 756 1538 ecclesie
778 1470 960 1537 Mindensis
993 1470 1184 1554 prepositus
1209 1470 1350 1536 dilectus
1372 1471 1640 1554 consanguineus
1663 1475 1697 1537 et
1721 1473 1912 1557 capellanus
1936 1478 2060 1556 noster,
2095 1475 2149 1540 cui

127 1581 285 1646 nobilitas
308 1579 451 1664 generis,
474 1598 605 1645 morum
628 1580 789 1643 honestas
813 1579 846 1642 et
869 1575 933 1642 alia
955 1575 1137 1642 laudabilia
1160 1577 1279 1642 merita
1302 1575 1536 1658 suffragantur,
1559 1596 1579 1640 a
1604 1577 1752 1643 ..decano
1776 1581 1809 1645 et
1833 1579 1978 1663 capitulo
2000 1581 2150 1648 eiusdem

132 1687 268 1752 ecclesie
301 1687 438 1768 spiritus
462 1685 568 1750 sancti
591 1684 695 1767 gratia
717 1685 872 1748 invocata
901 1683 936 1747 in
961 1682 1155 1766 episcopum
1180 1684 1215 1747 et
1237 1685 1408 1766 pastorem
1432 1683 1538 1766 ipsius
1562 1684 1700 1749 ecclesie
1724 1685 1926 1752 unanimiter
1948 1687 1992 1754 sit
2015 1689 2149 1771 electus,

127 1814 166 1858 ne
200 1793 292 1857 bona
325 1792 476 1858 eiusdem
511 1790 659 1872 ecclesie,
695 1809 797 1873 quam
830 1789 865 1854 in
900 1790 1050 1854 nostram
1084 1790 1117 1853 et
1150 1789 1282 1871 imperii
1315 1788 1555 1871 protectionem
1589 1788 1776 1872 recepimus
1811 1792 2000 1874 specialem,
2038 1794 2150 1859 hostili

127 1899 313 1965 lacerentur
347 1898 483 1963 incursu
513 1898 548 1963 et
575 1895 806 1979 improborum
840 1895 1020 1961 insultibus
1055 1895 1272 1978 dissipentur,
1307 1894 1428 1976 regalia
1460 1895 1493 1958 et
1522 1894 1853 1962 amministrationem
1877 1898 2043 1966 bonorum
2065 1903 2150 1967 tem-

126 2006 289 2090 poralium
312 2005 418 2088 ipsius
442 2003 579 2069 ecclesie
603 2003 668 2069 sibi
692 2003 906 2067 concedimus
930 2002 971 2068 de
993 2001 1197 2084 benignitate
1220 1999 1309 2084 regie
1332 2001 1526 2081 maiestatis,
1549 2003 1587 2066 ut
1611 2000 1653 2065 de
1676 2003 1787 2067 cetero
1809 2006 1971 2088 tanquam
1992 2007 2149 2091 princeps

129 2111 254 2195 imperii
279 2111 368 2177 bona
391 2110 497 2194 ipsius
520 2109 660 2175 ecclesie
684 2107 904 2190 administret,
927 2107 1059 2173 ordinet
1082 2109 1115 2172 et
1139 2107 1321 2190 dispenset,
1345 2110 1448 2190 prout
1473 2107 1593 2172 melius
1618 2108 1660 2171 ad
1684 2108 1861 2175 utilitatem
1884 2111 1989 2196 ipsius
2013 2113 2150 2179 ecclesie

129 2219 187 2282 sibi
216 2218 387 2282 ridebitur
417 2214 584 2300 expedire,
618 2215 746 2296 vobis1)
770 2213 935 2280 universis
958 2215 992 2278 et
1014 2213 1153 2296 singulis
1177 2213 1375 2278 auctoritate
1399 2213 1488 2296 regia
1511 2212 1649 2279 firmiter
1671 2215 1892 2299 iniungentes,
1929 2220 1967 2284 ut
1990 2218 2053 2283 sibi
2075 2221 2150 2283 tan-

127 2343 223 2407 quam
258 2328 372 2388 vestro
401 2325 559 2407 episcopo
587 2322 622 2386 in
649 2321 815 2404 omnibus,
850 2341 917 2405 que
940 2321 984 2386 ad
1005 2320 1117 2403 ipsum
1140 2319 1320 2404 pertinent,
1344 2319 1475 2402 plenius
1498 2321 1689 2386 intendatis
1736 2322 1807 2386 Nos
1830 2341 1909 2387 vero
1934 2325 2052 2389 tenore
2074 2343 2150 2407 pre-

127 2538 243 2604 audeat
278 2537 330 2601 vel
365 2537 466 2602 etiarn
500 2535 687 2600 molestare.
746 2534 844 2612 Quod
874 2533 932 2616 qui
959 2533 1069 2598 facere
1095 2532 1346 2615 presumpserit,
1381 2552 1516 2614 gravem
1547 2531 1752 2598 celsitudinis
1780 2537 1894 2601 nostre
1923 2536 2086 2602 offensam
2114 2557 2149 2602 se

125 2643 250 2707 noverit
277 2644 491 2708 incursurum
514 2641 606 2706 etin
629 2642 740 2706 reatus
769 2640 821 2704 sui
845 2658 967 2723 penam
991 2641 1125 2704 centum
1149 2657 1277 2704 marcas
1302 2639 1373 2703 auri
1397 2637 1478 2705 fisco
1503 2640 1617 2703 nostro
1642 2644 1830 2722 componat.
1878 2641 2001 2708 Datum
2022 2641 2150 2709 Bruns-

127 2749 218 2828 nich,
240 2748 297 2813 VI.
322 2749 403 2813 ldus
425 2747 609 2828 Februarii,
632 2747 813 2813 indictione
836 2745 901 2826 XL,
925 2764 1014 2810 anno
1037 2745 1171 2810 Domini
1195 2744 1356 2810 M⁰CC⁰L⁰
1380 2745 1487 2809 tertio.

339 2851 361 2924 ¹)
379 2854 457 2906 robis
475 2853 511 2905 im
529 2851 575 2906 Or.
593 2850 845 2922 aiberpearlrieben.

254 2939 313 3006 Or.
342 2945 386 3006 im
415 2941 489 3028 Κ9ἱ.
523 2941 626 3007 sa-A.
662 2963 702 3004 eu
730 2940 883 3018 Meineter,
917 2937 1119 3004 Frlratentma
1148 2939 1277 3003 Minden
1311 2937 1373 3004 Nr.
1396 2937 1451 3003 25.
1500 2939 1554 3004 Aa
1584 2939 1896 3027 Peryommtatreifen
1927 2945 1978 3007 ein
2005 2947 2151 3030 peringer

337 3046 511 3134 Siepelrest.
565 3044 631 3134 Vqr.
656 3043 932 3123 Bdlmec-Ficlcer,
957 3044 1056 3131 Rqu.
1080 3048 1154 3131 imp.
1185 3041 1218 3123 V,
1242 3041 1305 3107 Nc.
1321 3042 1420 3122 5146,
1444 3045 1588 3110 woselbot
1609 3048 1658 3112 die
1673 3046 1798 3113 Dmeclce
1821 3047 1997 3134 angepeben
2018 3051 2149 3129 werden,

337 3155 387 3218 die
416 3153 606 3219 admmtlielre
633 3154 688 3220 VI.
716 3155 797 3220 Idus
822 3152 1030 3236 Septembris
1060 3152 1157 3227 lesem
1190 3149 1305 3236 Regeet
1339 3149 1476 3236 Radrlef,
1512 3151 1621 3219 Gescl.
1651 3153 1680 3218 d.
1713 3152 1943 3240 Grofaelaostea
1969 3153 2062 3242 Ηο9α
2087 3157 2153 3220 aad

336 3257 530 3346 Dieplrolel,
557 3259 591 3325 8.
607 3255 652 3323 37
675 3256 736 3324 Nr.
753 3257 807 3322 28.
859 3255 1025 3322 widekind
1047 3255 1127 3321 blieb
1152 3257 1231 3320 cuci
1245 3257 1295 3320 ala
1312 3254 1451 3342 Bescios
1467 3257 1665 3345 Dompropat,
1689 3261 1750 3346 opi.
1773 3282 1800 3327 z.
1818 3260 1859 3323 B.
1882 3271 1976 3326 caten
1996 3259 2058 3324 Nr.
2076 3260 2149 3327 700.

338 3367 431 3444 „Aue
454 3367 513 3431 den
528 3365 724 3452 feiadle'clren
752 3361 992 3441 veternam,
1027 3363 1139 3428 welche
1161 3363 1212 3427 die
1239 3360 1391 3428 Urkonde
1413 3365 1562 3444 erwdlrat,
1598 3367 1640 3429 iet
1665 3368 1725 3430 mol
1748 3366 1827 3431 aucit
1849 3367 1899 3432 die
1921 3365 2092 3433 Rcaclrlceit
2112 3391 2152 3432 aa

337 3471 491 3550 altam,
524 3475 583 3537 mit
604 3472 661 3536 der
690 3469 870 3536 Widelce'nda
898 3467 992 3533 Watt
1013 3469 1128 3554 ersolpt
1148 3471 1201 3532 iat.
1247 3467 1340 3533 Deua
1367 3467 1500 3555 Birctqf
1516 3470 1640 3535 lalana
1667 3471 1754 3535 atach
1779 3495 1831 3536 mn
1854 3470 1905 3537 13.
1930 3472 2065 3552 Jcaacr,
2102 3475 2152 3539 die

345 3577 435 3643 Walrl
457 3578 586 3663 ecfolpte
609 3600 661 3642 am
682 3576 738 3640 25.
762 3575 915 3642 desselben
937 3575 1072 3652 Monate,
1095 3574 1188 3638 sciron
1209 3574 1350 3639 oierzelm
1377 3572 1462 3660 Tage
1483 3576 1622 3642 acelaber
1643 3578 1759 3656 warde,
1786 3581 1842 3643 wie
1864 3600 1974 3644 umere
2001 3577 2151 3645 Urlcucde

338 3683 445 3771 erprbt,
470 3685 520 3750 die
542 3683 724 3770 Krine‘qliclre
748 3681 956 3768 Beeldtipamq
979 3681 1110 3747 eruitis
1163 3677 1324 3745 Wilmaae.

1090 3825 1185 3904 584.

165 3957 271 4030 Euat
298 3957 422 4029 Brona
448 3977 514 4028 vore
543 3954 741 4028 Osnebrriclc
763 3958 920 4045 pestattet
946 3952 1010 4024 der
1037 3951 1167 4023 Kircte
1192 3954 1232 4023 iu
1260 3953 1379 4042 Enper
1406 3953 1462 4024 die
1496 3951 1747 4044 Verbesserunp
1774 3955 1869 4026 ihrer
1896 3955 2110 4032 Proinde.

765 4059 964 4132 Osaubmicle
991 4057 1122 4150 (1252)
1152 4056 1253 4130 1253
1281 4058 1443 4130 Bebruor
1470 4057 1530 4130 14.

260 4177 357 4245 (ἔσάν.
387 4177 492 4264 31559.
514 4177 585 4242 UB.
603 4176 663 4258 IV,
687 4175 722 4243 S.
737 4175 805 4241 319
820 4174 882 4239 Nr.
897 4173 975 4239 524.
1022 4173 1061 4238 In
1075 4178 1159 4240 aaa
1181 4173 1328 4241 Urlcrende
1349 4197 1416 4238 vern
1436 4172 1520 4262 Tage
1536 4177 1661 4258 darauf
1677 4188 1816 4264 gestottel
1838 4201 1871 4244 er
1891 4179 1947 4244 der·
1961 4178 2073 4243 Kirclre
2093 4179 2159 4259 auf

337 4286 451 4354 amad
465 4289 547 4352 einer
560 4284 751 4372 pripstle’cirea
766 4282 905 4348 Indultea
921 4287 959 4368 (s.
976 4281 1053 4346 oben
1067 4277 1129 4350 Nr.
1145 4279 1226 4366 529)
1249 4281 1309 4346 dea
1330 4279 1500 4347 Umtoueelr
1513 4304 1571 4346 een
1589 4281 1736 4362 Zetawn,
1760 4285 1847 4368 pede.
1863 4284 1981 4349 edenda
1996 4282 2057 4349 Nr.
2072 4282 2149 4349 525.

1090 4426 1182 4504 585.

133 4557 320 4630 Widcleiad
347 4557 544 4628 Erwdlller
561 4578 627 4628 con
646 4555 796 4628 Mindea
823 4560 924 4626 water
950 4554 1017 4626 dea
1035 4553 1172 4643 Zeupea
1197 4553 1260 4624 der
1286 4551 1448 4624 Urkacde
1476 4551 1595 4641 Kdnip
1621 4553 1800 4628 Wilicelms
1826 4553 1887 4641 fair
1900 4550 1963 4627 Kl.
1983 4553 2150 4626 Hemors-

832 4661 971 4734 heusen.
1025 4659 1120 4730 Kato
1147 4657 1250 4730 1253
1276 4657 1385 4730 Mdre
1410 4659 1443 4731 5.

259 4777 537 4859 Bitiam-Fictor,
561 4778 662 4866 Repp.
686 4782 759 4865 irrep.
788 4776 825 4858 V,
848 4776 947 4842 5150.
993 4775 1108 4863 Repest
1128 4779 1187 4840 mit
1210 4774 1417 4861 Zeupenrerbe
1445 4773 1549 4858 Westf.
1581 4773 1646 4842 UB.
1675 4775 1698 4840 I
1699 4774 1734 4856 V,
1762 4775 1796 4842 8.
1818 4775 1886 4842 319
1907 4775 1968 4842 Ne.
1991 4775 2066 4842 526.

1090 4921 1184 5000 586.

127 5051 296 5126 Edeilterr
321 5052 454 5141 Iaedolf
477 5073 541 5124 eon
568 5051 736 5124 Arnlreim
762 5051 936 5141 tbertrdgt
962 5050 1040 5121 dem
1059 5048 1220 5140 Hospitcl
1245 5049 1284 5118 ia
1306 5047 1454 5119 Micden
1480 5047 1546 5119 das
1573 5047 1760 5138 meatum
1786 5048 1880 5120 aaa
1905 5047 2024 5120 halben
2043 5045 2151 5136 Hofes

842 5159 882 5227 in
909 5157 1071 5229 Necesen.
1125 5155 1221 5226 1253
1249 5155 1357 5226 Matre
1383 5156 1442 5227 20.

232 5275 395 5341 Ludolius
426 5274 548 5340 nobilis
577 5275 637 5340 Dei
669 5275 775 5357 gratia
806 5276 847 5340 de
870 5275 1021 5340 Arnhem
1048 5273 1204 5338 omnibus
1227 5273 1291 5337 hoc
1315 5272 1475 5355 scriptum
1498 5271 1619 5337 visuris
1643 5272 1785 5337 salutem
1808 5273 1844 5337 in
1865 5271 2017 5338 Domino.
2064 5271 2149 5336 Cum

126 5399 164 5445 ex
187 5381 299 5447 officio
327 5381 475 5447 caritatis
503 5401 604 5465 super
631 5381 777 5450 amictos
808 5383 843 5447 et
863 5381 977 5464 inopia
1005 5381 1162 5464 degentes
1193 5379 1377 5462 quemlibet
1408 5379 1593 5444 secundum
1623 5377 1879 5461 possibilitatem
1906 5397 2001 5443 suam
2022 5377 2151 5443 viscera
