5174 6798
433 468 475 540 it
1394 487 1483 543 'rasa

1403 685 1491 763 261.

432 811 576 903 Bisclrof
599 809 744 884 Korrud
769 833 834 883 ooo
862 809 1012 884 Minden
1045 809 1217 902 habundet,
1253 809 1336 883 dass
1363 811 1443 902 Hof
1462 813 1535 884 und
1562 812 1668 884 Laod
1700 812 1739 884 in
1765 811 1900 883 Bunne
1934 811 2011 883 dem
2038 811 2223 904 Enpeldert
2248 835 2313 885 voa
2339 811 2464 887 Rode»

432 921 590 1008 vabuuft
617 919 753 991 worm
780 915 871 1006 und,
899 917 1012 1004 woltr
1038 917 1153 990 diem
1179 917 1251 988 iim
1278 917 1344 989 den
1364 917 1515 990 Zeimtea
1541 920 1581 990 iu
1598 917 1892 1009 Hdrdiaplromen
1918 917 2111 1010 reoipnicrt,
2140 919 2207 991 den
2235 920 2298 991 der
2316 917 2468 1010 Biacbol

1003 1023 1080 1094 dem
1106 1019 1166 1094 Ki.
1195 1022 1332 1096 Leveru
1357 1023 1519 1114 uterquc.
1573 1023 1678 1096 1233
1703 1022 1810 1122 April
1836 1027 1891 1095 14.

540 1143 715 1210 Conradus
739 1141 798 1207 Dei
823 1140 935 1222 gracia
957 1139 1142 1207 Mindensis
1166 1141 1345 1226 episcopus
1368 1142 1525 1208 omuibus
1548 1143 1613 1208 hoc
1636 1141 1798 1226 scriptum
1821 1141 2075 1226 inspicientibus
2091 1142 2234 1208 salutem
2250 1144 2285 1208 in
2302 1144 2459 1209 Domino.

433 1245 597 1327 Quotiens
621 1248 733 1331 aliqua
756 1248 962 1326 ordinantur,
998 1267 1063 1331 que
1087 1248 1131 1313 ad
1153 1247 1280 1313 cultum
1303 1249 1364 1314 Dei
1388 1247 1618 1332 ampliandum
1640 1250 1720 1314 sunt
1741 1247 1931 1314 necessaria
1952 1248 2005 1313 vel
2028 1247 2133 1330 utilia,
2168 1249 2311 1332 perutile
2334 1253 2396 1330 esi,
2420 1251 2462 1315 ut

433 1355 481 1421 sic
503 1355 656 1421 ordinata
678 1354 840 1437 scripture
862 1353 1053 1418 testimonio
1076 1354 1282 1434 roborentur,
1304 1357 1377 1420 tum
1399 1356 1437 1420 ut
1451 1355 1554 1422 ceteri
1570 1353 1686 1420 fideles
1701 1353 1895 1420 huiusmodi
1910 1353 2062 1438 exemplo
2079 1355 2245 1420 adsimile
2261 1355 2459 1432 excitentur,

432 1464 504 1541 tum
528 1461 628 1526 etiam
652 1480 694 1524 ne
717 1460 780 1525 rite
803 1459 956 1525 ordinata
978 1459 1230 1542 malignantium
1255 1461 1378 1526 astutia
1399 1479 1558 1526 successu
1579 1460 1740 1544 temporis
1763 1462 2005 1544 pervertantur.
2052 1460 2167 1526 Sciant
2187 1461 2287 1544 igitur
2314 1460 2462 1526 universi

432 1565 549 1632 fideles
580 1567 666 1630 hanc
697 1565 852 1648 paginam
875 1565 1069 1649 inspecturi,
1104 1566 1194 1649 quod
1217 1566 1430 1632 Theihardus
1452 1565 1547 1632 nriles
1571 1567 1613 1634 de
1636 1565 1932 1650 Withepincdorpe
1955 1566 2048 1632 dedit
2071 1566 2269 1650 Engeiberto
2293 1568 2392 1633 militi
2416 1569 2461 1634 de

433 1672 560 1751 Boden‚
596 1671 721 1738 sororio
754 1691 827 1751 sn0,
863 1675 896 1736 et
919 1672 1032 1755 pueris
1064 1673 1136 1738 suis
1163 1671 1290 1738 scilicet
1317 1672 1523 1755 Hermanno,
1558 1673 1758 1757 Engelberto
1787 1675 1821 1738 et
1848 1671 2027 1739 Lamberto
2061 1677 2190 1739 curtem
2215 1673 2251 1738 in
2277 1673 2399 1738 Bunne
2426 1677 2464 1738 et
2570 1697 2571 1708 ¹

433 1797 588 1844 mausum
616 1795 722 1844 unum
753 1777 789 1843 in
811 1778 942 1859 Bunne,
978 1780 1015 1843 ut
1037 1777 1098 1844 iilii
1121 1779 1188 1842 iam
1212 1777 1292 1844 dicti
1314 1777 1517 1861 Engelberti,
1551 1778 1677 1844 scilicet
1699 1778 1924 1859 Hermannus,
1959 1778 2178 1862 Engelbertus
2201 1781 2237 1845 ei
2260 1779 2461 1846 Lambertus

433 1885 595 1950 decimam
617 1885 654 1950 in
677 1883 949 1965 Hurdinchusen,
973 1901 1075 1967 quam
1098 1884 1237 1950 anobis
1260 1887 1338 1968 post
1361 1886 1503 1950 mortem
1525 1884 1707 1950 Alexandri
1730 1883 1877 1968 magistri
1898 1885 2003 1966 prede
2012 1883 2049 1968 ¹),
2077 1885 2172 1950 cuius
2194 1885 2258 1950 hec
2280 1885 2402 1967 fuerat,
2424 1886 2460 1950 in

432 1991 530 2058 feodo
560 1993 750 2070 tenuerant,
785 1990 822 2055 in
849 2009 969 2056 manus
998 1992 1130 2056 nostras
1158 1989 1372 2072 resignarent.
1420 1992 1529 2069 Quam
1558 1991 1720 2058 decimam
1748 1991 1816 2056 iam
1848 1991 1927 2056 dicti
1950 1989 2142 2073 Eugelberti
2165 1990 2236 2074 filii,
2272 2010 2403 2057 necnon
2426 1994 2463 2056 et

433 2097 621 2180 Lutgardis,
646 2097 761 2162 relicta
783 2096 964 2162 Alexandri
987 2095 1097 2160 fratris
1121 2096 1317 2178 Thethardi,
1341 2098 1549 2176 usufructum
1573 2096 1699 2164 decime
1722 2096 1955 2179 prenominato
1977 2096 2164 2162 voluntarie
2189 2095 2287 2161 nobis
2310 2097 2459 2178 resigna-

432 2206 563 2268 verunt.
598 2205 722 2268 Verum
743 2202 810 2267 iam
834 2203 921 2267 dicta
937 2202 1112 2285 Lutgardis
1136 2221 1197 2285 pro
1221 2204 1395 2269 usufructu
1418 2201 1569 2268 eiusdem
1590 2202 1719 2268 decime
1742 2202 1983 2286 quinquaginta
1998 2221 2127 2267 marcas
2144 2203 2272 2285 accepit
2288 2221 2308 2266 a
2324 2205 2461 2267 centum
2570 2267 2571 2274 ,

433 2309 563 2391 marcis,
588 2329 672 2392 quas
694 2309 762 2374 iam
786 2307 894 2373 dictus
916 2308 1130 2374 Thethardus
1146 2328 1166 2372 a
1182 2308 1361 2374 Leverensi
1383 2309 1524 2374 cenobio
1541 2311 1712 2394 receperat
1727 2327 1788 2391 pro
1805 2307 1933 2374 decima
1947 2309 2188 2391 prenominata.
2229 2308 2460 2374 Promiserunt

433 2415 535 2480 etiam
568 2415 635 2480 fide
670 2413 749 2480 data
783 2434 895 2479 coram
930 2415 1026 2480 nobis
1061 2415 1162 2480 iidem
1188 2415 1400 2480 Thethardus
1428 2415 1471 2480 de
1498 2414 1794 2498 Withepincdorpe
1822 2417 1857 2480 et
1879 2414 2024 2480 Sitridus
2046 2415 2113 2497 Kip
2136 2413 2257 2480 milites
2279 2415 2316 2479 in
2338 2433 2460 2479 manus

434 2519 569 2586 Rodolfi
592 2519 679 2604 Lupi
702 2521 737 2586 et
760 2519 927 2586 Withelmi
951 2520 993 2586 de
1017 2520 1167 2586 Hedeme
1202 2541 1263 2604 pro
1297 2520 1429 2586 duobus
1463 2519 1541 2586 filiis
1572 2519 1774 2604 Engelberti,
1810 2521 2009 2603 Engelberto
2038 2520 2193 2586 videlieet
2220 2522 2253 2586 et
2280 2520 2461 2587 Lamberto

433 2627 542 2693 adhuc
564 2626 750 2708 iuvenibus,
774 2628 813 2691 ut
835 2625 1105 2709 resignationem,
1133 2647 1234 2710 quam
1256 2627 1323 2691 iam
1346 2625 1426 2692 dicti
1448 2625 1509 2692 filii
1532 2625 1680 2693 fecerant
1701 2628 1738 2692 in
1761 2627 1911 2710 predicta
1934 2627 2072 2708 decima,
2095 2627 2129 2691 in
2154 2629 2327 2710 posterum
2350 2627 2461 2692 nulla-

316 2806 319 2814 ,
431 2735 530 2798 tenus
553 2733 757 2813 refricarent,
780 2735 819 2797 ut
841 2732 945 2815 magis
968 2735 1075 2797 ratam
1098 2733 1261 2798 haberent
1284 2735 1318 2798 et
1340 2734 1477 2816 gratam.
1523 2732 1591 2796 Nos
1616 2735 1728 2798 autem
1751 2733 1963 2798 attendentes
1985 2732 2177 2816 religionem
2197 2735 2230 2797 et
2247 2733 2461 2798 devotionem

431 2838 466 2902 in
489 2839 639 2922 predicto
664 2837 804 2904 cenobio
828 2839 898 2902 Deo
923 2838 1138 2904 servientium
1160 2837 1422 2922 petitionemque
1446 2858 1526 2921 sepe
1551 2839 1630 2904 dicti
1652 2838 1837 2904 Thethardi
1853 2840 1887 2902 et
1902 2857 2039 2904 suorum
2053 2838 2236 2904 amicorum
2252 2841 2285 2903 et
2300 2838 2462 2921 precipue

432 2964 493 3028 pro
527 2944 675 3010 remedio
711 2947 822 3011 anime
845 2947 958 3010 nostre
981 2945 1104 3010 dietam
1128 2944 1291 3011 decimam
1314 2944 1347 3010 in
1374 2944 1635 3010 Hurdincbusen
1658 2945 1817 3010 maiorem
1841 2947 1877 3010 et
1898 2943 2062 3008 minorem
2085 2945 2188 3009 totius
2210 2943 2297 3024 ville,
2322 2945 2462 3027 excepta

432 3070 500 3115 uua
523 3051 620 3115 domo
644 3051 778 3116 domiue
801 3051 987 3115 Mechtildis
1011 3051 1052 3116 de
1076 3051 1250 3131 Vlechten,
1273 3050 1376 3116 libere
1400 3069 1439 3114 ac
1463 3051 1615 3116 absolute
1639 3050 1765 3116 eisdem
1787 3049 1864 3116 tiliis
1888 3069 1926 3116 ac
1949 3049 2022 3115 aliis
2045 3050 2124 3114 viris
2147 3050 2297 3115 honestis
2320 3069 2461 3133 presen-

431 3143 520 3221 tibus
556 3157 735 3221 conventui
765 3157 800 3220 in
825 3156 974 3221 Leveren
1007 3157 1208 3221 contulimus
1242 3158 1407 3240 perpetua
1430 3155 1620 3221 donatione.
1667 3156 1714 3221 Ut
1736 3159 1849 3222 autern
1871 3155 1996 3222 iactum
2018 3156 2111 3222 istud
2132 3159 2242 3221 ratum
2264 3158 2461 3240 permaneat

432 3262 465 3327 et
487 3261 719 3326 inconvulsum
742 3261 778 3326 in
801 3265 1011 3346 perpetuum,
1035 3260 1182 3344 presenti
1205 3260 1328 3344 scripto
1352 3262 1450 3344 sigilli
1473 3261 1579 3327 nostri
1600 3262 1792 3327 testimonio
1807 3263 1963 3329 roborato
1979 3262 2118 3328 fecimus
2134 3263 2297 3328 annotari.
2337 3262 2462 3327 Datum

434 3367 612 3450 Reneberg
636 3386 725 3431 anno
750 3368 915 3432 dominice
937 3367 1175 3432 incarnationis
1199 3367 1523 3448 M⁰.CC.XXX⁰.III⁰.,
1546 3367 1676 3434 XVIII⁰.
1700 3367 1869 3433 Kalendas
1893 3368 1981 3448 Maii,
2004 3365 2218 3451 pontificatus
2242 3367 2348 3431 nostri
2371 3386 2462 3432 anno

431 3472 528 3536 XXI⁰.
574 3473 702 3554 Testes,
726 3473 786 3556 qui
809 3474 887 3537 huic
909 3472 996 3539 facto
1019 3473 1169 3554 aderant,
1192 3473 1240 3537 hii
1265 3476 1359 3540 sunt:
1384 3473 1490 3538 abbas
1514 3475 1555 3538 de
1577 3473 1766 3556 Bredelare,
1789 3473 1980 3540 Bernardus
2004 3474 2206 3556 prepositus,
2230 3473 2395 3556 Lyborius
2419 3473 2461 3538 de

431 3578 622 3661 Nendorpe,
658 3578 857 3643 Godefridus
882 3580 923 3643 de
948 3579 1106 3661 Dilincge,
1142 3578 1319 3643 Heinricus
1350 3579 1392 3644 de
1415 3580 1637 3660 Keleubeche,
1673 3580 1887 3645 Hermannus
1913 3579 2055 3644 vicarius
2083 3579 2126 3644 de
2157 3579 2349 3661 Lubbeche,
2378 3578 2462 3644 Ber-

431 3684 557 3750 nardns
590 3684 781 3766 capellanus
814 3684 849 3748 in
876 3683 1077 3768 Renenberg
1108 3684 1314 3764 sacerdotes3
1350 3683 1514 3750 Rodolins
1547 3684 1673 3767 Lupus,
1707 3683 1907 3751 Wilhelmus
1942 3685 1983 3750 de
2015 3685 2175 3766 Hedeme,
2210 3683 2353 3751 Siiridus
2383 3685 2460 3769 Kip,

433 3790 600 3875 Rotgerus
624 3790 665 3856 de
687 3790 814 3872 Boden,
838 3789 972 3871 milites,
996 3792 1030 3854 et
1054 3790 1109 3854 alii
1132 3790 1371 3873 quamplures
1394 3791 1527 3856 honesti
1550 3789 1620 3856 viri.

647 3897 669 3963 ¹)
687 3891 725 3949 So
744 3895 792 3949 das
813 3895 888 3965 Orip.

565 3981 620 4051 Or.
644 3988 703 4048 mit
723 3985 966 4070 paterboltenem
990 3983 1235 4068 Biacbofeeieyel
1257 4003 1300 4047 an
1322 3980 1638 4069 Pergamenmtreifen
1660 3987 1705 4047 im
1726 3982 1925 4048 Hamarclrio
1947 3983 2001 4050 dee
2022 3984 2267 4050 Kammerlrerrn
2288 3982 2462 4049 Freidem

646 4113 673 4157 o.
697 4091 728 4156 d.
753 4087 851 4154 Horat
871 4093 907 4152 ia
928 4087 1082 4156 Holweda.
1130 4088 1225 4155 θεάν.
1252 4088 1405 4155 Zeti-ectr.
1429 4091 1483 4155 dae
1505 4089 1576 4154 luc
1606 4087 1675 4157 Ver.
1694 4091 1725 4175 f.
1743 4089 1991 4157 Nemeaeum
2012 4090 2066 4176 Jq.
2084 4087 2172 4154 1800
2196 4089 2230 4158 S.
2248 4090 2322 4169 141,
2348 4090 2464 4176 Requi

645 4191 899 4261 eleucadius
924 4193 987 4258 Nr.
1005 4193 1079 4259 108.
1117 4193 1181 4260 Die
1203 4193 1476 4278 Ponte'fikotm'alrre
1497 4197 1579 4260 acob
1601 4197 1670 4261 dem
1693 4195 1764 4262 oben
1785 4217 1825 4262 zu
1839 4195 1900 4264 Nr.
1917 4195 1961 4262 87
1987 4195 2151 4283 Geaoptan
2173 4197 2297 4282 dalaq.
2337 4197 2460 4264 Bunne
2570 4235 2571 4250 .

644 4306 686 4366 iat
707 4303 766 4366 wol
790 4301 921 4366 Bonnen
948 4305 992 4365 im
1014 4301 1073 4366 Kr.
1103 4299 1224 4380 Vecta,
1248 4299 1514 4388 Hirdinqbuuren
1538 4301 1572 4367 S.
1596 4300 1719 4368 Levem
1740 4301 1799 4366 Kr.
1823 4303 1924 4368 Melle.
1971 4303 2037 4367 Aba
2058 4325 2116 4367 oon
2139 4301 2294 4368 Bredelar
2315 4325 2386 4367 mur
2407 4325 2462 4367 um

644 4410 726 4474 dacae
751 4407 822 4473 Zeii
845 4407 1015 4494 Sibysried.

1404 4571 1497 4648 262.

433 4698 641 4788 Dornpropst
674 4697 844 4769 Heinrich
876 4719 939 4768 ooo
973 4695 1121 4768 Minden
1157 4696 1328 4768 sclalicbiet
1361 4698 1459 4768 moen
1494 4697 1601 4770 Sireit
1638 4697 1805 4770 acumen
1837 4697 1913 4768 dem
1951 4696 2167 4786 Martiuetift
2201 4696 2350 4769 ducelbst
2385 4699 2460 4770 und

584 4803 769 4876 Friedrich
796 4825 858 4875 von
885 4803 1036 4875 Lerbeck
1061 4825 1174 4894 magen
1201 4804 1261 4874 des
1288 4802 1440 4875 Zelmten
1465 4805 1503 4874 in
1531 4800 1769 4896 Scapevelde.
1824 4803 1975 4875 Minden
2003 4801 2106 4875 1233
2133 4804 2216 4876 Mai
2241 4805 2304 4876 22.

540 4920 746 5003 H(einricus)
777 4921 837 4988 Dei
865 4921 975 5004 gracia
1001 4921 1137 4987 maioris
1168 4919 1306 4986 ecclesie
1334 4920 1369 4984 in
1396 4920 1509 4987 Minda
1538 4919 1730 5004 prepositus
1757 4919 1922 4985 universis
1944 4921 2045 4986 huius
2069 4921 2185 5004 scripti
2208 4921 2459 5004 inspectoribus

432 5028 468 5094 in
490 5047 569 5092 vero
593 5027 730 5094 salutari
753 5028 903 5094 salutem.
951 5027 1036 5092 Cum
1060 5028 1203 5110 quedam
1225 5025 1356 5109 questio
1380 5030 1415 5092 et
1437 5026 1603 5093 discordia
1624 5027 1711 5092 iuter
1735 5026 1908 5092 ecclesiam
1931 5026 2037 5092 sancti
2060 5026 2194 5092 Martini
2217 5027 2253 5092 in
2275 5027 2391 5092 blinda
2415 5027 2458 5094 de

433 5153 500 5199 una
534 5137 629 5219 parte
660 5138 693 5200 et
722 5135 892 5200 dominum
923 5134 1135 5200 Fredericum
1168 5131 1209 5198 de
1239 5132 1388 5199 Lerbelre
1416 5134 1457 5198 de
1485 5133 1590 5199 altera
1619 5153 1720 5216 snper
1751 5133 1880 5199 decima
1906 5133 1941 5198 in
1964 5132 2180 5215 Scapevelde,
2214 5151 2315 5215 quam
2350 5133 2458 5198 multo

432 5243 583 5324 tempore
607 5240 725 5305 eadem
748 5239 888 5306 ecclesia
911 5241 1026 5323 quieta
1048 5240 1246 5324 possederat
1267 5235 1490 5323 possessione,
1513 5239 1651 5305 suborta
1673 5241 1773 5320 esset,
1797 5237 1937 5306 consilio
1960 5241 2077 5304 nostro
2099 5238 2209 5322 sopita
2231 5240 2282 5302 est
2298 5238 2459 5324 pariterl)

432 5343 466 5412 et
489 5365 655 5411 consensu
685 5347 733 5410 iia
764 5346 925 5427 videlicet,
956 5350 994 5410 ut
1016 5345 1155 5410 ecclesia
1178 5344 1235 5410 det
1258 5343 1393 5410 domino
1417 5344 1592 5410 Frederico
1615 5345 1787 5411 annuatim
1809 5344 1845 5408 in
1868 5341 1953 5410 festo
1976 5343 2089 5408 iacobi
2113 5343 2285 5408 dimidiam
2308 5362 2458 5410 marcam
2570 5413 2571 5420 ,

430 5469 492 5535 per
508 5451 716 5537 duodecim2)
740 5453 864 5517 solidos
887 5452 922 5517 in
945 5448 1117 5542 pensione,
1141 5454 1175 5516 et
1197 5449 1386 5535 repromisit
1409 5449 1564 5516 dominus
1587 5449 1783 5518 Fredericus
1806 5449 1946 5516 firmiter
1969 5451 2002 5514 ei
2024 5449 2078 5516 sui
2101 5450 2242 5516 heredes
2265 5447 2334 5514 fide
2350 5450 2456 5514 inter·
2570 5437 2571 5440 '
