5062 6776
1043 429 1111 485 1270
2036 421 2097 486 301

1041 626 1134 704 969.

90 755 181 844 Grof
210 755 285 827 Otto
318 776 382 825 ont
416 752 634 842 Raoensbcrp
674 753 810 825 schentt
844 754 906 824 nit
939 755 1179 845 Znstinnrunp
1212 756 1325 827 scincr
1359 755 1460 827 Fran
1493 757 1649 849 Hcdnip,
1690 759 1801 830 seines
1843 759 2003 832 Brnclera
2042 761 2103 834 des

86 863 241 953 Propstes
268 861 417 950 Iardnoip
444 859 516 932 und
543 861 657 931 seincr
684 859 795 932 Sitne
825 859 1004 932 Hermann
1031 861 1103 932 unct
1130 861 1278 952 Indwip
1305 861 1382 933 dem
1411 861 1866 954 Morio-andolenenstisl
1891 867 1930 937 in
1958 866 2100 940 Hildes·

462 967 551 1038 bnon
583 965 693 1037 Getter
717 967 756 1037 in
784 965 907 1038 Gnoss—
933 967 1005 1038 und
1035 967 1317 1058 Klein-Datnpcn.
1372 971 1469 1042 1270
1496 972 1633 1060 Annus!
1659 975 1712 1042 16.

179 1085 289 1152 Huius
318 1086 396 1152 lacti
428 1086 534 1152 nostri
564 1088 666 1150 testes
695 1088 728 1149 et
755 1083 969 1150 fideiussores
996 1087 1088 1150 sunt:
1124 1086 1293 1152 lohannes
1322 1089 1356 1152 et
1384 1087 1588 1153 Reinbertus
1623 1089 1741 1154 fratres
1776 1089 1857 1155 dicti
1885 1090 1928 1154 de
1956 1091 2098 1172 Busche,

84 1194 281 1279 Regenbode
306 1194 391 1277 Top‚
421 1194 588 1276 Rotgerus
612 1191 820 1273 Hathewich,
851 1192 1015 1258 Rodolfus
1039 1191 1153 1274 Nagel,
1181 1191 1338 1257 Hinricus
1362 1193 1403 1257 de
1427 1193 1658 1278 Aspelcampe,
1682 1195 1840 1264 Hinricus
1863 1196 1978 1277 Vinlre,
2002 1197 2099 1281 Hugo

82 1303 118 1368 de
139 1301 254 1380 Wede,
289 1299 430 1381 milites;
465 1299 653 1366 Friden'cus
686 1298 786 1364 huius
815 1297 923 1363 littere
951 1297 1103 1381 scriptor,
1138 1297 1326 1364 Fridericus
1350 1300 1391 1364 de
1413 1299 1556 1381 Busche,
1592 1301 1750 1367 Hinricus
1773 1302 1847 1386 Top
1880 1306 1913 1368 et
1939 1303 2099 1370 officiales

82 1407 177 1472 nostri
200 1405 411 1488 Thiden'cus,
435 1405 591 1470 Hinricus
614 1408 649 1471 et
671 1405 844 1471 Ecbertus.

208 1509 263 1577 Or.
296 1515 340 1576 inv
363 1510 438 1598 Kpl.
465 1510 568 1576 sn-A.
598 1533 638 1574 zu
668 1509 843 1588 Hannooer,
880 1509 1089 1595 Mor.·Mapd.
1113 1512 1147 1572 in
1170 1507 1359 1574 Hildesheinr
1383 1507 1443 1575 Nr.
1466 1507 1521 1588 94,
1555 1515 1614 1575 mit
1633 1523 1689 1597 put
1710 1514 1895 1578 erholtcnnn
1920 1511 2024 1599 Saepel
2046 1516 2100 1580 dea

292 1615 416 1706 Grnfen
437 1618 504 1682 und
525 1618 578 1682 deo
604 1615 749 1702 Pnopctec
772 1638 815 1680 an
838 1615 1160 1700 Perpcnrcntstrcisen.
1213 1612 1280 1700 Vqr.
1306 1613 1367 1681 Nr.
1390 1614 1467 1682 940.

1043 1832 1133 1910 970.

80 1961 175 2050 (hof
204 1960 279 2034 Otto
312 1982 383 2056 uoon
426 1959 646 2050 Runensbcrp
686 1959 758 2030 nnct
792 1959 958 2048 Edeloopt
999 1959 1167 2031 Heinrich
1209 1981 1284 2031 oon
1327 1957 1436 2049 Bonos
1476 1959 1661 2050 bestdtipcn
1702 1961 1758 2032 dic
1798 1962 1999 2052 Schenknnp
2039 1963 2099 2034 cies

275 2065 414 2154 Grofcn
442 2065 612 2137 Heinrich
638 2087 702 2136 oon
734 2065 927 2156 Oldenbrnp
954 2089 1000 2138 on
1028 2065 1093 2136 dos
1122 2063 1175 2141 Kt.
1210 2065 1336 2138 Vlotho.
1398 2065 1518 2138 Vlotho
1547 2064 1652 2138 1270
1679 2067 1814 2158 Anpnst
1840 2071 1898 2144 20.

178 2186 261 2251 Otto
285 2203 397 2251 comes
421 2185 462 2250 de
486 2184 704 2266 Ravensberg
727 2202 856 2248 necnon
882 2183 1081 2264 Henricns¹)
1111 2185 1291 2250 advocatus
1315 2184 1356 2249 de
1380 2184 1492 2250 Monte
1523 2185 1677 2251 omnibus
1701 2185 1735 2249 in
1758 2189 1969 2270 perpetuum.
2012 2186 2098 2252 Acta

79 2289 303 2374 sollempniter
335 2291 425 2356 delet
459 2289 593 2370 oblivio,
624 2289 689 2355 nisi
721 2290 959 2374 scripturarum
983 2289 1163 2355 fulciantur
1185 2290 1386 2356 testimonio.
1433 2291 1596 2358 Noverint
1618 2291 1731 2374 itaque
1754 2295 1823 2357 tam
1846 2292 1973 2376 posteri
1997 2312 2098 2375 quam

78 2401 255 2484 presentes,
279 2397 369 2480 quod
393 2417 454 2463 nos
474 2415 606 2462 omnem
629 2397 868 2479 proprietatem
892 2396 1057 2461 bonorum
1081 2397 1115 2461 et
1137 2397 1320 2473 hominum,
1344 2416 1445 2479 quam
1468 2417 1579 2462 comes
1603 2383 1795 2477 Hinricus2)
1821 2399 1861 2463 de
1878 2398 2097 2483 Altenborgt)

80 2507 130 2587 pie
152 2504 310 2570 memorie
333 2505 401 2569 tam
426 2503 573 2569 eeclesiis
597 2522 698 2585 quam
722 2502 859 2585 capellis
882 2521 1012 2568 necnon
1035 2503 1151 2585 pratis,
1175 2504 1319 2584 pascuis,
1343 2502 1492 2586 piscinis,
1516 2503 1602 2587 agris
1619 2507 1652 2569 et
1675 2503 1766 2568 silvis
1790 2524 1865 2569 cum
1891 2505 1973 2587 loco,
1996 2524 2097 2587 quem

79 2610 262 2676 inhabitant
278 2610 396 2677 ancille
413 2609 538 2674 Christi
555 2611 644 2692 apud
660 2609 821 2692 oppidum
837 2610 1021 2690 Vlotouwe,
1045 2610 1225 2674 conventui
1241 2607 1365 2674 ibidem
1381 2629 1442 2693 pro
1459 2610 1566 2675 salute
1583 2609 1692 2675 anime
1709 2630 1769 2676 sue
1787 2611 1944 2693 erogavit,
1968 2614 2097 2692 gratum

78 2720 111 2782 et
132 2719 239 2783 ratum
264 2713 554 2802 observabimus4)
577 2703 611 2780 et
630 2715 702 2780 iure
726 2735 788 2780 sno
805 2714 946 2781 inomni
966 2715 1141 2782 collatione
1157 2715 1367 2798 propriorum
1382 2716 1547 2782 bonorum
1563 2717 1632 2781 sive
1649 2715 1830 2782 feodalium
1847 2718 1935 2782 dicto
1952 2717 2096 2782 claustro

80 2827 161 2890 lacta
183 2825 330 2909 gaudere
354 2822 589 2907 permittimus.
628 2820 702 2901 uti)
727 2821 823 2887 utin
847 2821 935 2886 facto
958 2824 1027 2888 tam
1052 2821 1198 2904 legitimo
1222 2822 1314 2887 nulla
1336 2822 1544 2906 inposterum
1568 2823 1674 2906 possit
1696 2822 1901 2888 intervenire
1925 2822 2097 2888 occasione

79 2931 176 2994 nostri
204 2929 301 3016 seui)
331 2931 491 2994 heredum
522 2931 711 2994 nostrorum
735 2929 935 3011 calumpnia,
964 2931 1154 3011 presentem
1184 2928 1339 3011 paginam
1369 2948 1470 3011 super
1498 2928 1671 3011 premissis
1701 2929 1839 2994 fecimus
1871 2929 2033 2996 conscribi
2064 2931 2098 2994 et

76 3037 255 3120 sigillorum
286 3038 476 3102 nostrorum
506 3035 690 3100 munimine
724 3035 882 3102 roborari.
930 3035 1051 3101 Datum
1075 3035 1249 3100 Vlotouwe
1279 3055 1367 3100 anno
1391 3034 1522 3100 Domini
1545 3033 1763 3114 M.CC.LXX.,
1786 3033 1904 3119 ΧΠΙ.7)
1927 3035 2097 3100 Kalendas

77 3143 118 3207 Se
140 3145 153 3207 l
173 3141 289 3207 mbri.

117 3163 172 3226 pe
264 3163 310 3317 S¹)
330 3248 454 3301 llinricus
474 3246 505 3299 B.
545 3246 568 3318 α)
587 3247 717 3300 Henricus
738 3245 769 3299 B.
808 3247 831 3318 8)
852 3247 1004 3316 aldenborg
1025 3246 1055 3303 B.
1093 3245 1117 3316 ⁴)
1137 3247 1334 3298 observavimus
1355 3245 1386 3299 B.
1423 3245 1447 3316 ⁵)
1466 3247 1528 3298 item
1549 3244 1581 3301 B.
1618 3244 1641 3316 ο)
1660 3246 1716 3299 sivo
1735 3245 1767 3301 B.
1807 3245 1828 3317 ⁷)
1847 3246 1921 3304 XVI.
1944 3245 1974 3302 B.

206 3352 300 3418 Nacti
315 3355 384 3418 dem
400 3353 509 3418 Dncck
533 3353 659 3441 Lomep,
687 3352 797 3419 Gesch.
814 3355 843 3418 d.
865 3352 939 3418 Gru.
956 3377 984 3416 o.
1003 3351 1213 3438 Ravencbnp,
1240 3349 1312 3419 Cod.
1330 3352 1404 3438 dipl.
1432 3351 1465 3417 S.
1483 3350 1527 3414 48
1549 3350 1612 3417 Nr.
1630 3347 1683 3431 46,
1708 3352 1789 3418 anch
1811 3353 1897 3437 pedr.
1917 3350 2096 3438 anedomt,

286 3458 441 3545 dhttnnrf
456 3481 524 3525 conc
548 3459 693 3524 Ztntond
714 3459 770 3524 der
793 3459 935 3541 Relipion
957 3483 1032 3524 cnm.
1059 3457 1085 3539 I,
1112 3458 1146 3523 S.
1173 3457 1247 3538 162,
1278 3457 1385 3540 Falla,
1411 3457 1483 3524 cod.
1511 3458 1594 3523 nac.
1622 3457 1712 3524 Corb.
1739 3457 1773 3527 S.
1800 3457 1875 3538 749,
1899 3457 2095 3544 Herenberp,

285 3567 369 3631 Mon.
400 3568 469 3632 hist.
501 3567 573 3634 adn.
601 3566 683 3632 incd.
708 3563 753 3646 II,
787 3564 861 3644 404,
907 3564 1080 3651 Weddipen,
1112 3565 1345 3652 Becchreibnnp
1374 3566 1430 3630 der
1462 3563 1519 3630 Gr.
1546 3563 1701 3630 Raveneb.
1727 3564 1771 3644 II,
1804 3565 1837 3634 S.
1861 3564 1937 3632 245.
1985 3563 2100 3650 Repetit

294 3671 397 3751 Weetf.
425 3671 685 3737 ProoinziotBll.
714 3670 759 3751 ΙΙ,
788 3671 819 3750 4,
852 3669 886 3738 S.
909 3673 952 3735 51
983 3670 1043 3736 Nr.
1067 3671 1120 3740 99.
1169 3669 1288 3737 Neuere
1319 3670 1481 3750 Abrchnift
1510 3675 1568 3736 mit
1588 3671 1739 3751 salechem
1770 3671 1889 3736 Datum
1915 3673 1992 3736 Μσσ.
2015 3668 2097 3748 Vll,

284 3777 401 3845 3117¹¹
423 3777 488 3846 Nr.
511 3778 534 3841 2
555 3781 600 3842 im
622 3779 695 3864 qu.
722 3777 827 3845 Steti.
851 3801 891 3843 zu
915 3779 1055 3844 Moneta·
1077 3779 1143 3863 (B).

1044 3994 1126 4074 971.

78 4123 141 4194 Dic
177 4122 324 4195 Brenn
362 4144 427 4194 oon
462 4120 879 4213 Stronnberp-Rntdenbcrp
917 4120 1105 4192 nnniclttcn
1138 4121 1204 4210 ons
1240 4121 1324 4193 alles
1357 4122 1465 4194 Recht
1506 4144 1553 4194 nn
1589 4123 1746 4212 Hb'ripen
1780 4121 1840 4193 des
1875 4119 1928 4192 Kl.
1963 4120 2098 4192 Levern

79 4229 112 4300 in
136 4227 422 4320 Bdrnn'nphnnscn
455 4228 527 4300 nnd
560 4227 744 4320 bestdtipcn
775 4229 845 4299 ihm
882 4229 938 4300 clia
965 4227 1165 4318 Schcnlcnnp
1192 4228 1254 4298 der
1281 4228 1390 4300 (datter
1416 4229 1453 4299 in
1481 4227 1637 4301 Everslo
1665 4229 1738 4299 und
1765 4225 2093 4298 Hemetinchusen.

836 4335 984 4406 Mindon
1013 4331 1116 4405 1270
1145 4333 1285 4406 Olctober
1312 4338 1344 4410 9.

178 4455 360 4520 Heinricus
392 4453 442 4519 vir
471 4453 591 4520 nobilis
621 4453 730 4518 dictus
762 4453 1002 4536 burchgravius
1031 4453 1072 4518 de
1095 4453 1317 4536 Stromberge,
1349 4452 1519 4519 lohannes
1542 4453 1721 4518 canonicus
1744 4451 1926 4518 Mindensis
1949 4452 2099 4534 ecclesie,

80 4559 247 4627 Conradus
278 4565 313 4626 et
336 4559 535 4625 Godcin'dus
567 4559 695 4626 nobiles
718 4558 799 4625 dicti
823 4561 864 4625 de
889 4559 1126 4642 Rothenberge
1149 4558 1311 4624 universis
1334 4563 1526 4643 presentem
1547 4558 1703 4643 pagiuam
1726 4559 1927 4643 inspecturis
1950 4561 2100 4624 eternam

79 4665 111 4730 in
132 4667 274 4732 Domino
302 4669 454 4732 salutem.
502 4665 556 4731 Ad
585 4666 742 4733 noticiam
771 4669 838 4731 tam
867 4667 1080 4750 presencium
1111 4685 1211 4749 quam
1242 4663 1431 4733 futurorum
1461 4665 1614 4750 cupimus
1638 4665 1824 4750 pervenire,
1855 4666 1946 4748 quod
1969 4685 2031 4730 nos
2054 4666 2098 4731 ob

81 4774 299 4839 reverenciam
324 4773 566 4856 omnipotentis
583 4772 644 4838 Dei
668 4776 701 4838 et
725 4773 909 4839 animarum
934 4774 1122 4838 nostrarum
1145 4773 1329 4837 remedium
1352 4771 1457 4838 libere
1481 4776 1517 4838 et
1539 4771 1691 4838 absolute
1714 4769 1984 4837 renunciavimus
2007 4771 2099 4837 omni

80 4877 148 4956 iuri,
180 4880 272 4963 quod
296 4879 392 4946 nobis
416 4877 591 4945 videbatur
613 4881 803 4964 competere
826 4879 861 4944 in
884 4878 1035 4944 homines
1059 4878 1197 4951 ecclesie
1221 4878 1256 4942 in
1280 4878 1440 4960 beveren,
1471 4877 1529 4962 qui
1551 4899 1588 4944 se
1611 4877 1768 4944 dicebant
1790 4897 1852 4962 per
1874 4876 2099 4944 venerabilem

78 4984 245 5051 dominum
274 4986 330 5068 pie
358 4985 516 5053 memorie
547 4988 739 5052 Conradum
762 4987 970 5052 Mindensem
1002 4986 1197 5069 episcopum
1227 5005 1247 5049 a
1278 4983 1424 5051 dominio
1456 4984 1491 5050 in
1517 4983 1760 5067 Bornighusen,
1794 4984 1852 5068 qui
1881 4987 1962 5050 tunc
1992 4984 2099 5067 ipsius

80 5089 212 5158 dominii
242 5095 315 5158 erat
338 5093 447 5174 heres
479 5094 521 5158 ad
545 5093 718 5160 ecclesiam
743 5093 778 5159 in
801 5092 971 5171 Querhem
995 5113 1055 5176 per
1078 5090 1308 5158 concambium
1331 5091 1515 5174 legitimum
1539 5089 1722 5156 devenisse.
1769 5090 1838 5172 Ego
1861 5091 1965 5156 eciam
1990 5089 2099 5156 Gode-

79 5195 179 5264 fridus
211 5198 432 5266 donacionem
460 5199 573 5283 patrui
603 5202 638 5266 et
663 5199 768 5282 patris
796 5199 860 5266 mei
889 5199 1053 5266 bonorum
1085 5197 1120 5264 in
1143 5197 1278 5263 Everslo
1309 5200 1342 5262 et
1364 5197 1683 5278 Hementinchusen,
1712 5215 1814 5280 quarn
1837 5197 1989 5264 fecerunt
2012 5196 2099 5262 dicte

79 5303 212 5371 ecclesie
247 5306 283 5370 in
314 5305 474 5386 Leveren,
507 5308 614 5371 ratam
649 5306 757 5372 habeo
793 5326 860 5371 una
894 5325 968 5370 curn
1004 5304 1165 5371 fratribus
1193 5303 1276 5369 meis
1306 5305 1340 5369 et
1371 5304 1434 5368 hoc
1465 5303 1680 5387 presentibus
1711 5302 1831 5369 litteris
1861 5305 2100 5387 protestamur.

79 5409 194 5476 Datum
219 5411 331 5477 Minde
354 5431 442 5477 anno
465 5411 599 5478 Domini
622 5411 885 5493 ll⁰.GC⁰.LXX⁰.,
909 5412 944 5476 in
969 5411 1021 5477 die
1045 5411 1136 5477 beati
1160 5409 1307 5494 Dyonisii
1331 5409 1485 5476 inartiris.
