5058 6792
1027 452 1094 508 1259
2030 443 2096 508 213

86 655 192 740 ipsius.
239 651 275 716 Si
300 669 364 733 que
386 669 466 714 vero
491 647 688 714 donationes
713 651 772 713 aut
794 647 1012 714 alienationes
1036 647 1132 714 aliter
1162 667 1262 731 quam
1286 649 1411 714 dictum
1433 650 1519 715 facte
1543 649 1676 725 fuerint,
1708 671 1765 716 eas
1788 651 1897 717 irritas
1921 673 1995 718 esse
2019 672 2097 718 cen·

85 779 197 827 semus.
241 756 384 838 Insuper
406 756 587 820 autoritate
611 753 796 836 apostolica
817 753 1018 834 inhibemus
1042 773 1085 819 ne
1110 755 1197 820 ullus
1220 755 1397 837 episcopus
1420 755 1473 819 vel
1490 755 1638 838 quelibet
1657 756 1721 822 alia
1739 776 1885 838 persona
1900 758 1943 822 ad
1959 757 2096 824 sinodos

84 866 130 934 νε]
153 864 332 928 conventus
355 861 505 925 forenses
528 880 587 925 vos
610 860 657 924 ire
680 859 733 924 vel
757 859 875 924 iuditio
899 860 1039 926 seculari
1062 861 1104 925 de
1126 862 1238 925 vestra
1261 862 1399 945 propria
1421 861 1610 927 substantia
1627 861 1676 927 νε]
1692 863 1962 945 possessionibus
1978 864 2097 930 vestris

84 971 247 1039 subiacere
270 967 459 1049 compellat,
491 986 552 1032 nec
576 967 618 1031 ad
643 967 759 1032 domos
782 968 912 1030 vestras
935 985 1037 1032 causa
1060 965 1194 1031 ordines
1217 966 1418 1042 celebrandi,
1453 986 1571 1034 causas
1595 969 1759 1034 tractandi
1788 969 1840 1034 vel
1864 969 1995 1052 aliquos
2019 990 2099 1034 con-

83 1079 194 1144 ventus
219 1073 371 1156 publicos
394 1072 598 1137 convocandi
621 1071 735 1137 venire
758 1073 944 1156 presumat,
968 1091 1030 1138 nec
1052 1072 1237 1155 regularem
1260 1071 1457 1138 electionem
1479 1073 1649 1140 abbatisse
1671 1077 1783 1138 vestre
1805 1075 1966 1158 impediat
1983 1078 2041 1141 aut
2057 1075 2099 1140 de

83 1179 281 1249 instituenda
303 1178 356 1244 vel
379 1179 582 1244 removenda
605 1197 654 1259 00,
679 1197 745 1262 que
768 1197 830 1261 pro
854 1180 1007 1261 tempore
1029 1178 1139 1260 fuerit,
1165 1180 1281 1244 contra
1304 1180 1431 1244 statuta
1447 1177 1677 1244 Cisterciensis
1694 1180 1819 1244 ordinis
1836 1201 1871 1246 se
1888 1180 2099 1264 aliquatenus

83 1285 285 1356 intromittat
334 1285 399 1348 Pro
424 1283 732 1350 consecrationibus
755 1303 835 1348 vero
857 1282 1011 1348 altarium
1033 1283 1087 1348 vel
1110 1285 1323 1349 ecclesiarum
1346 1284 1417 1349 sive
1439 1304 1501 1368 pro
1524 1285 1598 1351 oleo
1623 1289 1738 1351 sancto
1760 1287 1813 1352 vel
1829 1285 1981 1368 quolibet
1996 1287 2101 1352 eccle-

82 1393 207 1460 siastico
232 1393 440 1456 sacramento
463 1391 575 1456 nullus
600 1410 619 1453 a
641 1390 736 1454 vobis
760 1391 823 1454 sub
846 1390 986 1454 obtentu
1009 1390 1260 1456 consuetudinis
1283 1391 1337 1455 vel
1353 1390 1418 1456 alio
1434 1391 1535 1454 modo
1556 1393 1738 1474 quicquam
1755 1393 1876 1457 audeat
1891 1393 2099 1475 extorquere,

83 1501 136 1566 sed
158 1500 222 1564 hec
245 1497 356 1562 omnia
378 1496 479 1579 gratis
501 1495 597 1561 vobis
620 1496 797 1578 episcopus
822 1495 1018 1560 diocesanus
1041 1494 1222 1579 impendat.
1269 1495 1428 1579 Alioquin
1444 1496 1541 1562 liceat
1556 1497 1651 1562 vobis
1668 1516 1900 1581 quemcunque
1917 1498 2101 1564 malueritis

85 1603 278 1672 catholicum
314 1603 405 1668 adire
440 1603 623 1668 antistitem
646 1601 785 1685 gratiam
814 1602 848 1666 et
875 1600 1142 1666 communionem
1176 1602 1359 1684 apostolice
1394 1602 1483 1668 sedis
1511 1603 1700 1684 habentem,
1736 1604 1795 1685 qui
1824 1606 1937 1668 nostra
1960 1603 2103 1688 fretus4)

81 1710 256 1778 autoritate
290 1708 386 1774 vobis
419 1708 511 1791 quod
540 1708 730 1792 postulatur
760 1707 951 1791 impendat;
985 1707 1106 1789 quodsi
1133 1708 1230 1773 sedes
1258 1708 1426 1774 diocesani
1457 1707 1607 1792 episcopi
1640 1707 1726 1774 forte
1760 1709 1935 1791 vacaverit,
1970 1708 2103 1774 interim

81 1816 186 1881 omnia
223 1815 447 1880 ecclesiastica
482 1815 689 1880 sacramenta
720 1833 739 1877 a
765 1812 883 1878 vicinis
911 1813 1077 1896 episcopis
1108 1814 1259 1897 accipere
1288 1813 1393 1879 libere
1423 1815 1550 1898 absque
1581 1814 1841 1880 contradictione
1872 1815 2018 1896 possitiS,
2055 1815 2103 1880 sic

80 1929 197 2003 tamen,
235 1925 273 1986 ut
303 1941 343 1986 ex
369 1922 433 1987 hoc
461 1921 496 1985 in
525 1923 698 2003 posterum
731 1919 869 2002 proprio
902 1918 1062 2002 episcopo
1092 1919 1221 1984 nullum
1248 1919 1462 2004 preiuditium
1490 1922 1674 2002 generetur.
1723 1919 1809 1998 Quia
1831 1940 1910 1986 vero
1933 1921 2103 1986 interdum

78 2029 201 2115 proprii
229 2027 378 2111 episcopi
401 2026 531 2110 copiam
554 2045 623 2091 non
645 2025 786 2108 habetis,
823 2025 851 2090 si
875 2045 975 2108 quern
999 2025 1195 2108 episcopum
1219 2027 1372 2092 Romane
1396 2026 1485 2090 sedis
1508 2027 1546 2090 01
1569 2025 1712 2091 diximus
1736 2026 1876 2108 gratiam
1899 2029 1932 2091 et
1955 2046 2103 2092 commu-

80 2137 210 2201 nionem
235 2134 415 2198 habentem
438 2135 472 2198 et
495 2133 536 2198 de
561 2153 628 2216 quo
652 2131 786 2215 plenam
809 2131 963 2196 notitiam
985 2132 1148 2214 habentia,
1172 2152 1233 2215 per
1255 2152 1316 2198 vos
1339 2132 1481 2196 transire
1504 2132 1688 2214 contigerit,
1724 2131 1766 2197 ab
1790 2152 1829 2197 00
1852 2131 2103 2198 benedictiones

79 2240 285 2320 monialium,
319 2258 475 2305 vasorum
508 2242 541 2304 et
570 2238 723 2319 vestium,
760 2237 1027 2304 consecrationes
1058 2237 1212 2302 altarium
1243 2238 1421 2304 autoritate
1450 2238 1540 2303 sedis
1560 2223 1752 2320 'apostolice
1779 2237 1928 2320 recipere
1957 2237 2103 2303 valeatis.

79 2349 179 2414 Porro
202 2345 235 2411 si
259 2345 407 2429 episcopi
437 2344 489 2410 vel
520 2344 576 2410 alii
605 2344 821 2410 ecclesiarum
851 2346 996 2409 rectores
1019 2345 1055 2408 in
1078 2344 1319 2409 monasterium
1341 2348 1489 2410 vestrum
1512 2344 1565 2409 vel
1587 2363 1750 2428 personas
1774 2343 1857 2408 inibi
1881 2343 2104 2426 000011101εεῦ)

78 2452 323 2536 suspensionis
358 2449 707 2516 excommunicationis
743 2451 795 2516 vel
826 2450 996 2516 interdicti
1029 2449 1229 2515 sententiam
1264 2451 1545 2536 promulgaverint
1580 2450 1649 2515 sive
1684 2449 1784 2514 etiarn
1818 2450 1854 2514 in
1883 2449 2105 2514 mercenarios

79 2560 204 2624 vestros
233 2577 295 2640 pro
319 2577 370 2639 eo,
395 2557 486 2640 quod
509 2557 655 2622 decimas
679 2559 716 2621 ut
740 2556 866 2622 dictum
889 2558 1031 2621 estnon
1054 2555 1253 2640 persolvitis
1278 2558 1350 2622 sine
1373 2556 1485 2639 aliqua
1508 2556 1682 2621 occasione
1707 2575 1833 2636 eorum,
1869 2575 1935 2637 que
1958 2556 2000 2619 ab
2025 2576 2106 2638 apo-

79 2664 193 2730 0101100
216 2662 427 2748 benignitate
450 2662 546 2728 vobis
567 2662 696 2728 indulta
711 2665 802 2745 sunt,
826 2682 886 2728 seu
903 2662 967 2746 (in)
984 2663 1214 2728 benefactores
1230 2667 1360 2728 vestros
1376 2683 1438 2746 pro
1455 2682 1506 2744 eo,
1530 2662 1621 2745 quod
1637 2662 1749 2744 aliqua
1763 2661 1859 2726 vobis
1874 2661 2038 2726 beneficia
2052 2662 2107 2726 νε]

81 2770 245 2852 obsequia
269 2791 308 2834 ex
333 2769 492 2834 charitate
515 2769 730 2853 prestiterint
752 2769 804 2835 νε]
828 2768 871 2833 ad
895 2768 1116 2834 laborandum
1139 2769 1327 2834 adiuverint
1349 2768 1385 2834 in
1408 2769 1473 2835 illis
1496 2769 1624 2849 diebus,
1659 2767 1695 2833 in
1719 2767 1839 2850 quibus
1863 2788 1922 2833 vos
1946 2767 2107 2834 laboratis

80 2878 112 2942 et
135 2875 194 2940 alii
216 2874 394 2956 feriantur,
426 2873 601 2960 0011110016)
630 2874 830 2941 sententiam
857 2875 1067 2958 protulerint,
1095 2874 1202 2958 ipsam
1224 2877 1396 2959 tamquam
1418 2877 1535 2941 contra
1558 2877 1742 2958 apostolice
1764 2876 1853 2942 sedis
1877 2877 2006 2943 indulta
2028 2898 2107 2961 pro-

82 2983 178 3046 latam
203 2981 419 3046 decernimus
442 2981 638 3046 irritandam
669 3000 732 3046 nec
755 2980 851 3047 litere
873 2979 931 3046 ille
953 2978 1146 3046 firmitatem
1168 2982 1326 3062 habeant,
1357 3002 1423 3065 que
1446 2983 1547 3046 tacito
1570 2982 1704 3047 nomine
1729 2981 1957 3048 Cisterciensis
1982 2983 2107 3049 ordinis

81 3091 111 3152 et
132 3090 256 3152 contra
284 3087 413 3152 indulta
448 3087 708 3169 apostolicorum
742 3086 990 3170 privilegiorum
1023 3085 1267 3170 constiterint⁷)
1295 3087 1475 3169 impetrari.
1523 3088 1679 3152 Preterea
1706 3107 1782 3152 cum
1805 3107 1981 3152 commune
2003 3089 2108 3152 inter-

81 3193 202 3258 dictum
226 3191 453 3272 terminarit,
488 3192 585 3259 liceat
609 3191 705 3257 vobis
729 3191 943 3257 nihilominus
965 3191 1001 3256 in
1024 3194 1135 3257 vestro
1159 3193 1361 3258 monasterio
1386 3195 1528 3260 exclusis
1553 3193 1844 3258 excommunicatis
1868 3196 1900 3258 et
1924 3193 2108 3259 interdictis

81 3299 188 3364 divina
213 3297 324 3364 offitia
346 3298 525 3363 celebrare.
572 3298 651 3362 Paci
675 3317 808 3382 quoque
832 3301 866 3363 et
887 3297 1120 3382 tranquillitati
1143 3301 1253 3364 vestre
1276 3301 1418 3382 paterna
1440 3299 1663 3382 inposterum
1687 3298 1911 3364 sollicitudine
1931 3300 2108 3384 providere

79 3405 229 3471 volentes
258 3404 437 3468 autoritate
462 3404 648 3488 apostolica
670 3404 900 3487 prohibemus,
935 3406 973 3468 ut
994 3404 1080 3469 infra
1104 3405 1273 3470 clausuras
1296 3405 1444 3471 locorum
1467 3425 1527 3470 seu
1551 3406 1761 3490 grangiarum
1784 3407 1970 3470 vestrarum
1997 3405 2109 3471 nullus

83 3513 236 3592 rapinam
265 3530 325 3575 seu
349 3509 474 3575 furtum
498 3508 616 3592 facere,
648 3511 758 3592 ignem
786 3530 965 3594 apponere,
995 3510 1168 3593 sanginem
1190 3511 1342 3593 fundere,
1366 3511 1535 3577 hominem
1557 3515 1683 3576 temere
1707 3531 1825 3595 capere
1848 3512 1901 3577 vel
1924 3509 2110 3577 interficere

82 3635 138 3680 seu
173 3615 372 3681 violentiam
407 3616 529 3681 audeat
563 3635 726 3682 exercere.
774 3618 930 3681 Preterea
960 3635 1077 3681 omnes
1107 3603 1277 3683 libertates
1306 3620 1339 3682 et
1367 3617 1595 3682 immunitates
1619 3637 1639 3682 a
1661 3617 1952 3700 predecessoribus
1987 3617 2110 3683 nostris

80 3721 246 3787 Romanis
276 3721 490 3806 pontificibus
518 3721 627 3787 ordini
654 3725 767 3787 vestro
794 3741 970 3788 concessas
1001 3741 1132 3787 necnon
1161 3722 1331 3789 libertates
1363 3726 1396 3788 et
1420 3723 1648 3805 exemptiones
1678 3723 1877 3788 secularium
1900 3723 2111 3790 exactionum

80 3829 255 3910 aregibus
272 3830 306 3892 et
322 3827 531 3911 principibus
554 3828 607 3892 vel
631 3827 704 3893 aliis
727 3826 885 3893 fidelibus
908 3829 1149 3894 rationabiliter
1170 3829 1266 3895 vobis
1289 3829 1438 3894 indultas
1462 3829 1642 3895 autoritate
1667 3829 1853 3910 apostolica
1876 3828 2110 3894 confirmamus

79 3937 112 3996 et
133 3933 308 4016 presentis
331 3935 446 4016 scripti
469 3933 640 4017 privilegio
664 3934 917 3999 communimus.
965 3935 1180 4000 Decernimus
1204 3955 1292 4017 ergo,
1317 3937 1354 3999 ut
1378 3935 1460 4000 nulli
1485 3935 1620 4000 omnino
1643 3934 1815 3999 hominum
1832 3935 1929 3999 liceat
1945 3935 2111 4017 prefatum

81 4040 330 4105 monasterium
351 4043 477 4105 temere
500 4040 696 4123 perturbare
720 4043 778 4106 aut
801 4039 872 4104 eius
896 4040 1125 4123 possessiones
1150 4039 1273 4106 0011010
1297 4041 1350 4104 νε]
1374 4042 1503 4106 ablatas
1527 4042 1681 4122 retinere,
1716 4039 1866 4104 minuere
1889 4059 1949 4103 seu
1973 4039 2112 4122 quibus-
2209 4038 2218 4054 '

81 4144 158 4209 libet
181 4146 422 4211 vexationibus
445 4146 591 4228 fatigare,
616 4147 675 4211 sed
699 4147 813 4212 omnia
835 4147 962 4228 integra
986 4150 1226 4211 conserventur
1249 4166 1374 4228 earum,
1400 4166 1459 4228 pro
1483 4165 1624 4228 quarum
1649 4145 1891 4228 gubernatione
1918 4165 1957 4210 ac
1980 4148 2111 4210 susten-

77 4252 201 4317 tatione
241 4272 405 4317 concessa
440 4255 519 4316 sunt
552 4253 670 4317 usibus
708 4253 909 4317 omnimodis
942 4255 1130 4333 profutura,
1166 4251 1257 4316 salva
1291 4251 1381 4318 sedis
1411 4252 1594 4335 apostolice
1623 4252 1804 4316 autoritate
1832 4253 1867 4315 et
1896 4251 1931 4314 in
1952 4252 2110 4335 predictis

78 4356 215 4421 decimis
241 4358 476 4423 moderatione
499 4357 630 4423 concilii
653 4357 826 4441 generalia.
874 4357 1000 4440 Siqua
1023 4357 1122 4439 igitur
1144 4359 1180 4422 in
1204 4359 1354 4425 futurum
1377 4357 1600 4424 ecclesiastica
1629 4357 1829 4423 secularisve
1859 4376 2003 4440 persona
2026 4358 2112 4422 hanc

79 4467 193 4528 nostre
231 4463 484 4529 constitutionis
518 4464 673 4547 paginam
709 4464 817 4529 sciens
847 4466 965 4528 contra
993 4483 1068 4528 eam
1097 4463 1210 4528 venire
1240 4464 1464 4546 temptaverit,
1488 4464 1636 4528 secundo
1659 4463 1801 4528 tertiove
1823 4463 2024 4527 commonita
2047 4462 2112 4526 nisi

79 4571 210 4636 reatum
249 4588 352 4634 suum
386 4567 534 4652 congrua
568 4569 792 4635 satisfactione
827 4570 1015 4648 correxerit,
1050 4569 1225 4652 potestatis
1254 4570 1457 4651 honorisque
1486 4570 1538 4635 sui
1565 4570 1676 4633 careat
1707 4568 1866 4651 dignitate
1895 4586 2053 4650 reamque
2076 4589 2112 4634 se

79 4675 192 4740 divino
230 4675 354 4740 iuditio
390 4676 531 4741 existere
560 4676 601 4740 de
631 4677 826 4758 perpetrata
857 4674 1034 4760 iniquitate
1066 4679 1243 4757 cognoscat
1266 4681 1301 4741 et
1323 4695 1341 4740 a
1366 4675 1589 4740 sacratissimo
1613 4694 1753 4757 corpore
1777 4677 1810 4738 01
1834 4673 1971 4757 sangine
1994 4673 2056 4740 Dei
2079 4677 2113 4739 et

80 4781 205 4846 11001101
232 4781 458 4864 redemptoris
482 4781 587 4845 nostri
610 4781 713 4847 Jlresu
730 4779 852 4844 Christi
875 4782 984 4846 aliena
1007 4779 1067 4845 fiat
1090 4786 1192 4864 atque
1214 4782 1249 4846 in
1274 4785 1420 4848 extremo
1445 4781 1594 4846 examine
1618 4781 1766 4845 districte
1789 4781 1961 4845 subiaceat
1984 4780 2111 4846 ultioni.

79 4885 222 4953 Cunctis
262 4890 375 4952 autem
410 4887 519 4952 eidem
552 4885 625 4953 loco
653 4905 715 4951 sua
743 4887 817 4950 iura
844 4887 1055 4952 servantibus
1085 4889 1130 4952 sit
1152 4907 1217 4970 pax
1241 4887 1368 4952 domini
1390 4887 1500 4964 nostri
1521 4889 1623 4953 Jhesu
1648 4886 1780 4966 Christi,
1816 4890 1981 4969 quatenus
2006 4885 2114 4951 ethic

78 4991 227 5058 fructum
265 4994 355 5059 bone
387 4993 526 5058 actionis
562 4993 750 5075 percipiant
780 4995 814 5057 et
842 4993 933 5075 apud
961 4993 1150 5058 districtum
1177 4993 1321 5059 iudicem
1350 4994 1478 5077 premia
1508 4997 1623 5059 eterne
1651 4993 1743 5076 pacis
1765 4993 1946 5058 inveniant.
1993 4991 2113 5072 Amen,

78 5115 190 5180 amen,
216 5119 331 5166 amen.

559 5204 627 5286 Ego
651 5204 841 5270 Alexander
863 5205 1027 5270 catholice
1051 5205 1189 5270 ecclesie
1212 5206 1399 5288 episcopua.

518 5311 541 5394 †
565 5310 633 5395 Ego
657 5310 760 5375 frater
783 5311 952 5376 lohannes
976 5310 1084 5374 sancti
1107 5311 1278 5376 Laurentii
1300 5311 1336 5376 in
1357 5311 1483 5376 Lucina
1505 5312 1672 5395 presbiter
1695 5310 1882 5376 cardinalis

516 5417 539 5500 †
563 5417 634 5499 Ego
656 5415 759 5482 frater
783 5415 881 5498 Hugo
904 5419 1019 5482 sancte
1043 5416 1166 5482 Sabine
1190 5417 1356 5499 presbiter
1378 5417 1564 5482 cardinalis.
