<?xml version="1.0" encoding="UTF-8"?>
<!DOCTYPE html PUBLIC "-//W3C//DTD XHTML 1.0 Transitional//EN"
    "http://www.w3.org/TR/xhtml1/DTD/xhtml1-transitional.dtd">
<html xmlns="http://www.w3.org/1999/xhtml" xml:lang="en" lang="en">
 <head>
  <title>
</title>
<meta http-equiv="Content-Type" content="text/html;charset=utf-8" />
  <meta name='ocr-system' content='tesseract 3.04.00' />
  <meta name='ocr-capabilities' content='ocr_page ocr_carea ocr_par ocr_line ocrx_word'/>
</head>
<body>
  <div class='ocr_page' id='page_1' title='image "./westflischesurk00westgoog_0373.png"; bbox 0 0 5062 6776; ppageno 0'>
   <div class='ocr_carea' id='block_1_1' title="bbox 425 424 1461 494">
    <p class='ocr_par' dir='ltr' id='par_1_1' title="bbox 425 424 1461 494">
     <span class='ocr_line' id='line_1_1' title="bbox 425 424 1461 494; baseline 0.001 -2"><span class='ocrx_word' id='word_1_1' title='bbox 425 424 492 492; x_wconf 78' lang='lat'>356</span> <span class='ocrx_word' id='word_1_2' title='bbox 1392 439 1461 494; x_wconf 79' lang='lat'>1278</span> 
     </span>
    </p>
   </div>
   <div class='ocr_carea' id='block_1_2' title="bbox 1383 637 1491 716">
    <p class='ocr_par' dir='ltr' id='par_1_2' title="bbox 1383 637 1491 716">
     <span class='ocr_line' id='line_1_2' title="bbox 1383 637 1491 716; baseline 0.019 -2"><span class='ocrx_word' id='word_1_3' title='bbox 1383 637 1491 716; x_wconf 79' lang='lat'><strong>1124.</strong></span> 
     </span>
    </p>
   </div>
   <div class='ocr_carea' id='block_1_3' title="bbox 423 763 2443 966">
    <p class='ocr_par' dir='ltr' id='par_1_3' title="bbox 423 763 2443 966">
     <span class='ocr_line' id='line_1_3' title="bbox 426 763 2443 856; baseline 0.003 -20"><span class='ocrx_word' id='word_1_4' title='bbox 426 765 575 854; x_wconf 76' lang='lat' dir='ltr'>Bischos</span> <span class='ocrx_word' id='word_1_5' title='bbox 603 765 748 856; x_wconf 79' lang='lat' dir='ltr'>Volquin</span> <span class='ocrx_word' id='word_1_6' title='bbox 774 785 837 835; x_wconf 82' lang='lat' dir='ltr'>von</span> <span class='ocrx_word' id='word_1_7' title='bbox 866 763 1017 836; x_wconf 73' lang='lat' dir='ltr'>Mindon</span> <span class='ocrx_word' id='word_1_8' title='bbox 1057 764 1236 853; x_wconf 74' lang='lat' dir='ltr'>destinent,</span> <span class='ocrx_word' id='word_1_9' title='bbox 1273 764 1356 835; x_wconf 79' lang='lat' dir='ltr'>dass</span> <span class='ocrx_word' id='word_1_10' title='bbox 1389 764 1576 855; x_wconf 75' lang='lat' dir='ltr'>derjenipe,</span> <span class='ocrx_word' id='word_1_11' title='bbox 1618 763 1760 836; x_wconf 80' lang='lat' dir='ltr'>welcher</span> <span class='ocrx_word' id='word_1_12' title='bbox 1800 765 1888 836; x_wconf 77' lang='lat' dir='ltr'>noch</span> <span class='ocrx_word' id='word_1_13' title='bbox 1923 767 1985 837; x_wconf 82' lang='lat' dir='ltr'>cler</span> <span class='ocrx_word' id='word_1_14' title='bbox 2018 765 2200 838; x_wconf 73' lang='lat' dir='ltr'>Protendo</span> <span class='ocrx_word' id='word_1_15' title='bbox 2240 769 2333 839; x_wconf 61' lang='lat' dir='ltr'>dnm</span> <span class='ocrx_word' id='word_1_16' title='bbox 2364 771 2443 842; x_wconf 73' lang='lat' dir='ltr'>noct</span> 
     </span>
     <span class='ocr_line' id='line_1_4' title="bbox 423 869 2443 966; baseline 0.001 -22"><span class='ocrx_word' id='word_1_17' title='bbox 423 873 606 944; x_wconf 63' lang='lat' dir='ltr'>moenum</span> <span class='ocrx_word' id='word_1_18' title='bbox 640 871 751 961; x_wconf 80' lang='lat' dir='ltr'>strebt,</span> <span class='ocrx_word' id='word_1_19' title='bbox 792 869 1024 942; x_wconf 77' lang='lat' dir='ltr'>admmtltclwr</span> <span class='ocrx_word' id='word_1_20' title='bbox 1063 869 1271 942; x_wconf 77' lang='lat' dir='ltr'>lirctliclteo</span> <span class='ocrx_word' id='word_1_21' title='bbox 1308 871 1504 960; x_wconf 73' lang='lat' dir='ltr'>Benefizieo</span> <span class='ocrx_word' id='word_1_22' title='bbox 1543 871 1581 941; x_wconf 79' lang='lat' dir='ltr'>in</span> <span class='ocrx_word' id='word_1_23' title='bbox 1618 871 1680 943; x_wconf 82' lang='lat' dir='ltr'>cler</span> <span class='ocrx_word' id='word_1_24' title='bbox 1707 870 1807 942; x_wconf 77' lang='grc' dir='ltr'><strong>81αά1</strong></span> <span class='ocrx_word' id='word_1_25' title='bbox 1838 871 1911 943; x_wconf 81' lang='lat' dir='ltr'>und</span> <span class='ocrx_word' id='word_1_26' title='bbox 1938 871 2083 944; x_wconf 77' lang='lat' dir='ltr'>Didzese</span> <span class='ocrx_word' id='word_1_27' title='bbox 2111 873 2260 945; x_wconf 81' lang='lat' dir='ltr'>Minden</span> <span class='ocrx_word' id='word_1_28' title='bbox 2289 875 2443 966; x_wconf 73' lang='lat' dir='ltr'>vertadiy</span> 
     </span>
    </p>
   </div>
   <div class='ocr_carea' id='block_1_4' title="bbox 1149 975 1730 1068">
    <p class='ocr_par' dir='ltr' id='par_1_4' title="bbox 1149 975 1730 1068">
     <span class='ocr_line' id='line_1_5' title="bbox 1149 975 1730 1068; baseline 0.003 -20"><span class='ocrx_word' id='word_1_29' title='bbox 1149 977 1256 1068; x_wconf 69' lang='lat' dir='ltr'>pelea</span> <span class='ocrx_word' id='word_1_30' title='bbox 1284 977 1372 1048; x_wconf 81' lang='lat' dir='ltr'>solta.</span> <span class='ocrx_word' id='word_1_31' title='bbox 1429 975 1533 1049; x_wconf 85' lang='grc'><strong>1278</strong></span> <span class='ocrx_word' id='word_1_32' title='bbox 1562 977 1643 1050; x_wconf 75' lang='lat' dir='ltr'>Mat</span> <span class='ocrx_word' id='word_1_33' title='bbox 1670 975 1730 1050; x_wconf 87' lang='grc'>28.</span> 
     </span>
    </p>
   </div>
   <div class='ocr_carea' id='block_1_5' title="bbox 420 1094 2448 2456">
    <p class='ocr_par' dir='ltr' id='par_1_5' title="bbox 420 1094 2448 2456">
     <span class='ocr_line' id='line_1_6' title="bbox 529 1094 2444 1179; baseline 0.002 -18"><span class='ocrx_word' id='word_1_34' title='bbox 529 1095 715 1178; x_wconf 87' lang='lat' dir='ltr'>Volquinus</span> <span class='ocrx_word' id='word_1_35' title='bbox 737 1095 798 1160; x_wconf 91' lang='lat' dir='ltr'>Dei</span> <span class='ocrx_word' id='word_1_36' title='bbox 821 1095 930 1179; x_wconf 82' lang='lat' dir='ltr'>gracia</span> <span class='ocrx_word' id='word_1_37' title='bbox 953 1094 1135 1160; x_wconf 88' lang='lat' dir='ltr'>Mindensis</span> <span class='ocrx_word' id='word_1_38' title='bbox 1159 1095 1296 1161; x_wconf 80' lang='lat' dir='ltr'>ecclesie</span> <span class='ocrx_word' id='word_1_39' title='bbox 1320 1095 1498 1179; x_wconf 90' lang='lat' dir='ltr'>episcopus</span> <span class='ocrx_word' id='word_1_40' title='bbox 1522 1095 1564 1161; x_wconf 90' lang='lat' dir='ltr'>ad</span> <span class='ocrx_word' id='word_1_41' title='bbox 1588 1095 1823 1160; x_wconf 75' lang='lat' dir='ltr'>certitudinem</span> <span class='ocrx_word' id='word_1_42' title='bbox 1851 1095 2061 1178; x_wconf 86' lang='lat' dir='ltr'>presencium</span> <span class='ocrx_word' id='word_1_43' title='bbox 2088 1098 2122 1162; x_wconf 93' lang='lat' dir='ltr'>et</span> <span class='ocrx_word' id='word_1_44' title='bbox 2143 1097 2339 1164; x_wconf 84' lang='lat' dir='ltr'>memoriam</span> <span class='ocrx_word' id='word_1_45' title='bbox 2360 1098 2444 1165; x_wconf 82' lang='lat' dir='ltr'>tutu·</span> 
     </span>
     <span class='ocr_line' id='line_1_7' title="bbox 421 1200 2444 1287; baseline 0.001 -20"><span class='ocrx_word' id='word_1_46' title='bbox 421 1223 545 1268; x_wconf 90' lang='lat' dir='ltr'>rorum.</span> <span class='ocrx_word' id='word_1_47' title='bbox 592 1202 680 1267; x_wconf 89' lang='lat' dir='ltr'>Olim</span> <span class='ocrx_word' id='word_1_48' title='bbox 703 1221 723 1265; x_wconf 89' lang='lat' dir='ltr'>a</span> <span class='ocrx_word' id='word_1_49' title='bbox 746 1203 871 1267; x_wconf 90' lang='lat' dir='ltr'>sanctis</span> <span class='ocrx_word' id='word_1_50' title='bbox 894 1202 1049 1284; x_wconf 89' lang='lat' dir='ltr'>patribus</span> <span class='ocrx_word' id='word_1_51' title='bbox 1073 1201 1220 1266; x_wconf 90' lang='lat' dir='ltr'>noscitur</span> <span class='ocrx_word' id='word_1_52' title='bbox 1243 1201 1444 1283; x_wconf 86' lang='lat' dir='ltr'>institutum,</span> <span class='ocrx_word' id='word_1_53' title='bbox 1468 1205 1506 1268; x_wconf 91' lang='lat' dir='ltr'>ut</span> <span class='ocrx_word' id='word_1_54' title='bbox 1529 1202 1641 1267; x_wconf 90' lang='lat' dir='ltr'>nullus</span> <span class='ocrx_word' id='word_1_55' title='bbox 1664 1222 1705 1266; x_wconf 83' lang='lat' dir='ltr'>ex</span> <span class='ocrx_word' id='word_1_56' title='bbox 1729 1200 1816 1267; x_wconf 89' lang='lat' dir='ltr'>clero</span> <span class='ocrx_word' id='word_1_57' title='bbox 1840 1202 2012 1268; x_wconf 75' lang='lat' dir='ltr'>ordinetur</span> <span class='ocrx_word' id='word_1_58' title='bbox 2035 1201 2069 1266; x_wconf 88' lang='lat' dir='ltr'>in</span> <span class='ocrx_word' id='word_1_59' title='bbox 2092 1203 2203 1268; x_wconf 90' lang='lat' dir='ltr'>locum</span> <span class='ocrx_word' id='word_1_60' title='bbox 2224 1203 2384 1287; x_wconf 90' lang='lat' dir='ltr'>viventis,</span> <span class='ocrx_word' id='word_1_61' title='bbox 2406 1225 2444 1270; x_wconf 90' lang='lat' dir='ltr'>ne</span> 
     </span>
     <span class='ocr_line' id='line_1_8' title="bbox 421 1304 2446 1392; baseline 0.001 -19"><span class='ocrx_word' id='word_1_62' title='bbox 421 1311 498 1392; x_wconf 90' lang='lat' dir='ltr'>quis</span> <span class='ocrx_word' id='word_1_63' title='bbox 524 1304 714 1374; x_wconf 89' lang='lat' dir='ltr'>desiderare</span> <span class='ocrx_word' id='word_1_64' title='bbox 737 1309 880 1372; x_wconf 82' lang='lat' dir='ltr'>mortem</span> <span class='ocrx_word' id='word_1_65' title='bbox 903 1308 1047 1392; x_wconf 86' lang='lat' dir='ltr'>proximi</span> <span class='ocrx_word' id='word_1_66' title='bbox 1071 1308 1239 1390; x_wconf 89' lang='lat' dir='ltr'>videatur,</span> <span class='ocrx_word' id='word_1_67' title='bbox 1265 1328 1342 1374; x_wconf 86' lang='lat' dir='ltr'>curn</span> <span class='ocrx_word' id='word_1_68' title='bbox 1365 1309 1429 1373; x_wconf 90' lang='lat' dir='ltr'>hoc</span> <span class='ocrx_word' id='word_1_69' title='bbox 1451 1309 1550 1372; x_wconf 91' lang='lat' dir='ltr'>etiam</span> <span class='ocrx_word' id='word_1_70' title='bbox 1575 1309 1662 1390; x_wconf 80' lang='lat' dir='ltr'>leges</span> <span class='ocrx_word' id='word_1_71' title='bbox 1685 1307 1857 1391; x_wconf 81' lang='lat' dir='ltr'>gentilium</span> <span class='ocrx_word' id='word_1_72' title='bbox 1880 1307 2127 1392; x_wconf 83' lang='lat' dir='ltr'>condempnare</span> <span class='ocrx_word' id='word_1_73' title='bbox 2150 1313 2317 1375; x_wconf 86' lang='lat' dir='ltr'>curarent.</span> <span class='ocrx_word' id='word_1_74' title='bbox 2364 1312 2446 1376; x_wconf 90' lang='lat' dir='ltr'>Sane</span> 
     </span>
     <span class='ocr_line' id='line_1_9' title="bbox 421 1412 2446 1498; baseline 0.001 -18"><span class='ocrx_word' id='word_1_75' title='bbox 421 1413 592 1480; x_wconf 83' lang='lat' dir='ltr'>lohannes</span> <span class='ocrx_word' id='word_1_76' title='bbox 618 1415 659 1479; x_wconf 94' lang='lat' dir='ltr'>de</span> <span class='ocrx_word' id='word_1_77' title='bbox 682 1413 865 1480; x_wconf 90' lang='lat' dir='ltr'>Beldersen</span> <span class='ocrx_word' id='word_1_78' title='bbox 889 1412 1028 1478; x_wconf 88' lang='lat' dir='ltr'>clericus</span> <span class='ocrx_word' id='word_1_79' title='bbox 1053 1415 1085 1477; x_wconf 90' lang='lat' dir='ltr'>et</span> <span class='ocrx_word' id='word_1_80' title='bbox 1110 1413 1167 1478; x_wconf 91' lang='lat' dir='ltr'>alii</span> <span class='ocrx_word' id='word_1_81' title='bbox 1182 1414 1328 1496; x_wconf 84' lang='lat' dir='ltr'>¹quidam</span> <span class='ocrx_word' id='word_1_82' title='bbox 1351 1415 1512 1498; x_wconf 88' lang='lat' dir='ltr'>premisse</span> <span class='ocrx_word' id='word_1_83' title='bbox 1536 1413 1783 1481; x_wconf 72' lang='lat' dir='ltr'>constitutionis</span> <span class='ocrx_word' id='word_1_84' title='bbox 1807 1416 1864 1480; x_wconf 94' lang='lat' dir='ltr'>aut</span> <span class='ocrx_word' id='word_1_85' title='bbox 1888 1419 2135 1497; x_wconf 83' lang='lat' dir='ltr'>contemptores</span> <span class='ocrx_word' id='word_1_86' title='bbox 2157 1419 2217 1481; x_wconf 88' lang='lat' dir='ltr'>eut</span> <span class='ocrx_word' id='word_1_87' title='bbox 2239 1417 2446 1482; x_wconf 83' lang='lat' dir='ltr'>immemores</span> 
     </span>
     <span class='ocr_line' id='line_1_10' title="bbox 422 1519 2446 1605; baseline -0 -18"><span class='ocrx_word' id='word_1_88' title='bbox 422 1524 612 1605; x_wconf 81' lang='lat' dir='ltr'>satagentes</span> <span class='ocrx_word' id='word_1_89' title='bbox 639 1521 675 1585; x_wconf 93' lang='lat' dir='ltr'>in</span> <span class='ocrx_word' id='word_1_90' title='bbox 704 1521 814 1585; x_wconf 93' lang='lat' dir='ltr'>locum</span> <span class='ocrx_word' id='word_1_91' title='bbox 842 1521 1030 1586; x_wconf 86' lang='lat' dir='ltr'>vivencium</span> <span class='ocrx_word' id='word_1_92' title='bbox 1061 1540 1098 1584; x_wconf 91' lang='lat' dir='ltr'>se</span> <span class='ocrx_word' id='word_1_93' title='bbox 1126 1519 1268 1602; x_wconf 90' lang='lat' dir='ltr'>institui,</span> <span class='ocrx_word' id='word_1_94' title='bbox 1298 1521 1334 1584; x_wconf 90' lang='lat' dir='ltr'>in</span> <span class='ocrx_word' id='word_1_95' title='bbox 1366 1522 1480 1586; x_wconf 85' lang='lat' dir='ltr'>nostra</span> <span class='ocrx_word' id='word_1_96' title='bbox 1509 1521 1674 1587; x_wconf 90' lang='lat' dir='ltr'>Mindensi</span> <span class='ocrx_word' id='word_1_97' title='bbox 1698 1520 1837 1586; x_wconf 90' lang='lat' dir='ltr'>ecclesia</span> <span class='ocrx_word' id='word_1_98' title='bbox 1868 1522 1909 1585; x_wconf 89' lang='lat' dir='ltr'>de</span> <span class='ocrx_word' id='word_1_99' title='bbox 1939 1520 2026 1586; x_wconf 90' lang='lat' dir='ltr'>facto</span> <span class='ocrx_word' id='word_1_100' title='bbox 2055 1526 2320 1605; x_wconf 89' lang='lat' dir='ltr'>procuraverunt</span> <span class='ocrx_word' id='word_1_101' title='bbox 2350 1543 2386 1589; x_wconf 86' lang='lat' dir='ltr'>se</span> <span class='ocrx_word' id='word_1_102' title='bbox 2408 1523 2446 1587; x_wconf 91' lang='lat' dir='ltr'>ad</span> 
     </span>
     <span class='ocr_line' id='line_1_11' title="bbox 420 1625 2446 1713; baseline -0.001 -19"><span class='ocrx_word' id='word_1_103' title='bbox 420 1627 586 1694; x_wconf 88' lang='lat' dir='ltr'>beneficia</span> <span class='ocrx_word' id='word_1_104' title='bbox 609 1647 677 1693; x_wconf 96' lang='lat' dir='ltr'>non</span> <span class='ocrx_word' id='word_1_105' title='bbox 699 1627 857 1692; x_wconf 86' lang='lat' dir='ltr'>vacancia</span> <span class='ocrx_word' id='word_1_106' title='bbox 879 1626 1049 1691; x_wconf 88' lang='lat' dir='ltr'>installari.</span> <span class='ocrx_word' id='word_1_107' title='bbox 1098 1627 1150 1691; x_wconf 91' lang='lat' dir='ltr'>Ne</span> <span class='ocrx_word' id='word_1_108' title='bbox 1173 1625 1273 1708; x_wconf 83' lang='lat' dir='ltr'>igitur</span> <span class='ocrx_word' id='word_1_109' title='bbox 1296 1625 1374 1691; x_wconf 84' lang='lat' dir='ltr'>facti</span> <span class='ocrx_word' id='word_1_110' title='bbox 1399 1626 1599 1710; x_wconf 88' lang='lat' dir='ltr'>perversitas</span> <span class='ocrx_word' id='word_1_111' title='bbox 1622 1629 1771 1692; x_wconf 88' lang='lat' dir='ltr'>transeat</span> <span class='ocrx_word' id='word_1_112' title='bbox 1793 1627 2084 1710; x_wconf 89' lang='lat' dir='ltr'>presumptoribus</span> <span class='ocrx_word' id='word_1_113' title='bbox 2107 1627 2142 1691; x_wconf 93' lang='lat' dir='ltr'>in</span> <span class='ocrx_word' id='word_1_114' title='bbox 2165 1630 2367 1713; x_wconf 87' lang='lat' dir='ltr'>exemplum,</span> <span class='ocrx_word' id='word_1_115' title='bbox 2390 1649 2446 1693; x_wconf 90' lang='lat' dir='ltr'>nos</span> 
     </span>
     <span class='ocr_line' id='line_1_12' title="bbox 423 1732 2447 1817; baseline 0 -18"><span class='ocrx_word' id='word_1_116' title='bbox 423 1734 585 1817; x_wconf 92' lang='lat' dir='ltr'>requisito</span> <span class='ocrx_word' id='word_1_117' title='bbox 609 1753 777 1798; x_wconf 88' lang='lat' dir='ltr'>consensu</span> <span class='ocrx_word' id='word_1_118' title='bbox 801 1732 1005 1815; x_wconf 75' lang='lat' dir='ltr'>singulorum</span> <span class='ocrx_word' id='word_1_119' title='bbox 1030 1733 1072 1797; x_wconf 89' lang='lat' dir='ltr'>de</span> <span class='ocrx_word' id='word_1_120' title='bbox 1088 1732 1232 1816; x_wconf 89' lang='lat' dir='ltr'>capitulo</span> <span class='ocrx_word' id='word_1_121' title='bbox 1257 1735 1370 1798; x_wconf 91' lang='lat' dir='ltr'>nostro</span> <span class='ocrx_word' id='word_1_122' title='bbox 1394 1733 1571 1798; x_wconf 84' lang='lat' dir='ltr'>statuimus</span> <span class='ocrx_word' id='word_1_123' title='bbox 1588 1735 1622 1797; x_wconf 91' lang='lat' dir='ltr'>et</span> <span class='ocrx_word' id='word_1_124' title='bbox 1637 1733 1753 1798; x_wconf 87' lang='lat' dir='ltr'>habita</span> <span class='ocrx_word' id='word_1_125' title='bbox 1776 1732 1927 1816; x_wconf 90' lang='lat' dir='ltr'>ipsorum</span> <span class='ocrx_word' id='word_1_126' title='bbox 1943 1733 2090 1798; x_wconf 90' lang='lat' dir='ltr'>omnium</span> <span class='ocrx_word' id='word_1_127' title='bbox 2113 1734 2264 1798; x_wconf 90' lang='lat' dir='ltr'>unanimi</span> <span class='ocrx_word' id='word_1_128' title='bbox 2280 1735 2447 1800; x_wconf 89' lang='lat' dir='ltr'>voluntate</span> 
     </span>
     <span class='ocr_line' id='line_1_13' title="bbox 421 1838 2446 1924; baseline -0.001 -18"><span class='ocrx_word' id='word_1_129' title='bbox 421 1861 498 1906; x_wconf 91' lang='lat' dir='ltr'>cum</span> <span class='ocrx_word' id='word_1_130' title='bbox 521 1859 609 1924; x_wconf 92' lang='lat' dir='ltr'>pene</span> <span class='ocrx_word' id='word_1_131' title='bbox 632 1839 817 1905; x_wconf 87' lang='lat' dir='ltr'>adiectione</span> <span class='ocrx_word' id='word_1_132' title='bbox 847 1839 1028 1919; x_wconf 70' lang='lat' dir='ltr'>sanximus</span> <span class='ocrx_word' id='word_1_133' title='bbox 1057 1841 1095 1905; x_wconf 92' lang='lat' dir='ltr'>ut</span> <span class='ocrx_word' id='word_1_134' title='bbox 1117 1839 1319 1922; x_wconf 85' lang='lat' dir='ltr'>quicumque</span> <span class='ocrx_word' id='word_1_135' title='bbox 1343 1839 1422 1903; x_wconf 90' lang='lat' dir='ltr'>talia</span> <span class='ocrx_word' id='word_1_136' title='bbox 1451 1838 1493 1904; x_wconf 91' lang='lat' dir='ltr'>de</span> <span class='ocrx_word' id='word_1_137' title='bbox 1524 1843 1634 1906; x_wconf 90' lang='lat' dir='ltr'>cetero</span> <span class='ocrx_word' id='word_1_138' title='bbox 1666 1839 1901 1923; x_wconf 83' lang='lat' dir='ltr'>supersticiose</span> <span class='ocrx_word' id='word_1_139' title='bbox 1931 1839 2169 1906; x_wconf 87' lang='lat' dir='ltr'>adinventione</span> <span class='ocrx_word' id='word_1_140' title='bbox 2197 1841 2446 1924; x_wconf 79' lang='lat' dir='ltr'>presumpserit,</span> 
     </span>
     <span class='ocr_line' id='line_1_14' title="bbox 421 1944 2447 2030; baseline 0 -19"><span class='ocrx_word' id='word_1_141' title='bbox 421 1946 511 2012; x_wconf 90' lang='lat' dir='ltr'>idem</span> <span class='ocrx_word' id='word_1_142' title='bbox 533 1949 748 2030; x_wconf 87' lang='lat' dir='ltr'>presumptor</span> <span class='ocrx_word' id='word_1_143' title='bbox 771 1949 809 2010; x_wconf 91' lang='lat' dir='ltr'>ut</span> <span class='ocrx_word' id='word_1_144' title='bbox 832 1945 867 2010; x_wconf 92' lang='lat' dir='ltr'>in</span> <span class='ocrx_word' id='word_1_145' title='bbox 890 1965 940 2025; x_wconf 89' lang='lat' dir='ltr'>eo,</span> <span class='ocrx_word' id='word_1_146' title='bbox 964 1945 998 2009; x_wconf 94' lang='lat' dir='ltr'>in</span> <span class='ocrx_word' id='word_1_147' title='bbox 1022 1965 1089 2028; x_wconf 93' lang='lat' dir='ltr'>quo</span> <span class='ocrx_word' id='word_1_148' title='bbox 1114 1945 1317 2029; x_wconf 88' lang='lat' dir='ltr'>deliquerat,</span> <span class='ocrx_word' id='word_1_149' title='bbox 1348 1946 1525 2028; x_wconf 87' lang='lat' dir='ltr'>puniatur,</span> <span class='ocrx_word' id='word_1_150' title='bbox 1554 1945 1683 2011; x_wconf 91' lang='lat' dir='ltr'>nullum</span> <span class='ocrx_word' id='word_1_151' title='bbox 1710 1945 1908 2010; x_wconf 88' lang='lat' dir='ltr'>beneficium</span> <span class='ocrx_word' id='word_1_152' title='bbox 1936 1944 2211 2018; x_wconf 81' lang='lat' dir='ltr'>ecclesiasticum,</span> <span class='ocrx_word' id='word_1_153' title='bbox 2245 1947 2447 2030; x_wconf 86' lang='lat' dir='ltr'>prebendam</span> 
     </span>
     <span class='ocr_line' id='line_1_15' title="bbox 420 2051 2447 2136; baseline 0 -18"><span class='ocrx_word' id='word_1_154' title='bbox 420 2051 576 2118; x_wconf 86' lang='lat' dir='ltr'>videlicet</span> <span class='ocrx_word' id='word_1_155' title='bbox 598 2052 651 2117; x_wconf 90' lang='lat' dir='ltr'>vel</span> <span class='ocrx_word' id='word_1_156' title='bbox 675 2051 848 2116; x_wconf 89' lang='lat' dir='ltr'>ecclesiam</span> <span class='ocrx_word' id='word_1_157' title='bbox 871 2052 907 2116; x_wconf 94' lang='lat' dir='ltr'>in</span> <span class='ocrx_word' id='word_1_158' title='bbox 928 2051 1094 2116; x_wconf 89' lang='lat' dir='ltr'>Mindensi</span> <span class='ocrx_word' id='word_1_159' title='bbox 1119 2051 1250 2116; x_wconf 88' lang='lat' dir='ltr'>civitate</span> <span class='ocrx_word' id='word_1_160' title='bbox 1274 2051 1326 2116; x_wconf 91' lang='lat' dir='ltr'>vel</span> <span class='ocrx_word' id='word_1_161' title='bbox 1350 2051 1482 2133; x_wconf 84' lang='lat' dir='ltr'>dyocesi</span> <span class='ocrx_word' id='word_1_162' title='bbox 1511 2052 1656 2136; x_wconf 89' lang='lat' dir='ltr'>amplius</span> <span class='ocrx_word' id='word_1_163' title='bbox 1688 2055 1927 2135; x_wconf 86' lang='lat' dir='ltr'>consequatur,</span> <span class='ocrx_word' id='word_1_164' title='bbox 1956 2053 2016 2117; x_wconf 91' lang='lat' dir='ltr'>sed</span> <span class='ocrx_word' id='word_1_165' title='bbox 2042 2053 2179 2136; x_wconf 89' lang='lat' dir='ltr'>penitus</span> <span class='ocrx_word' id='word_1_166' title='bbox 2208 2053 2249 2118; x_wconf 92' lang='lat' dir='ltr'>de</span> <span class='ocrx_word' id='word_1_167' title='bbox 2277 2055 2370 2118; x_wconf 92' lang='lat' dir='ltr'>omni</span> <span class='ocrx_word' id='word_1_168' title='bbox 2393 2073 2447 2136; x_wconf 88' lang='lat' dir='ltr'>spe</span> 
     </span>
     <span class='ocr_line' id='line_1_16' title="bbox 422 2157 2448 2243; baseline 0 -19"><span class='ocrx_word' id='word_1_169' title='bbox 422 2162 456 2224; x_wconf 92' lang='lat' dir='ltr'>et</span> <span class='ocrx_word' id='word_1_170' title='bbox 479 2157 642 2222; x_wconf 89' lang='lat' dir='ltr'>beneficio</span> <span class='ocrx_word' id='word_1_171' title='bbox 666 2157 870 2242; x_wconf 87' lang='lat' dir='ltr'>acquirendo</span> <span class='ocrx_word' id='word_1_172' title='bbox 893 2158 930 2223; x_wconf 93' lang='lat' dir='ltr'>in</span> <span class='ocrx_word' id='word_1_173' title='bbox 952 2157 1111 2240; x_wconf 89' lang='lat' dir='ltr'>predictis</span> <span class='ocrx_word' id='word_1_174' title='bbox 1135 2157 1267 2222; x_wconf 89' lang='lat' dir='ltr'>civitate</span> <span class='ocrx_word' id='word_1_175' title='bbox 1291 2177 1329 2221; x_wconf 86' lang='lat' dir='ltr'>ac</span> <span class='ocrx_word' id='word_1_176' title='bbox 1355 2157 1485 2237; x_wconf 88' lang='lat' dir='ltr'>dyocesi</span> <span class='ocrx_word' id='word_1_177' title='bbox 1510 2178 1549 2223; x_wconf 94' lang='lat' dir='ltr'>eo</span> <span class='ocrx_word' id='word_1_178' title='bbox 1573 2159 1647 2241; x_wconf 90' lang='lat' dir='ltr'>ipso</span> <span class='ocrx_word' id='word_1_179' title='bbox 1670 2159 1713 2222; x_wconf 89' lang='lat' dir='ltr'>sit</span> <span class='ocrx_word' id='word_1_180' title='bbox 1735 2158 1900 2243; x_wconf 76' lang='lat' dir='ltr'>privatuS,</span> <span class='ocrx_word' id='word_1_181' title='bbox 1928 2160 2019 2241; x_wconf 92' lang='lat' dir='ltr'>quod</span> <span class='ocrx_word' id='word_1_182' title='bbox 2041 2159 2152 2224; x_wconf 88' lang='lat' dir='ltr'>locum</span> <span class='ocrx_word' id='word_1_183' title='bbox 2178 2158 2321 2224; x_wconf 89' lang='lat' dir='ltr'>viventis</span> <span class='ocrx_word' id='word_1_184' title='bbox 2345 2161 2448 2224; x_wconf 87' lang='lat' dir='ltr'>taliter</span> 
     </span>
     <span class='ocr_line' id='line_1_17' title="bbox 421 2263 2446 2348; baseline 0 -18"><span class='ocrx_word' id='word_1_185' title='bbox 421 2265 577 2331; x_wconf 85' lang='lat' dir='ltr'>affectare</span> <span class='ocrx_word' id='word_1_186' title='bbox 602 2266 818 2348; x_wconf 87' lang='lat' dir='ltr'>presumpsit.</span> <span class='ocrx_word' id='word_1_187' title='bbox 879 2265 951 2329; x_wconf 90' lang='lat' dir='ltr'>Hec</span> <span class='ocrx_word' id='word_1_188' title='bbox 985 2264 1110 2347; x_wconf 91' lang='lat' dir='ltr'>quippe</span> <span class='ocrx_word' id='word_1_189' title='bbox 1139 2263 1335 2329; x_wconf 89' lang='lat' dir='ltr'>constitutio</span> <span class='ocrx_word' id='word_1_190' title='bbox 1348 2263 1373 2346; x_wconf 81' lang='grc'>1)</span> <span class='ocrx_word' id='word_1_191' title='bbox 1403 2264 1466 2327; x_wconf 90' lang='lat' dir='ltr'>sub</span> <span class='ocrx_word' id='word_1_192' title='bbox 1495 2263 1687 2330; x_wconf 88' lang='lat' dir='ltr'>obedientia</span> <span class='ocrx_word' id='word_1_193' title='bbox 1716 2267 1749 2328; x_wconf 90' lang='lat' dir='ltr'>et</span> <span class='ocrx_word' id='word_1_194' title='bbox 1777 2264 1855 2329; x_wconf 87' lang='lat' dir='ltr'>fidei</span> <span class='ocrx_word' id='word_1_195' title='bbox 1885 2264 2018 2329; x_wconf 85' lang='lat' dir='ltr'>datione</span> <span class='ocrx_word' id='word_1_196' title='bbox 2047 2265 2245 2331; x_wconf 90' lang='lat' dir='ltr'>manualiter</span> <span class='ocrx_word' id='word_1_197' title='bbox 2268 2265 2446 2348; x_wconf 85' lang='lat' dir='ltr'>prestitaa</span> 
     </span>
     <span class='ocr_line' id='line_1_18' title="bbox 421 2369 2448 2456; baseline 0 -21"><span class='ocrx_word' id='word_1_198' title='bbox 421 2371 560 2455; x_wconf 81' lang='lat' dir='ltr'>singulis</span> <span class='ocrx_word' id='word_1_199' title='bbox 590 2373 623 2435; x_wconf 90' lang='lat' dir='ltr'>et</span> <span class='ocrx_word' id='word_1_200' title='bbox 654 2370 809 2436; x_wconf 92' lang='lat' dir='ltr'>omnibus</span> <span class='ocrx_word' id='word_1_201' title='bbox 847 2370 1016 2435; x_wconf 89' lang='lat' dir='ltr'>canonicis</span> <span class='ocrx_word' id='word_1_202' title='bbox 1047 2369 1169 2434; x_wconf 89' lang='lat' dir='ltr'>vallata</span> <span class='ocrx_word' id='word_1_203' title='bbox 1204 2371 1236 2434; x_wconf 90' lang='lat' dir='ltr'>et</span> <span class='ocrx_word' id='word_1_204' title='bbox 1264 2369 1461 2435; x_wconf 89' lang='lat' dir='ltr'>confirmata</span> <span class='ocrx_word' id='word_1_205' title='bbox 1489 2369 1616 2436; x_wconf 86' lang='lat' dir='ltr'>exstitit</span> <span class='ocrx_word' id='word_1_206' title='bbox 1648 2371 1821 2456; x_wconf 84' lang='lat' dir='ltr'>nostrique</span> <span class='ocrx_word' id='word_1_207' title='bbox 1856 2369 1930 2455; x_wconf 76' lang='lat' dir='ltr'>ac2)</span> <span class='ocrx_word' id='word_1_208' title='bbox 1960 2371 2145 2454; x_wconf 89' lang='lat' dir='ltr'>supradicti</span> <span class='ocrx_word' id='word_1_209' title='bbox 2173 2373 2316 2454; x_wconf 89' lang='lat' dir='ltr'>capituli</span> <span class='ocrx_word' id='word_1_210' title='bbox 2341 2371 2448 2455; x_wconf 77' lang='lat' dir='ltr'>sigillis</span> 
     </span>
    </p>
   </div>
   <div class='ocr_carea' id='block_1_6' title="bbox 421 2475 2408 2652">
    <p class='ocr_par' dir='ltr' id='par_1_6' title="bbox 421 2475 2408 2652">
     <span class='ocr_line' id='line_1_19' title="bbox 421 2475 2408 2558; baseline 0 -16"><span class='ocrx_word' id='word_1_211' title='bbox 421 2477 558 2542; x_wconf 84' lang='lat' dir='ltr'>munita.</span> <span class='ocrx_word' id='word_1_212' title='bbox 605 2477 707 2542; x_wconf 86' lang='lat' dir='ltr'>Facta</span> <span class='ocrx_word' id='word_1_213' title='bbox 730 2478 782 2540; x_wconf 90' lang='lat' dir='ltr'>est</span> <span class='ocrx_word' id='word_1_214' title='bbox 805 2477 868 2540; x_wconf 88' lang='lat' dir='ltr'>hec</span> <span class='ocrx_word' id='word_1_215' title='bbox 891 2475 1083 2540; x_wconf 89' lang='lat' dir='ltr'>constitutio</span> <span class='ocrx_word' id='word_1_216' title='bbox 1107 2475 1248 2540; x_wconf 88' lang='lat' dir='ltr'>sabbato</span> <span class='ocrx_word' id='word_1_217' title='bbox 1272 2479 1348 2558; x_wconf 90' lang='lat' dir='ltr'>post</span> <span class='ocrx_word' id='word_1_218' title='bbox 1371 2476 1599 2542; x_wconf 90' lang='lat' dir='ltr'>ascensionem</span> <span class='ocrx_word' id='word_1_219' title='bbox 1623 2477 1757 2542; x_wconf 91' lang='lat' dir='ltr'>Domini</span> <span class='ocrx_word' id='word_1_220' title='bbox 1779 2496 1868 2542; x_wconf 89' lang='lat' dir='ltr'>anno</span> <span class='ocrx_word' id='word_1_221' title='bbox 1891 2477 2041 2543; x_wconf 81' lang='lat' dir='ltr'>eiusdem</span> <span class='ocrx_word' id='word_1_222' title='bbox 2063 2476 2408 2543; x_wconf 81' lang='lat' dir='ltr'>M⁰.CC⁰.LXX⁰VIH⁰.</span> 
     </span>
     <span class='ocr_line' id='line_1_20' title="bbox 636 2579 1222 2652; baseline -0.003 -18"><span class='ocrx_word' id='word_1_223' title='bbox 636 2579 659 2652; x_wconf 83' lang='lat'>¹)</span> <span class='ocrx_word' id='word_1_224' title='bbox 679 2580 746 2652; x_wconf 87' lang='lat' dir='ltr'>Kop.</span> <span class='ocrx_word' id='word_1_225' title='bbox 766 2583 926 2638; x_wconf 74' lang='lat' dir='ltr'>constItutis.</span> <span class='ocrx_word' id='word_1_226' title='bbox 966 2581 987 2648; x_wconf 87' lang='lat'>¹)</span> <span class='ocrx_word' id='word_1_227' title='bbox 1005 2579 1085 2634; x_wconf 78' lang='lat' dir='ltr'>Fetlt</span> <span class='ocrx_word' id='word_1_228' title='bbox 1102 2582 1136 2633; x_wconf 85' lang='lat' dir='ltr'>im</span> <span class='ocrx_word' id='word_1_229' title='bbox 1155 2580 1222 2652; x_wconf 83' lang='lat' dir='ltr'>Kop.</span> 
     </span>
    </p>
   </div>
   <div class='ocr_carea' id='block_1_7' title="bbox 556 2667 2447 2864">
    <p class='ocr_par' dir='ltr' id='par_1_7' title="bbox 556 2667 2447 2864">
     <span class='ocr_line' id='line_1_21' title="bbox 556 2667 2446 2756; baseline 0 -22"><span class='ocrx_word' id='word_1_230' title='bbox 556 2669 724 2750; x_wconf 74' lang='lat' dir='ltr'>Abaclua‘ft</span> <span class='ocrx_word' id='word_1_231' title='bbox 746 2671 799 2736; x_wconf 84' lang='lat' dir='ltr'>des</span> <span class='ocrx_word' id='word_1_232' title='bbox 826 2670 877 2734; x_wconf 82' lang='grc'>11.</span> <span class='ocrx_word' id='word_1_233' title='bbox 901 2670 1013 2737; x_wconf 78' lang='lat' dir='ltr'>Jalrt.</span> <span class='ocrx_word' id='word_1_234' title='bbox 1037 2673 1071 2734; x_wconf 77' lang='lat' dir='ltr'>in</span> <span class='ocrx_word' id='word_1_235' title='bbox 1094 2669 1172 2754; x_wconf 82' lang='lat' dir='ltr'>Kop.</span> <span class='ocrx_word' id='word_1_236' title='bbox 1197 2667 1279 2754; x_wconf 86' lang='lat' dir='ltr'><em>XII,</em></span> <span class='ocrx_word' id='word_1_237' title='bbox 1303 2668 1347 2730; x_wconf 82' lang='lat'>51</span> <span class='ocrx_word' id='word_1_238' title='bbox 1363 2669 1472 2753; x_wconf 82' lang='lat' dir='ltr'>fol.5</span> <span class='ocrx_word' id='word_1_239' title='bbox 1505 2673 1548 2733; x_wconf 82' lang='lat' dir='ltr'>im</span> <span class='ocrx_word' id='word_1_240' title='bbox 1579 2669 1652 2756; x_wconf 75' lang='lat' dir='ltr'>Kpl.</span> <span class='ocrx_word' id='word_1_241' title='bbox 1684 2668 1789 2735; x_wconf 80' lang='lat' dir='ltr'>Sc-A.</span> <span class='ocrx_word' id='word_1_242' title='bbox 1824 2693 1863 2735; x_wconf 81' lang='lat' dir='ltr'>zu</span> <span class='ocrx_word' id='word_1_243' title='bbox 1891 2669 2067 2735; x_wconf 80' lang='lat' dir='ltr'>Hannover.</span> <span class='ocrx_word' id='word_1_244' title='bbox 2126 2669 2222 2735; x_wconf 76' lang='lat' dir='ltr'>Gedr.</span> <span class='ocrx_word' id='word_1_245' title='bbox 2254 2669 2446 2748; x_wconf 61' lang='lat' dir='ltr'>Werduoeu,</span> 
     </span>
     <span class='ocr_line' id='line_1_22' title="bbox 632 2772 2447 2864; baseline -0.001 -23"><span class='ocrx_word' id='word_1_246' title='bbox 632 2775 719 2843; x_wconf 75' lang='lat' dir='ltr'>Saba</span> <span class='ocrx_word' id='word_1_247' title='bbox 744 2778 820 2862; x_wconf 79' lang='lat' dir='ltr'>dipl.</span> <span class='ocrx_word' id='word_1_248' title='bbox 845 2775 888 2856; x_wconf 86' lang='lat' dir='ltr'>X,</span> <span class='ocrx_word' id='word_1_249' title='bbox 915 2775 948 2842; x_wconf 79' lang='lat' dir='ltr'>S.</span> <span class='ocrx_word' id='word_1_250' title='bbox 972 2775 1016 2840; x_wconf 73' lang='lat'>34</span> <span class='ocrx_word' id='word_1_251' title='bbox 1039 2799 1078 2840; x_wconf 80' lang='lat' dir='ltr'>zu</span> <span class='ocrx_word' id='word_1_252' title='bbox 1103 2772 1199 2856; x_wconf 83' lang='lat'><em>1279,</em></span> <span class='ocrx_word' id='word_1_253' title='bbox 1223 2775 1334 2864; x_wconf 64' lang='lat' dir='ltr'>abnuo</span> <span class='ocrx_word' id='word_1_254' title='bbox 1355 2773 1469 2860; x_wconf 75' lang='lat' dir='ltr'>Repeat</span> <span class='ocrx_word' id='word_1_255' title='bbox 1489 2778 1524 2840; x_wconf 82' lang='lat' dir='ltr'>in</span> <span class='ocrx_word' id='word_1_256' title='bbox 1547 2777 1623 2842; x_wconf 84' lang='lat' dir='ltr'>Meo.</span> <span class='ocrx_word' id='word_1_257' title='bbox 1641 2775 1686 2852; x_wconf 85' lang='grc' dir='ltr'>ΙΙ,</span> <span class='ocrx_word' id='word_1_258' title='bbox 1707 2774 1797 2840; x_wconf 71' lang='grc'><strong>1898</strong></span> <span class='ocrx_word' id='word_1_259' title='bbox 1814 2773 1872 2842; x_wconf 84' lang='lat' dir='ltr'>Nr.</span> <span class='ocrx_word' id='word_1_260' title='bbox 1889 2775 1957 2840; x_wconf 81' lang='lat'>583</span> <span class='ocrx_word' id='word_1_261' title='bbox 1971 2779 2015 2840; x_wconf 79' lang='lat' dir='ltr'>im</span> <span class='ocrx_word' id='word_1_262' title='bbox 2030 2776 2103 2864; x_wconf 74' lang='lat' dir='ltr'>qu.</span> <span class='ocrx_word' id='word_1_263' title='bbox 2123 2775 2228 2843; x_wconf 59' lang='lat' dir='ltr'>San.</span> <span class='ocrx_word' id='word_1_264' title='bbox 2245 2799 2286 2840; x_wconf 73' lang='lat' dir='ltr'>au</span> <span class='ocrx_word' id='word_1_265' title='bbox 2302 2777 2447 2840; x_wconf 67' lang='lat' dir='ltr'>Mdnster.</span> 
     </span>
    </p>
   </div>
   <div class='ocr_carea' id='block_1_8' title="bbox 1383 3009 1492 3086">
    <p class='ocr_par' dir='ltr' id='par_1_8' title="bbox 1383 3009 1492 3086">
     <span class='ocr_line' id='line_1_23' title="bbox 1383 3009 1492 3086; baseline 0.018 -2"><span class='ocrx_word' id='word_1_266' title='bbox 1383 3009 1492 3086; x_wconf 83' lang='lat'><strong>1125.</strong></span> 
     </span>
    </p>
   </div>
   <div class='ocr_carea' id='block_1_9' title="bbox 415 3136 2452 3979">
    <p class='ocr_par' dir='ltr' id='par_1_9' title="bbox 418 3136 2449 3230">
     <span class='ocr_line' id='line_1_24' title="bbox 418 3136 2449 3230; baseline -0.001 -19"><span class='ocrx_word' id='word_1_267' title='bbox 418 3138 571 3226; x_wconf 79' lang='lat' dir='ltr'>Bischof</span> <span class='ocrx_word' id='word_1_268' title='bbox 599 3138 743 3230; x_wconf 78' lang='lat' dir='ltr'>Volqoin</span> <span class='ocrx_word' id='word_1_269' title='bbox 775 3159 840 3208; x_wconf 82' lang='lat' dir='ltr'>oon</span> <span class='ocrx_word' id='word_1_270' title='bbox 868 3137 1018 3208; x_wconf 74' lang='lat' dir='ltr'>Mindon</span> <span class='ocrx_word' id='word_1_271' title='bbox 1050 3137 1253 3208; x_wconf 61' lang='lat' dir='ltr'>marialdo</span> <span class='ocrx_word' id='word_1_272' title='bbox 1291 3137 1389 3208; x_wconf 65' lang='lat' dir='ltr'>mnan</span> <span class='ocrx_word' id='word_1_273' title='bbox 1416 3137 1522 3208; x_wconf 75' lang='lat' dir='ltr'>Strati</span> <span class='ocrx_word' id='word_1_274' title='bbox 1553 3137 1613 3209; x_wconf 84' lang='lat' dir='ltr'>des</span> <span class='ocrx_word' id='word_1_275' title='bbox 1640 3137 1698 3209; x_wconf 81' lang='lat' dir='ltr'>Kl.</span> <span class='ocrx_word' id='word_1_276' title='bbox 1726 3136 1937 3209; x_wconf 77' lang='lat' dir='ltr'>Mdllenleclc</span> <span class='ocrx_word' id='word_1_277' title='bbox 1973 3139 2036 3208; x_wconf 83' lang='lat' dir='ltr'>mit</span> <span class='ocrx_word' id='word_1_278' title='bbox 2070 3137 2147 3210; x_wconf 82' lang='lat' dir='ltr'>dant</span> <span class='ocrx_word' id='word_1_279' title='bbox 2174 3137 2291 3209; x_wconf 72' lang='lat' dir='ltr'>Rider</span> <span class='ocrx_word' id='word_1_280' title='bbox 2318 3137 2449 3208; x_wconf 80' lang='lat' dir='ltr'>Arnold</span> 
     </span>
    </p>

    <p class='ocr_par' dir='ltr' id='par_1_10' title="bbox 419 3241 2450 3335">
     <span class='ocr_line' id='line_1_25' title="bbox 419 3241 2450 3335; baseline -0.002 -17"><span class='ocrx_word' id='word_1_281' title='bbox 419 3268 484 3318; x_wconf 81' lang='lat' dir='ltr'>oon</span> <span class='ocrx_word' id='word_1_282' title='bbox 506 3245 655 3334; x_wconf 77' lang='lat' dir='ltr'>Afforcle</span> <span class='ocrx_word' id='word_1_283' title='bbox 681 3266 793 3334; x_wconf 78' lang='lat' dir='ltr'>wcpen</span> <span class='ocrx_word' id='word_1_284' title='bbox 819 3245 915 3315; x_wconf 73' lang='lat' dir='ltr'>etrier</span> <span class='ocrx_word' id='word_1_285' title='bbox 932 3243 1070 3335; x_wconf 75' lang='lat' dir='ltr'>Abyobc</span> <span class='ocrx_word' id='word_1_286' title='bbox 1096 3265 1161 3314; x_wconf 83' lang='lat' dir='ltr'>oon</span> <span class='ocrx_word' id='word_1_287' title='bbox 1188 3243 1255 3314; x_wconf 83' lang='lat' dir='ltr'>den</span> <span class='ocrx_word' id='word_1_288' title='bbox 1275 3243 1408 3314; x_wconf 64' lang='grc'><strong>81111111</strong></span> <span class='ocrx_word' id='word_1_289' title='bbox 1434 3243 1473 3314; x_wconf 79' lang='lat' dir='ltr'>in</span> <span class='ocrx_word' id='word_1_290' title='bbox 1490 3241 1748 3314; x_wconf 86' lang='lat' dir='ltr'>Haohomolen</span> <span class='ocrx_word' id='word_1_291' title='bbox 1776 3243 1892 3332; x_wconf 69' lang='lat' dir='ltr'>dultin</span> <span class='ocrx_word' id='word_1_292' title='bbox 1920 3244 2003 3316; x_wconf 79' lang='lat' dir='ltr'>dass</span> <span class='ocrx_word' id='word_1_293' title='bbox 2030 3243 2184 3314; x_wconf 74' lang='lat' dir='ltr'>lcleterer</span> <span class='ocrx_word' id='word_1_294' title='bbox 2211 3243 2290 3315; x_wconf 82' lang='lat' dir='ltr'>dem</span> <span class='ocrx_word' id='word_1_295' title='bbox 2315 3242 2450 3316; x_wconf 85' lang='lat' dir='ltr'>Kloster</span> 
     </span>
    </p>

    <p class='ocr_par' dir='ltr' id='par_1_11' title="bbox 415 3347 2450 3440">
     <span class='ocr_line' id='line_1_26' title="bbox 415 3347 2450 3440; baseline -0.001 -18"><span class='ocrx_word' id='word_1_296' title='bbox 415 3351 567 3440; x_wconf 74' lang='lat' dir='ltr'>julrtlct</span> <span class='ocrx_word' id='word_1_297' title='bbox 601 3350 677 3422; x_wconf 84' lang='lat' dir='ltr'>drei</span> <span class='ocrx_word' id='word_1_298' title='bbox 704 3350 853 3422; x_wconf 76' lang='lat' dir='ltr'>tumeler</span> <span class='ocrx_word' id='word_1_299' title='bbox 891 3350 1027 3421; x_wconf 77' lang='lat' dir='ltr'>Tataula</span> <span class='ocrx_word' id='word_1_300' title='bbox 1061 3349 1245 3420; x_wconf 80' lang='lat' dir='ltr'>entrichten</span> <span class='ocrx_word' id='word_1_301' title='bbox 1278 3349 1348 3423; x_wconf 86' lang='lat' dir='ltr'>soll.</span> <span class='ocrx_word' id='word_1_302' title='bbox 1410 3347 1516 3420; x_wconf 78' lang='lat' dir='ltr'>Uoler</span> <span class='ocrx_word' id='word_1_303' title='bbox 1556 3349 1622 3419; x_wconf 80' lang='lat' dir='ltr'>den</span> <span class='ocrx_word' id='word_1_304' title='bbox 1656 3348 1830 3438; x_wconf 67' lang='lat' dir='ltr'>sapuero</span> <span class='ocrx_word' id='word_1_305' title='bbox 1869 3349 1956 3421; x_wconf 78' lang='lat' dir='ltr'>auch</span> <span class='ocrx_word' id='word_1_306' title='bbox 1991 3349 2128 3421; x_wconf 89' lang='lat' dir='ltr'>nobilis</span> <span class='ocrx_word' id='word_1_307' title='bbox 2155 3349 2214 3420; x_wconf 88' lang='lat' dir='ltr'>vir</span> <span class='ocrx_word' id='word_1_308' title='bbox 2256 3347 2450 3422; x_wconf 85' lang='lat' dir='ltr'>Conradus</span> 
     </span>
    </p>

    <p class='ocr_par' dir='ltr' id='par_1_12' title="bbox 962 3452 1916 3550">
     <span class='ocr_line' id='line_1_27' title="bbox 962 3452 1916 3550; baseline 0 -23"><span class='ocrx_word' id='word_1_309' title='bbox 962 3454 1177 3550; x_wconf 87' lang='lat' dir='ltr'>prepositus</span> <span class='ocrx_word' id='word_1_310' title='bbox 1205 3455 1251 3526; x_wconf 93' lang='lat' dir='ltr'>de</span> <span class='ocrx_word' id='word_1_311' title='bbox 1276 3453 1550 3550; x_wconf 51' lang='lat' dir='ltr'>‚Wardenberg</span> <span class='ocrx_word' id='word_1_312' title='bbox 1606 3452 1827 3527; x_wconf 64' lang='grc'><strong>1278711111</strong></span> <span class='ocrx_word' id='word_1_313' title='bbox 1854 3454 1916 3528; x_wconf 85' lang='lat'>23.</span> 
     </span>
    </p>

    <p class='ocr_par' dir='ltr' id='par_1_13' title="bbox 422 3571 2451 3761">
     <span class='ocr_line' id='line_1_28' title="bbox 528 3571 2451 3658; baseline 0.001 -18"><span class='ocrx_word' id='word_1_314' title='bbox 528 3576 647 3641; x_wconf 90' lang='lat' dir='ltr'>Testes</span> <span class='ocrx_word' id='word_1_315' title='bbox 670 3576 730 3657; x_wconf 92' lang='lat' dir='ltr'>qui</span> <span class='ocrx_word' id='word_1_316' title='bbox 753 3577 893 3642; x_wconf 91' lang='lat' dir='ltr'>aderant</span> <span class='ocrx_word' id='word_1_317' title='bbox 916 3577 995 3640; x_wconf 90' lang='lat' dir='ltr'>sunt</span> <span class='ocrx_word' id='word_1_318' title='bbox 1016 3574 1065 3638; x_wconf 91' lang='lat' dir='ltr'>hii</span> <span class='ocrx_word' id='word_1_319' title='bbox 1118 3573 1271 3638; x_wconf 88' lang='lat' dir='ltr'>canonici</span> <span class='ocrx_word' id='word_1_320' title='bbox 1295 3572 1433 3640; x_wconf 88' lang='lat' dir='ltr'>ecclesie</span> <span class='ocrx_word' id='word_1_321' title='bbox 1457 3572 1491 3637; x_wconf 90' lang='lat' dir='ltr'>in</span> <span class='ocrx_word' id='word_1_322' title='bbox 1511 3573 1724 3654; x_wconf 88' lang='lat' dir='ltr'>Molenbeke‚</span> <span class='ocrx_word' id='word_1_323' title='bbox 1759 3573 1927 3640; x_wconf 88' lang='lat' dir='ltr'>Henricus</span> <span class='ocrx_word' id='word_1_324' title='bbox 1949 3578 1983 3640; x_wconf 94' lang='lat' dir='ltr'>et</span> <span class='ocrx_word' id='word_1_325' title='bbox 2004 3571 2176 3639; x_wconf 77' lang='lat' dir='ltr'>lohannes</span> <span class='ocrx_word' id='word_1_326' title='bbox 2199 3575 2243 3639; x_wconf 91' lang='lat' dir='ltr'>de</span> <span class='ocrx_word' id='word_1_327' title='bbox 2264 3573 2451 3658; x_wconf 88' lang='lat' dir='ltr'>Rothdorp,</span> 
     </span>
     <span class='ocr_line' id='line_1_29' title="bbox 422 3679 1466 3761; baseline -0.004 -14"><span class='ocrx_word' id='word_1_328' title='bbox 422 3682 563 3760; x_wconf 90' lang='lat' dir='ltr'>milites;</span> <span class='ocrx_word' id='word_1_329' title='bbox 587 3681 783 3746; x_wconf 89' lang='lat' dir='ltr'>Thidericus</span> <span class='ocrx_word' id='word_1_330' title='bbox 808 3684 843 3746; x_wconf 93' lang='lat' dir='ltr'>et</span> <span class='ocrx_word' id='word_1_331' title='bbox 867 3681 1102 3746; x_wconf 87' lang='lat' dir='ltr'>Lukemannus</span> <span class='ocrx_word' id='word_1_332' title='bbox 1127 3681 1167 3745; x_wconf 91' lang='lat' dir='ltr'>de</span> <span class='ocrx_word' id='word_1_333' title='bbox 1190 3679 1310 3761; x_wconf 86' lang='lat' dir='ltr'>Broke,</span> <span class='ocrx_word' id='word_1_334' title='bbox 1334 3679 1466 3744; x_wconf 89' lang='lat' dir='ltr'>milites.</span> 
     </span>
    </p>

    <p class='ocr_par' dir='ltr' id='par_1_14' title="bbox 555 3783 2452 3873">
     <span class='ocr_line' id='line_1_30' title="bbox 555 3783 2452 3873; baseline -0.001 -22"><span class='ocrx_word' id='word_1_335' title='bbox 555 3787 610 3854; x_wconf 85' lang='lat' dir='ltr'>Or.</span> <span class='ocrx_word' id='word_1_336' title='bbox 634 3791 678 3851; x_wconf 80' lang='lat' dir='ltr'>im</span> <span class='ocrx_word' id='word_1_337' title='bbox 700 3786 774 3873; x_wconf 76' lang='lat' dir='ltr'>Kpl.</span> <span class='ocrx_word' id='word_1_338' title='bbox 797 3785 902 3854; x_wconf 74' lang='lat' dir='ltr'>sa-A.</span> <span class='ocrx_word' id='word_1_339' title='bbox 926 3809 965 3850; x_wconf 81' lang='lat' dir='ltr'>zu</span> <span class='ocrx_word' id='word_1_340' title='bbox 987 3785 1154 3870; x_wconf 73' lang='lat' dir='ltr'>Mardurp,</span> <span class='ocrx_word' id='word_1_341' title='bbox 1179 3783 1231 3849; x_wconf 86' lang='grc' dir='ltr'>Κ1.</span> <span class='ocrx_word' id='word_1_342' title='bbox 1256 3783 1450 3849; x_wconf 71' lang='lat' dir='ltr'>Mdttenbeok.</span> <span class='ocrx_word' id='word_1_343' title='bbox 1500 3783 1603 3870; x_wconf 67' lang='lat' dir='ltr'>Stirpet</span> <span class='ocrx_word' id='word_1_344' title='bbox 1624 3807 1691 3850; x_wconf 80' lang='lat' dir='ltr'>omn</span> <span class='ocrx_word' id='word_1_345' title='bbox 1715 3783 2028 3870; x_wconf 74' lang='lat' dir='ltr'>Paryammtatreifen</span> <span class='ocrx_word' id='word_1_346' title='bbox 2049 3786 2195 3850; x_wconf 76' lang='lat' dir='ltr'>veriorem</span> <span class='ocrx_word' id='word_1_347' title='bbox 2237 3783 2452 3850; x_wconf 71' lang='lat' dir='ltr'>Hactmstlen</span> 
     </span>
    </p>

    <p class='ocr_par' dir='ltr' id='par_1_15' title="bbox 633 3887 2131 3979">
     <span class='ocr_line' id='line_1_31' title="bbox 633 3887 2131 3979; baseline -0.001 -21"><span class='ocrx_word' id='word_1_348' title='bbox 633 3897 677 3958; x_wconf 78' lang='lat' dir='ltr'>im</span> <span class='ocrx_word' id='word_1_349' title='bbox 700 3894 779 3958; x_wconf 74' lang='lat' dir='ltr'>Ami</span> <span class='ocrx_word' id='word_1_350' title='bbox 801 3892 944 3979; x_wconf 71' lang='lat' dir='ltr'>Sprinpe.</span> <span class='ocrx_word' id='word_1_351' title='bbox 992 3891 1125 3956; x_wconf 79' lang='lat' dir='ltr'>Kournd</span> <span class='ocrx_word' id='word_1_352' title='bbox 1145 3912 1202 3955; x_wconf 85' lang='lat' dir='ltr'>oon</span> <span class='ocrx_word' id='word_1_353' title='bbox 1232 3887 1438 3976; x_wconf 74' lang='lat' dir='ltr'>Wordenberp</span> <span class='ocrx_word' id='word_1_354' title='bbox 1461 3889 1717 3977; x_wconf 81' lang='lat' dir='ltr'>iatPropstvon</span> <span class='ocrx_word' id='word_1_355' title='bbox 1740 3915 1766 3957; x_wconf 78' lang='lat' dir='ltr'>a.</span> <span class='ocrx_word' id='word_1_356' title='bbox 1790 3891 1971 3957; x_wconf 71' lang='lat' dir='ltr'>dodamin</span> <span class='ocrx_word' id='word_1_357' title='bbox 1993 3892 2131 3956; x_wconf 66' lang='lat' dir='ltr'>Minoa</span> 
     </span>
    </p>
   </div>
   <div class='ocr_carea' id='block_1_10' title="bbox 1379 4088 1490 4166">
    <p class='ocr_par' dir='ltr' id='par_1_16' title="bbox 1379 4088 1490 4166">
     <span class='ocr_line' id='line_1_32' title="bbox 1379 4088 1490 4166; baseline -0.018 0"><span class='ocrx_word' id='word_1_358' title='bbox 1379 4088 1490 4166; x_wconf 78' lang='lat'><strong>1126.</strong></span> 
     </span>
    </p>
   </div>
   <div class='ocr_carea' id='block_1_11' title="bbox 420 4213 2455 4519">
    <p class='ocr_par' dir='ltr' id='par_1_17' title="bbox 420 4213 2455 4519">
     <span class='ocr_line' id='line_1_33' title="bbox 420 4213 2455 4310; baseline -0.002 -19"><span class='ocrx_word' id='word_1_359' title='bbox 420 4218 588 4310; x_wconf 76' lang='lat' dir='ltr'>Edelvoyl</span> <span class='ocrx_word' id='word_1_360' title='bbox 622 4217 792 4289; x_wconf 78' lang='lat' dir='ltr'>Heinrich</span> <span class='ocrx_word' id='word_1_361' title='bbox 825 4237 900 4288; x_wconf 77' lang='lat' dir='ltr'>omn</span> <span class='ocrx_word' id='word_1_362' title='bbox 933 4213 1043 4306; x_wconf 78' lang='lat' dir='ltr'>Berye</span> <span class='ocrx_word' id='word_1_363' title='bbox 1084 4213 1256 4306; x_wconf 74' lang='lat' dir='ltr'>detondet,</span> <span class='ocrx_word' id='word_1_364' title='bbox 1290 4215 1374 4286; x_wconf 80' lang='lat' dir='ltr'>dass</span> <span class='ocrx_word' id='word_1_365' title='bbox 1402 4215 1563 4289; x_wconf 78' lang='lat' dir='ltr'>Gertmrd</span> <span class='ocrx_word' id='word_1_366' title='bbox 1592 4237 1667 4307; x_wconf 76' lang='lat' dir='ltr'>pen.</span> <span class='ocrx_word' id='word_1_367' title='bbox 1697 4216 1836 4307; x_wconf 70' lang='lat' dir='ltr'>Mycael</span> <span class='ocrx_word' id='word_1_368' title='bbox 1866 4217 1905 4289; x_wconf 81' lang='lat' dir='ltr'>in</span> <span class='ocrx_word' id='word_1_369' title='bbox 1932 4216 2074 4305; x_wconf 83' lang='lat' dir='ltr'>Betreff</span> <span class='ocrx_word' id='word_1_370' title='bbox 2098 4217 2213 4288; x_wconf 82' lang='lat' dir='ltr'>seiner</span> <span class='ocrx_word' id='word_1_371' title='bbox 2246 4215 2455 4308; x_wconf 61' lang='lat' dir='ltr'>impune</span> 
     </span>
     <span class='ocr_line' id='line_1_34' title="bbox 420 4321 2455 4414; baseline -0.002 -17"><span class='ocrx_word' id='word_1_372' title='bbox 420 4348 468 4398; x_wconf 83' lang='lat' dir='ltr'>on</span> <span class='ocrx_word' id='word_1_373' title='bbox 495 4325 560 4397; x_wconf 79' lang='lat' dir='ltr'>dos</span> <span class='ocrx_word' id='word_1_374' title='bbox 587 4324 690 4396; x_wconf 78' lang='lat' dir='ltr'>Heus</span> <span class='ocrx_word' id='word_1_375' title='bbox 716 4325 755 4396; x_wconf 81' lang='lat' dir='ltr'>ln</span> <span class='ocrx_word' id='word_1_376' title='bbox 782 4323 948 4413; x_wconf 87' lang='lat' dir='ltr'>Remese,</span> <span class='ocrx_word' id='word_1_377' title='bbox 976 4321 1041 4394; x_wconf 78' lang='lat' dir='ltr'>dus</span> <span class='ocrx_word' id='word_1_378' title='bbox 1069 4323 1180 4394; x_wconf 66' lang='lat' dir='ltr'>amnes</span> <span class='ocrx_word' id='word_1_379' title='bbox 1207 4322 1367 4394; x_wconf 82' lang='lat' dir='ltr'>Bruders</span> <span class='ocrx_word' id='word_1_380' title='bbox 1393 4321 1485 4394; x_wconf 73' lang='lat' dir='ltr'>Solen</span> <span class='ocrx_word' id='word_1_381' title='bbox 1518 4322 1660 4414; x_wconf 78' lang='lat' dir='ltr'>Tymnw</span> <span class='ocrx_word' id='word_1_382' title='bbox 1695 4345 1742 4394; x_wconf 78' lang='lat' dir='ltr'>aa</span> <span class='ocrx_word' id='word_1_383' title='bbox 1769 4323 1834 4394; x_wconf 78' lang='lat' dir='ltr'>das</span> <span class='ocrx_word' id='word_1_384' title='bbox 1861 4322 1922 4394; x_wconf 88' lang='grc' dir='ltr'>Κ1.</span> <span class='ocrx_word' id='word_1_385' title='bbox 1955 4321 2168 4410; x_wconf 64' lang='lat' dir='ltr'>narrasse</span> <span class='ocrx_word' id='word_1_386' title='bbox 2194 4322 2360 4410; x_wconf 63' lang='lat' dir='ltr'>valenti</span> <span class='ocrx_word' id='word_1_387' title='bbox 2387 4322 2455 4409; x_wconf 76' lang='lat' dir='ltr'>tae,</span> 
     </span>
     <span class='ocr_line' id='line_1_35' title="bbox 1109 4426 1763 4519; baseline 0.008 -21"><span class='ocrx_word' id='word_1_388' title='bbox 1109 4426 1325 4519; x_wconf 74' lang='lat' dir='ltr'>abpefmiden</span> <span class='ocrx_word' id='word_1_389' title='bbox 1351 4429 1410 4504; x_wconf 80' lang='lat' dir='ltr'>aei.</span> <span class='ocrx_word' id='word_1_390' title='bbox 1465 4431 1564 4502; x_wconf 79' lang='grc'><strong>1278</strong></span> <span class='ocrx_word' id='word_1_391' title='bbox 1589 4429 1678 4500; x_wconf 66' lang='lat' dir='ltr'>June·</span> <span class='ocrx_word' id='word_1_392' title='bbox 1704 4431 1763 4503; x_wconf 86' lang='lat'>25.</span> 
     </span>
    </p>
   </div>
   <div class='ocr_carea' id='block_1_12' title="bbox 529 4545 2456 4628">
    <p class='ocr_par' dir='ltr' id='par_1_18' title="bbox 529 4545 2456 4628">
     <span class='ocr_line' id='line_1_36' title="bbox 529 4545 2456 4628; baseline -0.002 -14"><span class='ocrx_word' id='word_1_393' title='bbox 529 4550 661 4614; x_wconf 90' lang='lat' dir='ltr'>Testes:</span> <span class='ocrx_word' id='word_1_394' title='bbox 699 4548 869 4614; x_wconf 88' lang='lat' dir='ltr'>lohannes</span> <span class='ocrx_word' id='word_1_395' title='bbox 893 4548 936 4612; x_wconf 90' lang='lat' dir='ltr'>de</span> <span class='ocrx_word' id='word_1_396' title='bbox 958 4547 1121 4612; x_wconf 90' lang='lat' dir='ltr'>Vulmene</span> <span class='ocrx_word' id='word_1_397' title='bbox 1144 4545 1251 4628; x_wconf 90' lang='lat' dir='ltr'>miles,</span> <span class='ocrx_word' id='word_1_398' title='bbox 1280 4547 1495 4612; x_wconf 89' lang='lat' dir='ltr'>Hermannus</span> <span class='ocrx_word' id='word_1_399' title='bbox 1518 4545 1656 4628; x_wconf 87' lang='lat' dir='ltr'>Parvus,</span> <span class='ocrx_word' id='word_1_400' title='bbox 1692 4547 1853 4612; x_wconf 92' lang='lat' dir='ltr'>Hinricus</span> <span class='ocrx_word' id='word_1_401' title='bbox 1875 4547 1917 4611; x_wconf 88' lang='lat' dir='ltr'>de</span> <span class='ocrx_word' id='word_1_402' title='bbox 1940 4547 2087 4628; x_wconf 87' lang='lat' dir='ltr'>Meysen,</span> <span class='ocrx_word' id='word_1_403' title='bbox 2118 4545 2276 4612; x_wconf 89' lang='lat' dir='ltr'>Nicotaus</span> <span class='ocrx_word' id='word_1_404' title='bbox 2303 4547 2350 4612; x_wconf 87' lang='lat' dir='ltr'>de</span> <span class='ocrx_word' id='word_1_405' title='bbox 2376 4547 2456 4612; x_wconf 90' lang='lat' dir='ltr'>Ler-</span> 
     </span>
    </p>
   </div>
   <div class='ocr_carea' id='block_1_13' title="bbox 422 4655 2454 4844">
    <p class='ocr_par' dir='ltr' id='par_1_19' title="bbox 422 4655 2454 4844">
     <span class='ocr_line' id='line_1_37' title="bbox 422 4655 2454 4844; baseline 0.025 -59"><span class='ocrx_word' id='word_1_406' title='bbox 422 4657 517 4736; x_wconf 62' lang='lat' dir='ltr'>beke&#39;</span> <span class='ocrx_word' id='word_1_407' title='bbox 542 4655 679 4827; x_wconf 41' lang='lat' dir='ltr'>[quuhff</span> <span class='ocrx_word' id='word_1_408' title='bbox 701 4759 775 4844; x_wconf 57' lang='lat'>1591,</span> <span class='ocrx_word' id='word_1_409' title='bbox 801 4758 906 4823; x_wconf 71' lang='lat' dir='ltr'>sy‚.A,</span> <span class='ocrx_word' id='word_1_410' title='bbox 929 4780 969 4822; x_wconf 80' lang='lat' dir='ltr'>zu</span> <span class='ocrx_word' id='word_1_411' title='bbox 993 4758 1142 4836; x_wconf 73' lang='lat' dir='ltr'>Memor,</span> <span class='ocrx_word' id='word_1_412' title='bbox 1166 4755 1220 4823; x_wconf 83' lang='grc' dir='ltr'>Κ1.</span> <span class='ocrx_word' id='word_1_413' title='bbox 1244 4757 1435 4842; x_wconf 62' lang='lat' dir='ltr'>Mor-inffeld</span> <span class='ocrx_word' id='word_1_414' title='bbox 1457 4755 1517 4825; x_wconf 83' lang='lat' dir='ltr'>Nr.</span> <span class='ocrx_word' id='word_1_415' title='bbox 1541 4756 1617 4824; x_wconf 86' lang='lat'><em>210.</em></span> <span class='ocrx_word' id='word_1_416' title='bbox 1664 4757 1778 4843; x_wconf 65' lang='lat' dir='ltr'>Royan</span> <span class='ocrx_word' id='word_1_417' title='bbox 1806 4755 1909 4842; x_wconf 68' lang='lat' dir='ltr'>Wery‘.</span> <span class='ocrx_word' id='word_1_418' title='bbox 1943 4756 2011 4825; x_wconf 77' lang='grc' dir='ltr'>ΠΒ.</span> <span class='ocrx_word' id='word_1_419' title='bbox 2039 4756 2099 4836; x_wconf 91' lang='lat' dir='ltr'>III,</span> <span class='ocrx_word' id='word_1_420' title='bbox 2124 4755 2160 4822; x_wconf 81' lang='lat' dir='ltr'>S.</span> <span class='ocrx_word' id='word_1_421' title='bbox 2182 4757 2251 4821; x_wconf 73' lang='lat'>545</span> <span class='ocrx_word' id='word_1_422' title='bbox 2274 4755 2332 4824; x_wconf 83' lang='lat' dir='ltr'>Nr.</span> <span class='ocrx_word' id='word_1_423' title='bbox 2355 4757 2454 4834; x_wconf 66' lang='lat'><strong><em>1018,</em></strong></span> 
     </span>
    </p>
   </div>
   <div class='ocr_carea' id='block_1_14' title="bbox 642 4861 2157 4944">
    <p class='ocr_par' dir='ltr' id='par_1_20' title="bbox 642 4861 2157 4944">
     <span class='ocr_line' id='line_1_38' title="bbox 642 4861 2157 4944; baseline 0.002 -16"><span class='ocrx_word' id='word_1_424' title='bbox 642 4863 747 4944; x_wconf 81' lang='lat' dir='ltr'>Weetf.</span> <span class='ocrx_word' id='word_1_425' title='bbox 772 4864 1007 4930; x_wconf 78' lang='lat' dir='ltr'>Proeinziolbll.</span> <span class='ocrx_word' id='word_1_426' title='bbox 1033 4862 1080 4943; x_wconf 89' lang='grc' dir='ltr'>ΙΙ,</span> <span class='ocrx_word' id='word_1_427' title='bbox 1105 4862 1135 4941; x_wconf 82' lang='grc'>1,</span> <span class='ocrx_word' id='word_1_428' title='bbox 1162 4861 1196 4929; x_wconf 86' lang='lat' dir='ltr'>S.</span> <span class='ocrx_word' id='word_1_429' title='bbox 1219 4863 1265 4928; x_wconf 79' lang='lat'>53</span> <span class='ocrx_word' id='word_1_430' title='bbox 1289 4861 1347 4928; x_wconf 84' lang='lat' dir='ltr'>Nr.</span> <span class='ocrx_word' id='word_1_431' title='bbox 1372 4861 1448 4930; x_wconf 84' lang='lat'><em>109.</em></span> <span class='ocrx_word' id='word_1_432' title='bbox 1496 4867 1640 4932; x_wconf 86' lang='lat' dir='ltr'>Remese</span> <span class='ocrx_word' id='word_1_433' title='bbox 1661 4868 1705 4929; x_wconf 71' lang='lat' dir='ltr'>at</span> <span class='ocrx_word' id='word_1_434' title='bbox 1726 4863 1836 4930; x_wconf 69' lang='lat' dir='ltr'>Rornae</span> <span class='ocrx_word' id='word_1_435' title='bbox 1860 4863 1910 4930; x_wconf 75' lang='lat' dir='ltr'>bet</span> <span class='ocrx_word' id='word_1_436' title='bbox 1931 4863 2157 4931; x_wconf 80' lang='lat' dir='ltr'>Harsewinkel.</span> 
     </span>
    </p>
   </div>
   <div class='ocr_carea' id='block_1_15' title="bbox 1379 5063 1485 5141">
    <p class='ocr_par' dir='ltr' id='par_1_21' title="bbox 1379 5063 1485 5141">
     <span class='ocr_line' id='line_1_39' title="bbox 1379 5063 1485 5141; baseline 0.009 -1"><span class='ocrx_word' id='word_1_437' title='bbox 1379 5063 1485 5141; x_wconf 80' lang='lat'><strong>1127.</strong></span> 
     </span>
    </p>
   </div>
   <div class='ocr_carea' id='block_1_16' title="bbox 422 5188 2454 5493">
    <p class='ocr_par' dir='ltr' id='par_1_22' title="bbox 422 5188 2454 5493">
     <span class='ocr_line' id='line_1_40' title="bbox 422 5188 2454 5284; baseline -0.001 -20"><span class='ocrx_word' id='word_1_438' title='bbox 422 5191 578 5283; x_wconf 73' lang='lat' dir='ltr'>Btschof</span> <span class='ocrx_word' id='word_1_439' title='bbox 606 5191 754 5284; x_wconf 80' lang='lat' dir='ltr'>Volquin</span> <span class='ocrx_word' id='word_1_440' title='bbox 781 5213 846 5264; x_wconf 81' lang='lat' dir='ltr'>uon</span> <span class='ocrx_word' id='word_1_441' title='bbox 873 5191 1024 5262; x_wconf 74' lang='lat' dir='ltr'>Mindon</span> <span class='ocrx_word' id='word_1_442' title='bbox 1051 5189 1160 5262; x_wconf 77' lang='lat' dir='ltr'>artelli</span> <span class='ocrx_word' id='word_1_443' title='bbox 1186 5189 1276 5261; x_wconf 79' lang='lat' dir='ltr'>allen</span> <span class='ocrx_word' id='word_1_444' title='bbox 1305 5188 1502 5262; x_wconf 60' lang='lat' dir='ltr'>Baetem</span> <span class='ocrx_word' id='word_1_445' title='bbox 1527 5189 1588 5262; x_wconf 72' lang='lat' dir='ltr'>aa</span> <span class='ocrx_word' id='word_1_446' title='bbox 1613 5189 1761 5278; x_wconf 76' lang='lat' dir='ltr'>nielfaclt</span> <span class='ocrx_word' id='word_1_447' title='bbox 1784 5189 2021 5281; x_wconf 62' lang='lat' dir='ltr'>psalmam</span> <span class='ocrx_word' id='word_1_448' title='bbox 2049 5189 2108 5261; x_wconf 84' lang='grc' dir='ltr'>Κ1.</span> <span class='ocrx_word' id='word_1_449' title='bbox 2134 5189 2327 5262; x_wconf 72' lang='lat' dir='ltr'>Goloirclten</span> <span class='ocrx_word' id='word_1_450' title='bbox 2353 5193 2454 5262; x_wconf 69' lang='lat' dir='ltr'>einer</span> 
     </span>
     <span class='ocr_line' id='line_1_41' title="bbox 946 5293 1921 5387; baseline 0.001 -19"><span class='ocrx_word' id='word_1_451' title='bbox 946 5297 1208 5387; x_wconf 71' lang='lat' dir='ltr'>nierztptttqipen</span> <span class='ocrx_word' id='word_1_452' title='bbox 1235 5293 1370 5367; x_wconf 81' lang='lat' dir='ltr'>Abloss.</span> <span class='ocrx_word' id='word_1_453' title='bbox 1427 5295 1626 5368; x_wconf 77' lang='lat' dir='ltr'>Podcrborn</span> <span class='ocrx_word' id='word_1_454' title='bbox 1653 5294 1759 5367; x_wconf 86' lang='grc'><strong>1278</strong></span> <span class='ocrx_word' id='word_1_455' title='bbox 1784 5295 1861 5368; x_wconf 77' lang='lat' dir='ltr'>Jun</span> <span class='ocrx_word' id='word_1_456' title='bbox 1890 5297 1921 5370; x_wconf 84' lang='lat'>7.</span> 
     </span>
     <span class='ocr_line' id='line_1_42' title="bbox 556 5409 1330 5493; baseline -0.006 -11"><span class='ocrx_word' id='word_1_457' title='bbox 556 5415 650 5482; x_wconf 79' lang='lat' dir='ltr'>chr.</span> <span class='ocrx_word' id='word_1_458' title='bbox 682 5413 786 5493; x_wconf 72' lang='lat' dir='ltr'>Westf.</span> <span class='ocrx_word' id='word_1_459' title='bbox 816 5411 889 5478; x_wconf 88' lang='lat' dir='ltr'>UB.</span> <span class='ocrx_word' id='word_1_460' title='bbox 913 5410 972 5492; x_wconf 83' lang='lat' dir='ltr'>IV,</span> <span class='ocrx_word' id='word_1_461' title='bbox 998 5412 1033 5478; x_wconf 84' lang='lat' dir='ltr'>S.</span> <span class='ocrx_word' id='word_1_462' title='bbox 1057 5412 1121 5479; x_wconf 86' lang='lat'>727</span> <span class='ocrx_word' id='word_1_463' title='bbox 1145 5409 1207 5479; x_wconf 86' lang='lat' dir='ltr'>Nr.</span> <span class='ocrx_word' id='word_1_464' title='bbox 1233 5411 1330 5478; x_wconf 81' lang='lat'><em>1518.</em></span> 
     </span>
    </p>
   </div>
   <div class='ocr_carea' id='block_1_17' title="bbox 0 0 2542 6772">
    <p class='ocr_par' dir='ltr' id='par_1_23' title="bbox 0 0 2542 6772">
     <span class='ocr_line' id='line_1_43' title="bbox 0 0 2542 6772; baseline 0 0"><span class='ocrx_word' id='word_1_465' title='bbox 0 0 2542 6772; x_wconf 95' lang='lat' dir='ltr'> </span> 
     </span>
    </p>
   </div>
  </div>
 </body>
</html>
