5062 6776
997 384 1003 396 '
1064 409 1133 464 raso
1302 358 1307 366 ’
2038 401 2106 466 375

89 609 281 693 singrlorum
303 606 465 672 noticiam
487 607 556 670 tam
579 601 791 688 presencium
800 604 827 688 1)
850 621 950 687 quam
973 603 1161 670 futurorum
1184 603 1338 688 cupimus
1362 607 1548 689 pervenire,
1572 607 1663 689 quod
1686 626 1747 672 nos
1774 607 1850 689 (ἱεῖ)
1882 628 2048 676 consensu
2071 613 2107 676 et

87 721 167 785 bona
194 713 368 778 voluntate
401 711 537 794 capituli
564 710 670 777 nostri
701 711 938 794 proprietatem
966 711 1038 792 loci,
1070 711 1129 794 qui
1148 711 1271 777 dicitur
1294 711 1510 793 Rodcnbelre,
1542 731 1619 778 cum
1643 713 1799 778 omnibus
1822 713 1892 780 suis
1916 715 2105 782 attinenciis

87 826 117 889 in
138 819 235 900 silvis,
258 819 330 902 int)
354 819 460 901 aquia,
485 817 582 900 agris,
605 817 711 902 pratis
734 821 767 882 et
789 819 825 883 in
848 818 981 900 pascuis
1006 818 1136 883 dilectis
1159 837 1198 883 ac
1219 817 1443 884 familiaribus
1465 818 1589 884 nostris
1610 819 1806 885 consulibus
1826 841 1865 886 ac
1893 823 2104 889 universitati

88 929 196 994 citium
211 925 396 990 Mindensis
420 923 570 1008 nostrc4)
592 924 738 990 civitatis
761 924 962 990 contulimus
986 927 1019 989 et
1043 923 1281 1008 conferimust)
1305 928 1470 1007 perpetuo
1492 924 1741 1007 possidendam.
1766 927 1806 990 In
1828 927 1923 992 cuius
1946 929 1995 993 rei
2008 929 2105 994 testi-

86 1033 222 1100 monium
260 1030 413 1096 dedimus
421 1030 448 1114 6)
485 1030 532 1094 eis
571 1048 710 1113 presens
746 1029 907 1112 scriptum
935 1032 1049 1094 nostro
1078 1033 1114 1095 et
1141 1030 1278 1112 capituli
1306 1031 1413 1096 nostri
1442 1031 1559 1114 sigillis
1589 1032 1792 1096 roboratum.
1845 1035 1966 1098 Datum
1994 1035 2108 1102 Minde

86 1157 164 1206 anno
187 1137 320 1203 Domini
344 1133 558 1222 millesim07)
580 1135 812 1201 ducentesimo
836 1136 1047 1219 octogesimo,
1071 1135 1191 1200 XIIII⁰.
1215 1137 1384 1202 Kalendas
1407 1137 1507 1202 lunii.

290 1242 312 1313 ¹)
335 1244 500 1312 presentium
524 1242 556 1295 a
612 1241 636 1312 t)
659 1242 693 1294 de
716 1257 962 1310 consensu-cap.
985 1243 1072 1294 nostri
1092 1241 1167 1310 fellt
1190 1241 1222 1294 B.
1279 1241 1302 1312 ⁸)
1325 1243 1355 1294 in
1377 1244 1464 1310 cquis,
1491 1244 1562 1312 agris
1583 1243 1658 1312 felir
1684 1243 1713 1297 Β.
1769 1243 1793 1314 ⁴)
1815 1245 1932 1298 civitatis
1955 1249 2047 1299 nostre
2072 1246 2105 1298 B.

395 1332 419 1402 ⁶)
451 1331 610 1385 conterimus
641 1333 670 1383 in
701 1331 753 1384 hiis
784 1331 891 1400 scriptis
924 1329 956 1382 B.
1030 1329 1053 1401 ⁸)
1084 1331 1134 1384 boc
1166 1331 1293 1398 scriptum
1325 1331 1447 1384 dedimus
1478 1331 1561 1400 sigilli
1591 1334 1678 1386 nostri
1709 1334 1855 1386 munimine
1886 1334 2038 1388 roboratum
2071 1333 2103 1387 B.

396 1421 419 1490 τ)
443 1419 684 1476 uaccarfflc
710 1419 742 1472 a.
1231 1471 1232 1474 .

211 1505 265 1574 Or.
299 1511 333 1572 in
361 1509 516 1594 doppeltar
544 1509 785 1594 Araferta'punp,
821 1509 874 1573 dec
900 1507 1047 1592 Bieclrofs
1075 1507 1141 1571 und
1167 1507 1221 1572 des
1245 1507 1387 1593 Kopitela
1410 1507 1469 1594 (A)
1505 1508 1572 1571 und
1604 1509 1658 1572 der
1682 1505 1827 1594 Bieekofr
1850 1511 1946 1575 allelu
1968 1509 2024 1595 (B)
2059 1515 2103 1576 im

288 1615 360 1700 Kpl.
388 1614 492 1680 Sa-A.
516 1636 555 1678 zu
578 1615 726 1693 Mimter,
762 1613 876 1700 Depoc.
907 1613 963 1679 dar
997 1613 1091 1678 Stadt
1118 1613 1245 1678 Mindon
1280 1609 1338 1679 Nr.
1367 1611 1418 1678 16.
1465 1615 1518 1677 An
1540 1612 1571 1675 A
1599 1613 1703 1700 Siepel
1725 1615 1778 1680 des
1802 1615 1949 1701 Biacquss
1973 1615 2021 1679 bic
2045 1617 2110 1702 auf

288 1720 459 1786 docebere
487 1717 602 1786 Viertel
622 1743 689 1785 omn
717 1719 1028 1806 Perpammmtreifen
1051 1717 1102 1798 ab,
1139 1720 1198 1782 doe
1223 1717 1327 1805 Siepel
1349 1721 1402 1784 dec
1425 1718 1638 1805 Dcmkopitela
1659 1732 1716 1806 put
1737 1722 1893 1798 ardebam
1926 1745 1968 1786 an
1992 1721 2021 1784 B
2043 1723 2102 1786 doe

290 1827 394 1913 Siegel
416 1827 470 1890 dec
495 1825 644 1908 Bebclrofe
664 1826 749 1892 nebat
772 1825 975 1913 Befectipunp
998 1821 1046 1888 ab.
1095 1823 1189 1892 θεάν.
1222 1821 1327 1905 Wectf.
1353 1822 1580 1891 Provina-Bll.
1606 1825 1632 1904 I,
1657 1825 1736 1912 Hcft
1757 1825 1780 1888 2
1805 1827 1838 1894 S.
1865 1826 1916 1894 18.

1035 2043 1143 2120 1183.

81 2171 153 2241 Dos
179 2169 398 2261 Domlcopilel
423 2191 488 2240 oon
517 2169 666 2240 Mindon
699 2168 855 2256 calculi
892 2169 968 2240 dem
1002 2169 1061 2245 ΚΖ.
1089 2169 1226 2240 Leveru
1260 2171 1326 2241 dau
1353 2170 1504 2241 Zelmtau
1541 2171 1579 2241 iu
1607 2171 1900 2261 Horllnpbousen‚
1941 2195 1999 2242 um
2038 2173 2105 2244 deu

104 2299 165 2347 ooo
190 2273 344 2365 Biscbof
371 2275 517 2366 Volgum
540 2277 722 2366 palaestae
750 2275 901 2346 Zelmterr
927 2277 965 2345 ie
993 2276 1139 2347 Rohden
1166 2276 1322 2348 beaulieu
1348 2299 1392 2347 au
1418 2277 1558 2348 idonea.
1606 2278 1756 2349 Mindon
1783 2281 1880 2351 1280
1907 2277 1990 2349 Mai
2017 2278 2077 2354 27.

181 2395 263 2460 Otto
286 2395 347 2459 Dei
375 2395 487 2476 gracia
515 2393 716 2477 prepositus,
747 2393 947 2476 C(onradus)
977 2395 1124 2459 decanus
1152 2396 1325 2477 totumque
1348 2395 1533 2460 Mindensis
1562 2396 1702 2460 ecclesie
1731 2396 1915 2478 capitulum
1938 2397 2103 2462 universis

80 2501 197 2566 Christi
221 2500 379 2566 fidelibus
403 2502 594 2585 presentem
618 2500 774 2583 paginam
797 2499 1000 2582 inspecturis
1024 2502 1173 2566 eternam
1197 2501 1232 2564 in
1249 2500 1391 2566 Domino
1415 2503 1571 2566 salutem.
1611 2501 1777 2580 Quoniam
1793 2505 1899 2568 status
1915 2504 2107 2568 mortalium

79 2609 302 2672 indesinenter
330 2606 556 2672 adulteriora
581 2606 761 2686 descendit,
797 2625 837 2670 ea
860 2625 925 2688 que
948 2606 1035 2670 inter
1058 2606 1215 2670 mortales
1238 2607 1443 2689 ordinantur,
1480 2607 1567 2672 iuste
1602 2608 1735 2690 scriptis
1759 2611 1971 2691 annotantur,
2003 2612 2050 2691 ut,
2075 2609 2102 2673 si

80 2714 254 2796 aliquando
287 2716 402 2778 contra
428 2733 500 2778 rem
530 2716 657 2795 gestam
687 2731 866 2796 pravorum
897 2712 1049 2795 insurgat
1078 2711 1212 2792 invidia,
1250 2713 1298 2777 rei
1325 2713 1501 2780 veritatem
1529 2734 1721 2797 expressam
1752 2715 1940 2780 litterarum
1972 2715 2106 2798 eloquia

77 2821 312 2904 protestentur.
351 2819 438 2884 Hinc
462 2821 523 2900 est,
547 2819 637 2902 quod
661 2820 704 2884 ad
727 2819 885 2884 noticiam
909 2822 977 2884 tam
999 2818 1188 2884 futurorum
1204 2838 1306 2901 quam
1329 2820 1541 2902 presencium
1557 2821 1710 2902 cupimus
1726 2823 1910 2903 pervenire,
1934 2822 2026 2906 quod
2042 2841 2105 2886 nos

78 2928 117 2991 ad
141 2927 342 2992 solutionem
377 2925 503 2991 decime
533 2927 568 2990 in
591 2925 736 3007 Rothen‚
768 2945 869 3008 quam
892 2945 912 2990 a
939 2926 1074 2991 domino
1107 2927 1220 2990 nostro
1244 2925 1431 3008 Volcquino
1454 2927 1620 2991 blindansi
1644 2926 1801 3010 episcopo
1827 2929 2104 3010 comparavimus

79 3035 239 3098 decimam
270 3035 419 3098 nostram
448 3032 484 3097 in
512 3032 776 3097 Hirlekeshusen
804 3052 878 3096 cum
906 3031 1061 3098 omnibus
1092 3031 1161 3096 suis
1192 3031 1375 3096 attinentiis
1403 3033 1605 3100 monasterio
1635 3033 1733 3098 beate
1763 3033 1866 3098 Maris
1899 3033 2037 3116 virginis
2067 3033 2103 3098 in

78 3139 223 3204 beveren
249 3139 399 3204 unanimi
422 3157 587 3204 consensu
612 3141 644 3202 et
668 3137 839 3202 voluntate
862 3137 1016 3202 benivola
1039 3156 1100 3220 pro
1124 3140 1259 3202 centum
1282 3140 1315 3202 el
1338 3137 1454 3220 viginti
1478 3138 1597 3203 marcis
1621 3139 1771 3221 gravium
1794 3139 2008 3204 denariorum
2023 3159 2105 3203 ren-

77 3244 218 3308 didimus
251 3244 285 3309 in
316 3245 490 3328 proprium
524 3245 637 3328 quiete
666 3246 699 3309 et
729 3243 865 3327 pacifice
888 3248 1055 3326 perpetuo
1079 3243 1326 3328 possidendam.
1374 3244 1419 3308 Ut
1441 3248 1553 3309 autem
1575 3246 1637 3310 hec
1660 3249 1777 3310 nostra
1802 3245 1950 3310 vendicio
1975 3248 2047 3311 rata
2071 3248 2104 3310 et

76 3349 269 3416 inconvulsa
291 3355 497 3432 permaneat.
521 3350 619 3434 sigilli
643 3349 748 3415 nostri
771 3351 954 3415 munimine
977 3349 1116 3415 fecimus
1139 3350 1298 3415 roborari.
1346 3351 1464 3416 Testes
1487 3351 1587 3415 huius
1619 3351 1667 3416 rei
1691 3356 1787 3417 sunt:
1821 3351 2004 3434 Volquinus
2027 3371 2104 3436 pre·

77 3458 204 3539 positus
234 3458 340 3522 sancti
368 3457 501 3522 Martini
530 3457 725 3538 Mindensis,
754 3457 854 3522 Anno
885 3459 1011 3536 cantor,
1038 3456 1209 3521 Amoldus
1233 3457 1361 3520 Knikke
1384 3457 1573 3537 celerarius,
1602 3456 1771 3522 Johannes
1795 3456 1837 3521 de
1862 3457 2105 3540 Sconcnberge,

78 3561 269 3627 Gerbardus
293 3564 335 3627 de
358 3563 532 3646 Bastorpe,
562 3562 725 3628 Ludolfus
749 3563 791 3627 de
816 3561 1009 3642 Bardeleve,
1040 3563 1119 3628 Gizo
1136 3563 1272 3645 Vulpes,
1296 3563 1516 3629 Widekindus
1540 3565 1581 3628 de
1598 3563 1699 3646 Osen,
1722 3563 1896 3629 Conradus
1913 3565 1955 3629 de
1972 3565 2105 3648 Nygen-

75 3669 187 3750 borch,
217 3669 389 3734 Johannes
420 3670 461 3734 de
489 3670 710 3748 Mandeslcve,
739 3669 919 3734 Goscalcus
952 3670 992 3734 de
1022 3670 1189 3749 Defholte,
1220 3670 1433 3734 Hermannus
1462 3671 1504 3734 de
1534 3670 1704 3751 Lubbeke‚
1736 3670 1911 3751 Geroldus‚
1935 3671 2105 3736 Johannes

77 3775 115 3838 de
143 3776 359 3857 Belderssen,
391 3775 550 3840 Hinricus
586 3775 627 3839 de
658 3775 863 3856 Wenhuseu‚
894 3775 1059 3857 Nycolaus
1095 3778 1128 3841 et
1161 3775 1218 3841 alii
1253 3795 1352 3858 quam
1382 3776 1506 3859 plures
1563 3777 1684 3842 Datum
1713 3776 1825 3842 Minde
1855 3796 1943 3842 anno
1973 3776 2105 3842 Domini

75 3881 335 3962 ll⁰CC⁰LXXX⁰‚
359 3881 427 3947 VI⁰.
451 3882 620 3948 Kalendas
643 3881 742 3947 lunii.

209 3986 265 4053 Or.
297 3990 340 4050 im
369 3985 567 4051 Horreorclrio
601 3987 655 4050 dec
684 3985 791 4051 Heron
813 3986 1059 4052 damma-term
1091 3985 1264 4051 Freilzerrn
1291 4011 1318 4052 o.
1349 3988 1379 4051 d.
1410 3985 1510 4050 Horat
1541 4009 1581 4050 zu
1608 3985 1792 4052 Holccr'nlrel.
1842 3987 1963 4072 Siepel:
1998 3987 2028 4052 1.
2052 3988 2106 4051 des

288 4091 502 4179 Domkapa'tela
534 4116 592 4158 con
616 4105 702 4158 roten
727 4092 936 4174 Seidanfdden
968 4091 1149 4179 ubpp‘allem
1183 4091 1215 4155 2.
1249 4093 1302 4156 dee
1325 4091 1545 4178 Dompropctee
1576 4092 1647 4157 Otto
1677 4094 1926 4179 maadelsdrmip,
1963 4093 2104 4158 eteleeude

288 4197 392 4285 Fiqur
425 4221 483 4263 con
503 4221 596 4263 cmm
617 4201 675 4262 mit
698 4202 794 4264 einen
819 4197 931 4277 Bacche,
966 4197 1059 4264 naban
1082 4201 1141 4263 dan
1165 4197 1326 4263 Soletum
1353 4198 1469 4276 Sum,
1504 4197 1601 4263 naban
1632 4200 1690 4263 den
1712 4197 1833 4280 Hrlften
1867 4199 1896 4280 je
1925 4204 1975 4264 ein
2000 4198 2107 4264 setila

287 4309 346 4369 mit
375 4304 540 4371 Stierctirn
566 4305 634 4368 aad
659 4304 828 4370 -lrdmernr
862 4305 980 4371 ΟΤΤΟ
1015 4307 1087 4371 DEI
1121 4305 1290 4372 GRATIA
1321 4305 1556 4372 MINDENSIS
1588 4305 1798 4372 ECCLESIE
1829 4305 2104 4372 PREPOSITUS

291 4412 362 4498 (va.
394 4413 532 4497 dopepan
566 4408 665 4496 Ilpen,
708 4409 814 4497 Weatf.
842 4410 944 4497 Sieqel
966 4409 1029 4494 III,
1055 4411 1090 4476 S.
1112 4410 1156 4474 34
1180 4411 1246 4475 und
1268 4410 1394 4475 Abdita.
1425 4409 1688 4490 Tafel132Nr.
1713 4410 1757 4475 10
1778 4412 1845 4475 und
1868 4411 2105 4496 Beschreibunp

289 4516 394 4603 daza),
417 4515 449 4582 3.
473 4517 543 4582 celer
576 4520 705 4581 zerctdrt
738 4540 779 4581 an
808 4518 1012 4582 rot-seidenan
1039 4515 1164 4599 Fci'den,
1199 4516 1448 4602 mandelfo'mm'p,
1474 4516 1590 4581 Larum
1616 4515 1729 4584 Getice.
1775 4515 2034 4602 Horlinpbausen
2059 4515 2109 4580 bei

289 4623 548 4701 Pr.·0ldendcrf.
594 4622 662 4688 Der·
688 4622 800 4708 Propat
821 4645 878 4687 von
900 4646 925 4688 c.
950 4623 1071 4686 Martia
1092 4623 1187 4687 aare
1210 4621 1284 4686 aber
1314 4621 1448 4707 Widepo,
1472 4623 1557 4686 nield
1585 4619 1726 4708 Volquin.

943 4875 946 4880 -
1039 4821 1148 4898 1184.

70 4947 173 5038 Gaas
195 4947 332 5037 Lacon
366 4971 427 5019 uon
463 4946 645 5036 Wunstors
676 4947 868 5038 iberdprcat
904 4947 980 5018 dem
1012 4945 1071 5022 Kl.
1101 4945 1222 5018 Labda
1255 4947 1321 5018 dos
1355 4947 1425 5017 illm
1460 4969 1526 5019 acu
1552 4947 1719 5019 Bertiold
1747 4947 1896 5038 Menpbe
1929 4947 2108 5036 umboultc

495 5053 598 5151 Hauc
624 5054 663 5124 in
691 5053 847 5124 Maloder
874 5054 937 5123 mit
964 5051 1128 5126 Zabelrdr.
1191 5052 1377 5142 Wunstorf
1402 5051 1505 5126 1280
1533 5055 1615 5126 Mai
1642 5053 1703 5126 29.

177 5173 348 5239 Omnibus
387 5175 578 5256 presentem
617 5172 775 5255 paginam
812 5171 1013 5254 inspecturis
1047 5170 1208 5236 Ludolfus
1243 5189 1354 5235 comes
1388 5171 1431 5236 de
1465 5171 1714 5254 Wunnestorpe
1750 5173 1948 5254 perpetuam
1980 5170 2105 5234 habere

68 5279 271 5344 memoriam
302 5280 350 5343 rei
372 5281 475 5362 geste.
522 5279 648 5343 Notum
671 5297 745 5342 esse
768 5277 922 5360 cupimus
945 5278 1014 5342 tam
1039 5276 1251 5359 presentibus
1275 5295 1376 5358 quam
1398 5276 1531 5359 faturia,
1562 5277 1664 5360 quod,
1696 5294 1774 5342 curn
1797 5275 1973 5341 Bertoldus
1997 5275 2107 5340 dictus

67 5382 214 5467 llenghe
244 5385 381 5450 domum
410 5405 512 5450 unam
538 5384 574 5449 in
597 5383 757 5448 Mundere
785 5404 861 5449 cum
891 5403 968 5448 area
996 5401 1063 5447 una
1091 5383 1124 5447 et
1153 5403 1218 5449 uno
1249 5401 1367 5447 manso
1391 5383 1434 5448 ad
1459 5384 1595 5448 domum
1617 5384 1725 5464 ipsam
1749 5382 1938 5466 pertinente
1962 5381 2108 5446 claustro
