5168 6798
1103 447 1170 502 raas
1463 475 1465 480 ,
1984 428 1990 441 '
2089 431 2148 496 131

141 754 260 844 Grttfiu
288 752 414 846 Sophia
440 774 505 824 von
531 751 656 824 Vcoltto
681 751 857 826 mercast
882 775 947 824 aar
965 643 1243 844 &insuffitrm
1268 753 1340 824 aad
1365 751 1459 824 iiras
1487 753 1721 826 verstorbcuen
1746 754 1909 842 Mouucs,
1937 754 1998 826 des
2017 754 2154 844 Grofen

140 863 207 936 Otto
248 882 313 932 oon
353 858 585 949 Rovmmlcrp,
633 858 803 931 Memorio
847 861 904 931 ein
943 860 1115 1057 d'gb2e45zo
1131 857 1324 1037 2305thth
1365 861 1441 931 dem
1484 860 1543 932 Kl.
1581 860 1823 936 Bersenbm’tclc.
1899 859 2023 932 Veoltu
2055 860 2155 934 1246

239 1084 367 1167 Sophia
396 1083 511 1148 divina
537 1083 749 1166 permittente
777 1085 884 1167 gratia
914 1083 1083 1149 comitissa
1104 1085 1141 1149 in
1163 1085 1288 1148 Vechta
1311 1083 1466 1148 omnibus
1491 1083 1612 1148 Christi
1636 1082 1802 1164 fidelihus,
1837 1085 1881 1149 ad
1905 1103 1990 1166 quos
2014 1103 2153 1165 presens

138 1191 292 1273 scripturn
316 1191 516 1273 pervenerit,
551 1190 694 1255 salutem
718 1190 750 1254 in
776 1190 893 1255 salutis
917 1192 1059 1256 auctore.
1106 1188 1275 1272 Quicquid
1298 1190 1415 1272 agitur,
1450 1189 1546 1255 cuius
1569 1189 1727 1254 memoria
1750 1190 1840 1273 apud
1863 1192 2015 1273 posteros
2038 1189 2154 1254 haberi

137 1297 351 1377 desideratur,
383 1295 526 1379 perutile
550 1297 610 1378 est,
642 1299 680 1361 ut
703 1296 738 1360 id
759 1297 852 1379 quod
873 1295 983 1379 agitur
1006 1295 1167 1379 scripture
1189 1296 1382 1366 testimonio
1410 1296 1667 1362 commendetur.
1716 1296 1943 1361 Saluberrima
1966 1298 2044 1360 sunt
2066 1296 2155 1360 enirn

137 1402 372 1486 scripturarum
394 1399 594 1483 testimonia,
618 1421 683 1484 que
699 1401 943 1484 emergentibus
967 1404 1146 1467 occurrunt
1167 1401 1366 1486 calumpniis
1389 1405 1423 1467 et
1445 1403 1493 1467 rei
1516 1403 1608 1484 geste
1631 1403 1750 1468 seriem
1772 1401 1961 1468 inmutabili
1986 1402 2157 1467 declarant

136 1509 279 1574 veritate.
319 1507 465 1573 Proinde
485 1510 601 1573 notum
621 1527 694 1573 esse
710 1508 865 1574 volumus
880 1512 950 1573 tam
965 1509 1108 1592 posteris
1125 1528 1226 1591 quam
1242 1509 1463 1591 presentibus
1488 1509 1577 1592 quod
1593 1528 1656 1572 nos
1672 1515 1714 1574 ad
1729 1510 1893 1572 honorem
1909 1507 2033 1572 domini
2050 1507 2156 1572 nostri

136 1615 209 1680 lesu
227 1613 352 1679 Christi
377 1613 467 1678 etin
491 1614 675 1680 remedium
697 1615 806 1706 anime
830 1614 1034 1680 dilectissimi
1058 1614 1169 1679 mariti
1193 1615 1297 1678 nostri
1322 1615 1449 1679 comitis
1471 1614 1603 1680 Ottonis
1627 1616 1668 1680 de
1684 1613 1903 1696 Ravensberg
1924 1614 2156 1679 consentiente
2202 1643 2219 1686 ,⁴

137 1707 201 1786 filia
222 1725 339 1787 nostra
361 1721 455 1785 lutta
478 1719 665 1802 cometissa,
689 1721 742 1785 cui
765 1741 805 1786 ex
828 1721 1040 1786 successione
1063 1723 1178 1784 nostra
1200 1721 1341 1785 debetur
1363 1721 1540 1802 hereditas,
1564 1723 1700 1786 domum
1723 1721 1758 1785 in
1781 1720 1944 1785 Brochem
1969 1720 2155 1784 solventem

136 1826 306 1893 aunuatim
342 1827 409 1891 duo
440 1826 556 1891 multia
584 1827 693 1908 tritici,
728 1826 758 1890 ΙΙ
781 1827 896 1892 moltia
919 1828 1002 1910 pise,
1036 1825 1224 1891 lmoltium
1249 1825 1397 1908 siliginis
1434 1847 1537 1892 unum
1566 1847 1705 1910 porcum
1740 1846 1814 1891 cum
1846 1825 1937 1892 omni
1970 1825 2155 1908 integritate

137 1930 334 1998 contulimus
369 1931 497 1997 dilectis
530 1931 664 1998 filiabus
698 1933 819 1999 nostris
854 1933 1031 1998 conventui
1059 1932 1213 1999 videlicet
1239 1933 1274 1996 in
1296 1932 1546 2016 Bersenbrucge
1574 1932 1701 1999 ordinis
1729 1931 1966 2011 Cysterciensis
1995 1931 2099 1996 libere
2123 1933 2156 1995 et

136 2037 287 2102 absolute
320 2038 569 2121 imperpetuum
603 2039 792 2104 habendam
820 2042 853 2103 et
878 2038 1126 2122 possidendam.
1174 2039 1225 2104 Ne
1249 2039 1322 2123 quis
1345 2059 1423 2104 vero
1447 2039 1524 2105 huic
1549 2037 1720 2105 donationi
1747 2038 1912 2103 malitiose
1936 2058 1972 2102 se
1996 2039 2155 2121 opponat,

135 2145 281 2227 presenti
304 2144 426 2226 scripto
449 2143 577 2209 factum
599 2147 751 2209 nostrum
774 2143 912 2209 fecimus
936 2145 1089 2209 annotari
1106 2148 1139 2209 et
1154 2143 1254 2228 sigilli
1273 2145 1380 2209 nostri
1395 2144 1586 2209 testimonio
1603 2144 1809 2209 communiri.
1848 2145 2027 2209 Preseutes
2044 2145 2155 2209 erant:

135 2250 329 2315 Herhordus
353 2252 386 2314 et
410 2249 622 2316 Hermannus
646 2250 792 2316 Willikiu
821 2251 940 2317 fratres
964 2251 1005 2316 de
1028 2251 1220 2334 Spredowe,
1254 2250 1423 2315 lohannes
1447 2250 1489 2314 de
1513 2251 1651 2332 Scageu,
1686 2249 1913 2338 Bertrammus
1937 2249 2043 2332 Spric,
2075 2249 2155 2313 Ber-

134 2359 294 2422 trarnmus
317 2357 360 2421 de
381 2356 572 2440 Thinclsge,
595 2358 764 2423 lohannes
788 2357 831 2422 de
854 2357 936 2438 Lon,
959 2357 1128 2422 lohannes
1151 2357 1286 2439 Vulpes,
1309 2356 1474 2422 Henricus
1498 2356 1637 2439 dapifer,
1661 2356 1836 2421 Conradus
1860 2355 1901 2420 de
1925 2353 2155 2436 Warnevelde,

135 2461 271 2527 Isiridus
306 2463 455 2526 notarius
491 2463 676 2544 cometisse,
707 2463 920 2529 Hermannus
955 2464 1111 2529 sacerdos
1142 2463 1177 2527 in
1206 2463 1341 2544 Vechta,
1377 2462 1552 2528 Conradus
1586 2462 1727 2546 claviger
1762 2465 1794 2526 et
1822 2462 1876 2526 alii
1905 2462 2154 2544 quamplures.

135 2569 256 2633 Datum
278 2567 314 2632 in
337 2569 464 2633 Vechta
485 2567 558 2633 llll.
583 2568 662 2634 Idus
686 2570 799 2635 Marcii
822 2589 911 2634 anno
935 2569 1068 2634 Domini
1092 2567 1334 2633 M⁰CC⁰XL⁰V⁰.

268 2670 322 2740 Or.
346 2675 390 2736 im
413 2671 488 2758 th.
515 2672 618 2740 St.·A.
641 2696 681 2738 zu
699 2673 899 2740 denotaret.
946 2674 1042 2740 Gedr.
1068 2673 1230 2759 Sondlroff,
1256 2673 1370 2737 Antist.
1399 2672 1515 2738 Ornat.
1539 2675 1610 2738 eccl.
1635 2696 1685 2738 rea
1706 2687 1782 2760 pest.
1800 2671 1844 2753 II,
1868 2672 2004 2759 Diplom.
2028 2671 2061 2739 S.
2082 2669 2155 2750 107,

347 2779 460 2858 Miser,
499 2777 635 2844 Osnobr.
659 2779 841 2846 Gesclta'ctte
867 2777 932 2859 III,
966 2778 1001 2845 S.
1028 2778 1105 2858 357,
1142 2779 1390 2845 Moser-Aleten
1419 2778 1506 2858 VIII,
1542 2779 1576 2845 S.
1599 2778 1665 2844 267
1699 2779 1757 2846 Nr.
1781 2779 1857 2845 211.
1912 2778 1978 2866 Vqr.
2003 2780 2084 2843 daza
2106 2779 2156 2843 die

348 2885 488 2971 corberg.
518 2883 597 2950 Urlc.

133 3100 288 3190 Bisclrof
306 3067 492 3192 Enpelhert
526 3055 587 3174 uon
615 3102 811 3176 Osnobrrtclc
843 3102 1016 3194 abedrdgt
1050 2997 1213 3176 dcri5iil.
1244 3104 1358 3195 Iburp
1390 3104 1448 3178 die
1474 3101 1602 3176 Kirctc
1635 3107 1673 3176 iu
1701 3105 1805 3176 Holle
1837 3105 1910 3176 aad
1942 3105 2092 3176 Zeluten
2118 3104 2157 3174 iu

132 3207 270 3297 Dasea,
298 3207 596 3298 Borplrotetuuscn
624 3207 865 3302 (Holthuseu)
894 3209 966 3280 und
993 3210 1141 3281 Haltcru
1167 3211 1215 3281 im
1235 3209 1435 3301 Kirclupiet
1462 3211 1571 3284 Belen
1598 3213 1647 3282 im
1670 3211 1805 3282 Tuusclr
1824 3233 1930 3301 papea
1949 3211 2005 3282 dic
2026 3209 2159 3282 Kirclrc

522 3317 559 3386 in
587 3316 711 3388 Iiberta
738 3317 800 3386 nait
825 3315 1046 3406 rubetarum
1073 3316 1192 3388 Erben
1219 3317 1292 3388 aad
1319 3316 1448 3406 decn.
1505 3316 1606 3389 1246
1634 3318 1716 3389 Mat
1744 3321 1775 3389 9.

277 3431 330 3499 Or.
354 3436 397 3498 im
420 3433 493 3518 th.
520 3431 624 3498 St-A.
648 3455 687 3497 ru
715 3431 903 3498 omunstat.
951 3432 1045 3499 Gedr.
1071 3434 1182 3512 Miser,
1207 3432 1339 3498 osnebr.
1366 3432 1472 3499 Gescl.
1495 3433 1555 3500 Νν,
1579 3431 1654 3499 216.

132 3704 199 3775 Die
227 3663 350 3776 Stddtc
382 3706 553 3795 munster,
591 3703 799 3794 osnebr-oet,
837 3705 988 3777 Miuulec
1021 3596 1314 3795 (uudstiicrford)
1346 3705 1529 3777 solticssen
1562 3707 1659 3776 einen
1686 3705 1795 3777 Buad
1815 3713 1906 3776 'cunt
1938 3705 2061 3777 Saluta
2095 3707 2158 3778 des

133 3810 415 3882 Murktbesucltes
454 3801 492 3881 iu
524 3810 591 3882 den
622 3811 790 3882 Dtdrcsen
824 3813 985 3882 Mauster
1021 3811 1092 3882 und
1127 3810 1331 3902 Osnobrttclt,
1372 3833 1437 3883 aar
1475 3811 1718 3902 Verteidt'guup
1755 3832 1861 3903 papea
1893 3812 2056 3902 Angriffc
2092 3835 2158 3884 oon

234 3937 361 3988 cassen
387 3916 460 3988 und
486 3939 550 3988 rur
573 3918 826 4006 paneiusumen
860 3917 1064 4008 Verfestung
1090 3918 1154 3990 der
1179 3917 1469 3989 Friedcnssto'rer.
1524 3916 1857 4007 Lodbergeu1246
1886 3919 2053 3992 Motae.
2186 3953 2188 3960 >

237 4033 374 4101 Scabini
402 4039 541 4118 totaque
569 4034 786 4116 burgensium
814 4055 853 4100 ac
881 4035 1002 4100 civium
1025 4036 1296 4101 Monasteriensis
1324 4035 1466 4101 civitatis
1495 4034 1693 4101 universitas
1717 4055 1789 4100 cum
1814 4036 1979 4100 universis
2003 4037 2072 4100 suis
2097 4038 2156 4102 ad-

130 4137 309 4223 iutoribus,
344 4140 471 4205 scabini
502 4142 641 4225 totaque
665 4141 881 4225 burgensium
904 4161 943 4206 ac
966 4141 1086 4206 civium
1110 4141 1377 4224 Osnaburgensis
1401 4140 1542 4206 civitatis
1566 4141 1765 4207 universitas
1799 4161 1874 4206 cum
1898 4143 2061 4208 universis
2085 4144 2155 4209 suis

129 4246 354 4328 adiutoribus,
378 4247 505 4312 scabini
526 4247 666 4330 totaque
688 4246 905 4331 burgensium
928 4266 967 4312 ac
990 4246 1112 4312 civium
1135 4247 1318 4313 Mindensis
1341 4246 1483 4314 civitatis
1507 4246 1706 4313 universitas
1730 4267 1806 4312 curn
1828 4249 1994 4313 universis
2010 4249 2079 4314 suis
2096 4249 2155 4314 ad-

129 4350 298 4418 iutoribus
320 4352 487 4433 omnibus,
511 4354 553 4418 ad
573 4373 659 4436 quos
679 4372 817 4436 presens
833 4354 956 4436 pagina
970 4353 1170 4434 pervenerit,
1194 4354 1337 4419 salutem
1358 4354 1605 4438 inperpetuum.
1652 4353 1737 4419 Cum
1754 4355 1889 4436 dignum
1904 4357 1938 4419 et
1953 4355 2096 4438 perutile
2113 4357 2155 4421 sit

129 4477 168 4522 ea
190 4478 260 4540 que
284 4459 441 4525 memorie
465 4457 564 4542 digna
586 4460 726 4544 provide
749 4461 956 4540 ordinantur,
980 4479 1022 4524 ne
1045 4459 1233 4542 calumpuie
1257 4460 1440 4543 subrepere
1461 4461 1572 4526 valeat
1593 4459 1753 4543 iniquitas
1777 4462 1836 4525 aut
1863 4459 1985 4525 erroris
2009 4461 2155 4545 ambigui

129 4563 275 4627 suboriri
298 4563 406 4646 possit
429 4565 643 4647 perplexitas,
666 4565 761 4630 firmo
786 4565 972 4632 litterarum
994 4565 1113 4631 robore
1133 4585 1172 4630 ao
1188 4565 1380 4631 testimonio
1403 4565 1549 4648 solidari,
1572 4568 1690 4631 notum
1714 4585 1787 4631 esse
1811 4566 1965 4632 volumus
1988 4569 2156 4634 universis

128 4669 196 4732 tam
220 4670 437 4753 presentibus
461 4691 563 4754 quam
586 4671 715 4755 futuris,
739 4672 829 4755 quod
845 4659 907 4736 rios
923 4671 1061 4754 propter
1082 4671 1295 4736 imminentes
1315 4673 1465 4738 terminis
1481 4672 1603 4738 nostris
1620 4672 1834 4738 necessitates
1850 4672 1943 4738 factis
1961 4676 1994 4738 et
2009 4675 2155 4758 acceptis

127 4773 273 4840 invicem
295 4775 491 4843 iuramentis
514 4797 553 4843 ac
576 4777 927 4862 compromissionibus
950 4780 1113 4861 perpetua
1134 4797 1250 4843 sumus
1275 4778 1545 4844 confederatione
1568 4778 1652 4843 uniti
1675 4780 1738 4843 sub
1761 4779 1824 4844 hae
1847 4779 1969 4846 forma:
2004 4781 2154 4848 Primum

129 4882 179 4944 est
201 4882 309 4964 quod,
333 4883 362 4947 si
385 4883 427 4948 ad
451 4882 580 4967 aliquas
603 4884 771 4950 nundinas
795 4883 971 4949 convenire
994 4904 1055 4948 nos
1079 4884 1260 4966 contigerit,
1296 4884 1526 4967 unusquisque
1549 4903 1626 4950 cum
1649 4884 1753 4949 altero
1776 4888 1948 4968 tamquam
1972 4887 2013 4951 de
2032 4907 2104 4965 ,una
2121 4891 2156 4955 et

129 4987 250 5053 eadem
275 4989 381 5053 simus
403 4988 535 5055 civitate
558 4990 833 5074 tranquillitatem
856 4989 1003 5056 servabit
1026 4993 1060 5054 et
1082 5009 1208 5072 pacem.
1252 4989 1290 5056 Si
1304 5010 1385 5055 vero
1401 4990 1521 5073 aliquis
1538 4993 1686 5054 noshum
1702 4993 1884 5056 arrestatus
1900 4995 1958 5058 aut
1972 4997 2156 5078 occupatus

126 5091 173 5156 ibi
196 5094 311 5176 fuerit,
334 5097 451 5160 nostra
474 5115 541 5161 non
563 5097 697 5162 recedet
719 5095 928 5178 universitas,
952 5095 1016 5161 nisi
1039 5097 1133 5180 prius
1157 5115 1201 5160 an
1216 5095 1303 5161 iuste
1320 5115 1362 5160 an
1377 5096 1500 5161 iniuste
1520 5096 1595 5161 talis
1615 5096 1725 5162 taliter
1744 5100 1899 5179 gravetur
1914 5099 2153 5166 discernamus

127 5197 211 5264 Item
236 5200 267 5266 si
291 5202 542 5267 convenerimus
566 5203 609 5268 ad
632 5203 801 5268 nundinas
824 5202 1097 5268 Monasteriensis
1121 5203 1272 5284 diocesis,
1302 5202 1582 5268 Monasterienses
1605 5202 1652 5268 ibi
1676 5201 1803 5286 priores
1826 5209 1922 5270 erunt
1944 5205 1979 5270 in
2002 5207 2153 5272 tentoriis

125 5302 272 5386 figendis
297 5306 611 5390 Osnaburgensibus
635 5308 727 5374 iuxta
749 5328 786 5374 se
808 5309 999 5374 immediate
1021 5307 1191 5388 admissis3
1214 5307 1368 5374 similiter
1389 5311 1422 5372 et
1437 5309 1465 5374 si
1482 5309 1525 5372 ad
1541 5308 1710 5374 nundinas
1727 5309 1993 5395 Osnaburgensis
2009 5313 2155 5378 diocesis

127 5409 421 5494 declinaverimus,
446 5411 723 5496 osnaburgenses
755 5414 790 5479 iu
813 5413 953 5497 figendis
975 5413 1022 5479 ibi
1045 5415 1196 5480 tentoriis
1219 5415 1429 5498 preferantur
1452 5417 1485 5480 et
1508 5416 1786 5481 Monasterienses
1809 5417 1950 5500 proximi
1971 5419 2019 5485 eis
2043 5422 2153 5485 eruut.

1876 5543 1938 5607 17*
