5062 6776
1053 413 1121 468 raro
2039 394 2103 464 387

85 721 171 812 Srtfr
198 720 414 793 Sebildescte
441 720 630 812 perrebmtpt
662 721 729 792 6166
764 719 920 808 16616661
946 607 1237 792 616661161111166
1269 741 1313 790 su
1345 719 1444 791 Leia
1477 717 1651 810 petendos
1683 719 1822 792 Homer
1856 721 1917 792 mit
1951 720 2106 793 2661661616

538 823 816 898 16Β166616666
843 826 907 898 dos
935 825 1214 912 11661166111116
1242 825 1400 896 Minderr.
1456 824 1560 898 1276
1575 823 1638 916 (2).

191 944 232 1008 ln
255 944 389 1008 nomine
417 943 544 1008 domini
574 943 680 1010 nostri
702 943 781 1009 lesu
803 943 936 1008 Christi.
984 941 1196 1026 Heinricus1)
1225 942 1425 1026 prepositus
1449 942 1625 1026 Lutgardis
1653 944 1780 1008 decana
1808 947 1982 1027 totumque
2004 945 2106 1010 colle-

85 1050 171 1134 gium
203 1049 344 1115 ecclesie
372 1049 408 1114 in
438 1050 587 1116 Schileoe
611 1049 893 1116 Padelburnensis
916 1049 1057 1114 diocesis
1078 1049 1228 1114 Arnoldo
1252 1049 1378 1114 decano
1406 1047 1534 1132 totique
1566 1048 1711 1132 capitulo
1735 1050 1842 1116 sancti
1866 1051 1999 1116 Martini
2021 1052 2105 1116 llin-

86 1155 177 1220 densi
200 1173 341 1238 presens
364 1155 524 1239 scriptum
545 1157 708 1239 perpetuo
732 1156 938 1220 duraturum
985 1153 1070 1219 Cum
1090 1155 1262 1222 hominum
1290 1154 1334 1220 sit
1358 1155 1427 1220 vita
1456 1153 1567 1220 brevis
1592 1154 1769 1237 labilisque
1791 1151 2008 1223 memoria'et
2030 1177 2106 1223 suc·

86 1261 233 1328 cessione
263 1261 423 1344 temporis
458 1280 525 1344 que
547 1261 647 1326 modo
670 1263 749 1326 sunt
771 1261 917 1326 recentia
939 1261 1130 1342 deleantur,
1157 1261 1263 1341 decet,
1298 1263 1336 1324 ut
1363 1262 1436 1326 acta
1464 1261 1567 1342 digna
1598 1262 1760 1326 memoria
1787 1262 1919 1346 scriptis
1947 1268 1982 1329 et
2012 1262 2107 1328 testi-

86 1366 203 1432 moniis
227 1367 276 1432 sic
298 1365 546 1446 confirmentur,
570 1387 612 1432 66
634 1387 695 1450 per
716 1367 890 1432 oblivionis
911 1366 1037 1432 exitum
1060 1366 1222 1430 excedant
1244 1366 1417 1432 scientiam
1448 1365 1648 1431 futurorum.
1696 1366 1821 1432 Notum
1843 1369 1945 1451 igitur
1966 1368 2106 1435 facimus

87 1474 250 1540 universis
274 1493 411 1556 presens
442 1473 602 1556 scriptum
629 1474 763 1556 visuris,
794 1474 901 1556 quod,
935 1493 1011 1538 cum
1039 1471 1207 1539 lohannes
1232 1473 1340 1537 dictus
1364 1473 1405 1537 de
1430 1471 2050 1558 16116666211166661163)666666
2074 1480 2108 1544 et

86 1580 176 1662 pueri
202 1599 320 1645 eormn
343 1579 497 1646 videlicet
519 1579 725 1662 liudolphus
755 1578 924 1646 iohannes
952 1582 985 1643 et
1008 1577 1199 1661 Heilewigis
1222 1580 1356 1644 domum
1379 1579 1548 1662 quandam
1571 1579 1669 1643 sitam
1691 1578 1726 1644 in
1749 1578 1932 1662 Bienbelre,
1963 1603 2064 1666 6666]
2088 1603 2108 1648 a

87 1685 179 1750 nobis
201 1685 239 1750 in
261 1685 360 1752 feodo
388 1686 590 1766 habuerunt,
623 1705 697 1750 cum
724 1685 830 1768 ipsius
860 1687 979 1751 domus
1007 1685 1110 1752 nudo
1138 1689 1171 1750 et
1194 1685 1325 1750 duobus
1349 1683 1474 1750 mansis
1499 1685 1684 1767 ceterisque
1707 1685 1956 1773 pertinenciist)
1980 1690 2050 1754 suis
2074 1693 2108 1754 et

88 1791 287 1857 utilitatibus
317 1811 485 1873 agrorum,
519 1793 702 1874 pratorum,
733 1791 906 1866 silvarum,
937 1810 1137 1875 pascuarum
1169 1791 1341 1856 canonicis
1373 1791 1511 1857 ecclesie
1547 1791 1652 1856 sancti
1676 1791 1808 1856 Martini
1830 1792 2011 1860 Mindensis
2046 1816 2107 1878 pro

87 1896 198 1980 viginti
227 1900 372 1980 quatuor
400 1897 521 1963 marcis
548 1897 738 1963 Bremensis
767 1898 894 1980 argenti
922 1897 1165 1972 vendidissent,
1197 1916 1260 1960 nos
1288 1895 1517 1978 resignacione
1552 1896 1642 1962 feodi
1669 1899 1759 1964 dicte
1789 1899 1907 1964 domus
1935 1920 2010 1966 cum
2038 1903 2107 1967 suis

86 2003 299 2086 pertinenciis
323 2023 343 2067 a
365 2003 523 2086 predictis
538 2002 699 2082 iohanne,
723 2023 825 2067 uxore
848 2023 910 2068 sua
933 2006 966 2069 et
988 2003 1100 2086 pueris
1124 2003 1305 2069 eorundem
1333 2007 1471 2086 accepta
1498 2003 1735 2087 proprietatem
1760 2003 1865 2088 ipsius
1889 2006 2008 2072 domus
2031 2027 2107 2074 cum

88 2108 181 2173 dictis
205 2109 278 2173 suis
301 2109 490 2174 attinenciis
514 2109 650 2192 prefatis
678 2109 845 2174 canonicis
873 2109 977 2174 sancti
1005 2108 1137 2174 Martini
1167 2109 1348 2174 Mindensis
1381 2110 1421 2174 de
1450 2129 1616 2174 consensu
1648 2110 1773 2175 domini
1803 2112 1909 2176 nostri
1938 2113 2108 2195 quondam

88 2213 237 2296 episcopi
264 2213 455 2298 symonist)
481 2215 537 2298 pie
570 2217 730 2280 memorie
760 2219 793 2281 et
815 2217 999 2280 conventus
1023 2215 1162 2280 ecclesie
1184 2218 1297 2280 nostre
1321 2213 1523 2279 contulimus
1550 2220 1714 2298 perpetuo
1738 2217 1986 2299 possidendam,
2023 2221 2108 2284 reci-

88 2319 216 2401 pientes
244 2320 286 2384 ab
309 2321 356 2385 eis
379 2339 440 2404 pro
468 2319 558 2386 dicte
585 2322 704 2386 domus
731 2322 934 2404 proprietate
962 2323 1105 2403 quatuor
1135 2341 1277 2402 marcas,
1309 2321 1350 2386 de
1378 2321 1499 2404 quibus
1529 2341 1590 2386 nos
1614 2323 1714 2404 duas,
1747 2323 1892 2406 reliquas
1919 2343 2000 2389 vero
2023 2326 2108 2391 duas

88 2425 272 2491 llindensis
294 2427 431 2492 ecclesie
459 2426 609 2492 canonici
636 2430 865 2510 suscepenrnt,
899 2430 936 2491 ut
967 2427 1009 2492 ab
1037 2427 1247 2510 impeticione
1281 2427 1389 2510 ipsius
1425 2427 1642 2510 proprietatis
1669 2429 1885 2508 desisterent,
1920 2450 2022 2512 quam
2045 2431 2108 2496 sibi

89 2533 311 2597 rendicabant
333 2532 490 2613 dicentes,
515 2553 589 2598 eam
612 2533 676 2598 sibi
698 2551 773 2597 cum
797 2532 998 2615 quibusdam
1020 2532 1119 2596 bonis
1144 2533 1227 2614 aliis,
1251 2553 1316 2616 que
1340 2552 1360 2596 a
1385 2533 1483 2600 nobis
1508 2536 1668 2616 emerant,
1692 2535 1901 2618 competisse..
1937 2536 1982 2600 Ut
1997 2540 2108 2603 autem

89 2637 163 2702 dicti
194 2639 347 2704 canonici
381 2639 486 2704 sancti
513 2638 647 2704 Martini
670 2639 852 2704 Mindensis
876 2639 1083 2722 sepedictam
1118 2639 1253 2703 domum
1281 2658 1356 2704 cum
1389 2639 1458 2704 suis
1493 2639 1682 2705 attinenciis
1716 2643 1879 2725 perpetuo
1913 2641 2109 2724 possideant

90 2744 223 2826 pacifice
250 2749 283 2810 et
306 2747 436 2829 quiete,
465 2765 526 2810 nec
557 2765 577 2810 a
606 2745 702 2812 nobis
730 2765 831 2828 super
854 2744 1058 2828 proprietate
1088 2765 1124 2810 se
1152 2765 1172 2810 a
1202 2745 1298 2810 dictis
1321 2745 1471 2810 iohanne
1500 2747 1533 2810 et
1563 2765 1668 2811 uxore
1692 2765 1754 2811 sua
1781 2765 1820 2811 ac
1850 2747 1962 2831 pueris
1993 2768 2108 2815 eorum

91 2869 185 2933 super
207 2851 309 2916 feodo
332 2871 391 2916 seu
415 2851 564 2934 quolibet
586 2851 657 2917 iure
680 2851 746 2916 alio
770 2851 997 2932 molestentur,
1027 2871 1166 2935 presens
1189 2852 1351 2933 scriptum
1382 2851 1446 2916 sibi
1474 2852 1678 2916 contulimus
1706 2851 1889 2936 sigillorum
1918 2857 2108 2921 nostrorum

90 2957 271 3021 munimine
294 2956 494 3022 roboratum.
541 2957 649 3022 Huius
673 2957 720 3022 rei
743 2960 845 3022 testes
869 2961 963 3023 sunt:
992 2957 1130 3038 widego
1157 2957 1348 3040 prepositus
1379 2957 1485 3022 sancti
1508 2957 1657 3039 Martini,
1690 2959 1858 3025 Arnoldus
1881 2960 2108 3026 thesaurarius

90 3062 282 3144 ltindensis,
304 3063 475 3130 Arnoldus
498 3063 644 3128 decanus
660 3063 766 3130 sancti
781 3063 926 3144 Martini,
949 3062 1113 3128 Vulnerus
1136 3063 1341 3137 scolasticus,
1365 3061 1560 3146 Rodolfuslj
1585 3063 1762 3130 celerarius
1786 3064 1935 3130 eiusdem
1958 3067 2108 3148 ecclesie,

92 3168 299 3252 Heinricus¹)
324 3170 365 3234 de
388 3169 589 3253 Dungerden
611 3170 717 3250 miles,
739 3168 907 3233 Jolrannes
930 3167 1028 3244 Bloc,
1052 3167 1229 3234 Heinricus
1253 3169 1458 3233 Monetarius
1488 3171 1522 3233 et
1550 3167 1605 3233 alii
1629 3188 1729 3252 quam
1759 3171 1882 3252 plures.
1930 3172 2052 3238 Datum
2075 3175 2109 3237 et

91 3279 194 3342 actum
218 3293 309 3340 anno
332 3273 466 3340 Domini
488 3273 798 3340 M⁰.CC⁰.LXX⁰VI⁰.

304 3379 326 3448 ¹)
349 3379 479 3433 chrieus
502 3379 534 3434 B.
591 3379 613 3449 ¹)
637 3381 770 3433 Lutbercn
795 3379 827 3435 Α.
883 3378 906 3450 ⁸)
932 3379 1052 3432 Albeidis
1077 3379 1109 3434 B.
1164 3379 1187 3439 ⁴)
1206 3379 1374 3446 pertinentiis
1399 3379 1452 3431 und
1473 3380 1564 3431 immer
1587 3386 1666 3432 tuor
1684 3381 1694 3434 i
1704 3380 1758 3448 fair
1776 3396 1790 3433 c
1808 3379 1841 3436 B.
1896 3380 1921 3449 ⁵)
1940 3381 2055 3436 Simonis
2075 3382 2108 3436 B.

409 3469 432 3534 ⁶)
453 3468 610 3538 liodolpbus
630 3469 661 3536 Β.

219 3553 314 3619 Nocti
337 3555 412 3620 Mac.
437 3555 464 3634 l,
490 3556 552 3619 111
579 3555 614 3621 S.
639 3555 682 3620 16
704 3558 760 3642 (Α)
782 3557 849 3620 und
870 3553 897 3635 Ι,
922 3553 987 3620 110
1000 3555 1063 3641 fol.
1090 3553 1154 3619 136
1178 3554 1236 3638 (Β)
1261 3559 1305 3618 im
1320 3554 1393 3640 Kyt.
1413 3555 1517 3622 sr-A.
1541 3559 1575 3620 16
1590 3556 1740 3622 1161666166.
1777 3555 1833 3622 Do
1856 3557 1993 3643 Bisaltas
2002 3556 2112 3623 Sinon

300 3682 358 3725 666
380 3660 565 3726 Ρ66166166666
587 3673 650 3726 erat
672 3661 758 3728 1277
781 3661 878 3740 rtirbt,
902 3661 1117 3727 6666611166
1139 3659 1258 3724 Dotrcm
1280 3663 1330 3726 6166
1353 3657 1474 3726 netur.

1044 3805 1158 3885 1076.

93 3911 337 4006 Reynhardus
372 3915 571 3988 canonicus
603 3915 754 3986 maioris
789 3915 942 3986 ecclesie
976 3915 1015 3986 in
1043 3915 1186 4006 Myndo
1220 3920 1259 3985 et
1292 3912 1475 4008 plebanus
1503 3911 1542 3986 in
1570 3912 1672 3987 Selse
1713 3915 1904 4006 6166619661
1944 3917 2020 3988 dean
2048 3917 2109 3990 Kl.

92 4019 237 4092 1666666
263 4021 320 4091 die
358 4021 471 4112 Voytei
497 4019 581 4093 eber
608 4023 680 4094 6166
706 4043 769 4094 von
795 4021 871 4092 61666
892 4021 1123 4094 666616νὸ6666
1144 4020 1297 4109 Psorrer
1323 4022 1361 4091 16
1380 4021 1566 4092 Η6666666
1594 4020 1683 4110 (und
1700 4021 1878 4094 mindener
1896 4021 2109 4114 Domlterra)

421 4127 616 4200 Wcrmann
643 4129 728 4198 616661
753 4126 816 4217 fair
842 4127 994 4199 6166661166
1018 4125 1179 4216 ,6616666116
1207 4125 1400 4197 Η666616116
1427 4127 1464 4197 in
1493 4126 1614 4198 Seclse.
1671 4125 1781 4204 1276.

224 4239 279 4307 Or.
310 4246 354 4307 166
381 4243 498 4308 Archiv
524 4244 578 4310 der
605 4242 659 4307 Kt.
689 4241 830 4311 16666666.
886 4241 989 4328 816961
1013 4243 1101 4308 mist
1129 4241 1334 4328 Bffeariquny
1361 4243 1507 4309 66616666.
1568 4242 1663 4309 Geor.
1691 4244 1773 4307 666616
1800 4245 1869 4309 dem
1902 4243 1956 4309 Or.
1987 4269 2014 4309 6.
2043 4243 2110 4310 Ho-

301 4348 441 4434 61661669,
468 4348 668 4436 0616616696
694 4347 767 4416 UB.
792 4349 887 4415 611116.
912 4347 974 4427 111,
1005 4348 1039 4414 S.
1062 4347 1129 4412 226
1156 4347 1216 4414 Nr.
1238 4347 1315 4413 348.
1365 4347 1467 4414 Seelze
1495 4351 1539 4412 im
1567 4349 1698 4414 1666666616.
1722 4349 1800 4413 Amt
1827 4347 2013 4414 Blcmenou.
2061 4347 2111 4413 Im

297 4455 757 4541 161966166161666616616116
787 4453 889 4542 Voytei
922 4457 985 4533 auf
1013 4459 1079 4520 61666
1102 4453 1414 4520 666166611666616116
1446 4457 1481 4518 in
1510 4452 1613 4519 Seelze
1645 4453 1838 4540 ribertropen,
1872 4456 1933 4539 691.
1959 4478 1988 4519 a.
2013 4479 2043 4518 α.
2071 4453 2109 4520 O.

301 4557 361 4624 Nr.
377 4559 445 4626 360
466 4583 497 4625 6.
523 4559 658 4643 somma,
681 4557 862 4641 1666616161,
878 4563 970 4626 Ama.
990 4559 1116 4627 11647.
1155 4559 1204 4624 Ob
1229 4561 1335 4646 obiper
1357 4559 1478 4625 Ptebarr
1499 4558 1643 4624 6616161161
1665 4563 1744 4625 61666
1760 4559 1879 4624 Person
1901 4564 1943 4624 ist
1963 4564 2021 4624 6611
2041 4561 2111 4626 dem

302 4667 490 4733 Reinardus
514 4668 555 4732 (16
579 4669 683 4750 Selze,
706 4668 762 4732 der
785 4666 872 4732 1218
894 4667 1132 4732 666οᾶ161661νά
1153 4673 1193 4750 (6.
1206 4665 1393 4751 Hodenberp
1415 4688 1444 4730 a.
1462 4689 1492 4730 o.
1514 4663 1549 4730 0.
1567 4662 1628 4744 IX,
1655 4663 1724 4730 618
1739 4662 1800 4730 Nr.
1817 4663 1851 4749 9)
1875 4668 1932 4730 6616
1947 4663 2109 4745 1161661666,

304 4769 539 4857 Β6661666166669
561 4773 615 4836 6166
637 4794 732 4837 vorm.
758 4771 856 4838 Bou.
881 4773 1008 4839 Minden
1032 4771 1066 4839 S.
1089 4771 1157 4835 213
1180 4775 1338 4850 6666166661,
1362 4770 1503 4836 16161661
1526 4771 1587 4835 mol
1608 4769 1806 4858 zwer's'elim‘t.

96 5037 159 5112 Die
185 5042 341 5133 Herzdpc
368 5041 488 5116 6111661
521 5043 758 5118 6661161666
791 5066 855 5118 666
889 4935 1158 5133 Bracnscllolil
1189 5043 1392 5134 1166616666
1423 5042 1500 5114 dem
1527 5042 1668 5116 11166166
1700 5043 1739 5114 166
1773 5041 1890 5114 Vetto
1925 5042 1979 5114 616
2007 5041 2112 5114 Hauc

686 5151 724 5221 16
750 5149 1055 5244 Hepelinctorpe.
1108 5149 1380 5240 Brouascltwcip
1407 5148 1518 5222 1276.

194 5265 256 5332 Dei
276 5265 384 5350 gratia
405 5265 563 5334 Albertus
586 5270 620 5332 et
633 5266 804 5334 iohannes
826 5269 928 5336 duces
951 5269 993 5336 de
1008 5267 1204 5334 Bruneswilr
1226 5267 1382 5336 omnibus
1405 5269 1469 5334 hoc
1485 5266 1645 5350 scriptum
1667 5265 1789 5332 visuris
1805 5265 1957 5331 salutem.
1982 5264 2110 5330 Notum

94 5359 228 5439 16616666
251 5374 322 5440 tam
343 5372 556 5456 presentibus
577 5393 679 5456 quam
701 5373 838 5457 futuris,
873 5375 964 5457 quod
989 5393 1052 5440 nos
1081 5394 1120 5440 ex
1153 5375 1267 5440 666166
1295 5379 1331 5440 et
1359 5373 1525 5456 omnium,
1560 5390 1702 5456 quonum
1732 5389 1916 5438 consensus
1944 5389 2046 5456 super
2068 5389 2111 5438 eo

195 5509 488 5554 namura-sumn.
1850 5496 1893 5560 43
