5168 6798
460 419 524 484 154
1451 434 1519 488 1250

458 634 599 700 litonem
633 634 735 697 curtis
763 633 874 695 nostre
905 629 940 694 in
971 629 1125 712 Dilingen
1153 629 1292 695 cenobio
1321 630 1357 694 in
1386 631 1534 696 beveren
1567 630 1764 696 donavimus
1792 630 1828 696 in
1859 631 2033 715 proprium
2061 653 2121 717 per
2144 637 2366 724 concambium,
2391 663 2438 728 pm

459 743 534 824 ipso
559 737 782 820 Hathewigim
805 735 907 800 filiam
931 735 1141 802 Mechthildis
1164 736 1206 802 de
1229 736 1351 801 Blasne
1379 758 1399 803 a
1421 739 1603 804 memorato
1627 737 1765 819 collegio
1793 737 2002 821 recipientes.
2048 738 2166 805 Testes
2191 741 2282 808 buius
2302 745 2344 810 rei
2364 754 2437 817 sunl:

463 845 640 910 Conradus
664 844 706 908 de
729 841 978 924 Wardenberge
1007 841 1186 907 canonicus
1210 842 1407 921 Mindemis,
1438 842 1600 908 Ludollus
1626 847 1734 908 rector
1757 843 1897 908 ecclesie
1919 843 1955 909 in
1978 844 2148 928 Dilingen‚
2174 846 2344 932 Lippoldus
2363 855 2438 923 miles

460 953 500 1017 de
523 951 705 1016 Mandeslo.
753 950 875 1014 Datum
900 968 987 1013 anno
1011 948 1144 1014 Domini
1167 947 1372 1030 M⁰.CC⁰.L⁰.‚
1395 949 1539 1015 crastino
1563 949 1665 1014 Lucie
1686 948 1833 1031 virginis.

593 1053 647 1119 Or.
671 1058 716 1118 im
738 1053 813 1140 qu.
839 1053 946 1120 se-A.
970 1075 1009 1117 zu
1032 1053 1180 1134 Mercator,
1204 1051 1323 1119 Lenem
1346 1052 1408 1120 Nr.
1432 1051 1486 1118 68.
1535 1051 1639 1140 Sieqel
1660 1053 1748 1119 nebu
1770 1052 1975 1141 Befeetipung
1997 1057 2144 1122 veriores
2526 922 2534 1205 ι

1421 1249 1510 1328 536.

459 1381 585 1472 Propst
611 1378 745 1468 Ladolf
770 1380 830 1450 dee
856 1377 1147 1467 Jobonnesstlsles
1172 1381 1210 1450 in
1238 1379 1388 1450 Mindon
1414 1378 1617 1471 eerpfdndet
1645 1380 1719 1450 elne
1746 1378 1843 1468 Hufe
1869 1380 1908 1450 iu
1935 1380 2138 1452 Auernolter.
2190 1383 2328 1454 Mindeu
2352 1383 2439 1459 1250.

565 1496 757 1581 L(udollus)
781 1497 841 1562 Dei
865 1495 976 1579 gracia
999 1497 1104 1562 sancti
1127 1495 1288 1561 Johannis
1313 1495 1347 1560 in
1370 1497 1513 1578 Mynden
1544 1498 1736 1580 prepositus
1760 1495 1923 1562 universis
1950 1501 2141 1581 presentem
2171 1500 2316 1583 paginam
2336 1502 2440 1585 inspec-

455 1604 540 1670 turis
564 1605 706 1669 salutem
729 1604 764 1666 in
787 1603 939 1667 Domino.
986 1603 1058 1680 Que
1082 1605 1242 1686 geruntur
1264 1604 1299 1667 in
1323 1606 1475 1684 tempore
1503 1623 1545 1666 ne
1574 1603 1730 1668 labantur
1759 1622 1834 1667 cum
1860 1605 2011 1687 tempore
2040 1623 2176 1670 necesse
2198 1610 2248 1670 est
2269 1627 2305 1670 ea
2325 1609 2440 1692 scriplu-

455 1730 568 1776 rarum
601 1709 758 1775 memorie
787 1708 1022 1774 commendari.
1070 1708 1193 1790 Quare
1210 1708 1418 1774 universitati
1445 1712 1556 1774 vestre
1584 1707 1751 1791 signific0‚
1781 1710 1872 1793 quod
1899 1729 2052 1775 mansum
2081 1731 2186 1776 unum
2216 1711 2249 1776 in
2270 1713 2440 1780 Alemollere

456 1815 637 1896 Gerhardo,
661 1815 862 1898 Thithburgi
887 1815 981 1878 uxori
1014 1815 1138 1880 suade
1162 1815 1279 1880 eadem
1302 1815 1382 1881 villa
1410 1834 1471 1898 pro
1495 1817 1615 1898 quarta
1639 1815 1775 1880 dimidia
1804 1834 1916 1879 marca
1943 1816 2164 1900 inpignoravi.
2210 1818 2252 1883 Ut
2274 1821 2372 1884 autem
2392 1821 2440 1885 bec

454 1924 526 1988 rata
555 1924 714 1988 maneant
747 1925 782 1986 et
812 1921 1022 2001 inconvulsa,
1057 1920 1239 1985 munimine
1273 1921 1339 1985 mei
1371 1920 1467 2003 sigilli
1503 1926 1535 1986 et
1570 1922 1741 1986 literarum
1777 1920 1839 1985 leci
1874 1923 2034 1988 roborari.
2080 1925 2203 1989 Datum
2232 1924 2343 2007 Myndo
2371 1945 2439 1990 anno
2526 1814 2535 2093 1

454 2029 597 2094 Domino
621 2028 777 2094 M⁰CCL⁰.
1319 2092 1325 2108 ,

587 2133 747 2218 Adeone-ist
769 2133 822 2198 dea
847 2131 898 2197 16.
923 2131 1034 2210 doleri,
1063 2135 1098 2196 io
1125 2131 1203 2218 Kop.
1236 2130 1308 2211 VII,
1332 2130 1377 2195 65
1402 2131 1435 2198 S.
1461 2131 1481 2197 7
1508 2137 1552 2196 e'm
1579 2133 1651 2217 Kpl.
1678 2131 1783 2197 sa-A.
1815 2155 1855 2196 zu
1877 2131 2054 2198 Honaooer.
2106 2135 2199 2200 (ἶσόν.
2227 2159 2253 2200 c.
2276 2132 2438 2220 Hodenderp,

666 2237 771 2326 Hoyer
800 2237 866 2302 UB.
893 2238 987 2301 Abel.
1019 2235 1087 2316 VII,
1114 2236 1148 2302 S.
1173 2237 1214 2301 21
1240 2236 1300 2305 Nr.
1324 2237 1378 2304 26.
1425 2240 1602 2304 Auernolter
1623 2242 1667 2303 im
1689 2239 1747 2302 Kr.
1774 2237 1947 2306 Stolzenau.

1423 2435 1512 2515 537.

452 2565 600 2655 Biseleof
624 2566 764 2638 Jobono
790 2587 853 2637 eon
883 2565 1032 2636 Mindon
1066 2565 1221 2654 bestdtipl
1253 2565 1310 2635 dle
1342 2587 1406 2635 eon
1433 2563 1596 2634 Lambert
1623 2586 1688 2636 oon
1715 2563 1851 2635 Alciden
1883 2565 1945 2636 mit
1972 2565 2049 2636 dem
2077 2565 2137 2636 ΚΖ.
2175 2565 2340 2639 Wolsrode
2363 2563 2440 2654 obpe-

451 2674 636 2746 sehlosseae
676 2671 926 2764 Verpfdoduup
957 2672 1018 2744 des
1052 2671 1202 2742 Zebnten
1235 2693 1279 2742 aa
1305 2667 1460 2742 Bdcbteo
1488 2667 1690 2764 (Buehten)
1724 2677 1825 2741 anter
1851 2670 1915 2741 der
1942 2670 2158 2763 Redinpunp,
2194 2673 2284 2762 dass,
2309 2694 2392 2742 neon
2413 2691 2441 2739 er

451 2783 569 2852 selaeu
597 2779 679 2869 Hof
696 2802 741 2850 aa
767 2779 901 2849 Atriden
936 2779 1064 2849 wieder
1097 2778 1228 2866 nobee,
1263 2777 1349 2848 emb
1383 2777 1446 2847 der
1473 2776 1719 2866 doeupebdripe
1745 2776 1873 2848 Zebote
1905 2799 1948 2849 ze
1974 2774 2128 2849 Bdehlen
2162 2779 2315 2870 eiopeldst
2344 2777 2440 2848 werde.

1273 2883 1519 2977 Mindebergo
1547 2886 1653 2958 1250.

560 3005 669 3068 Huius
692 3004 740 3067 rei
763 3004 865 3067 testes
890 3005 983 3067 sunt:
1008 3003 1130 3066 milites
1154 3001 1337 3086 supradicti
1362 3001 1565 3085 (Lippoldus
1586 3001 1627 3064 de
1643 3001 1825 3081 Mendesio,
1850 3001 2065 3068 Hermannns
2081 3002 2123 3068 de
2138 2987 2262 3082 Binan,
2284 3000 2442 3066 Alexander

453 3109 680 3194 Camerarius)
702 3111 735 3172 et
759 3109 972 3173 Borchardus
996 3108 1159 3191 plebanus
1183 3110 1217 3172 in
1242 3109 1427 3173 Dusborne.

585 3213 749 3286 Abscdrift
771 3214 823 3277 des
849 3213 899 3278 15.
924 3212 977 3276 Ji.
1002 3217 1035 3276 in
1059 3211 1138 3298 Kop.
1166 3211 1224 3291 IX,
1248 3210 1323 3291 260,
1348 3209 1375 3290 I,
1396 3211 1452 3288 fol.
1475 3213 1498 3275 5
1519 3213 1586 3276 und
1607 3211 1660 3276 dec
1685 3210 1736 3276 16.
1760 3211 1813 3276 Jd.
1838 3235 1867 3278 a.
1886 3236 1915 3278 a.
1938 3211 1972 3279 O.
1998 3211 2060 3291 III,
2076 3214 2140 3299 fol.
2164 3214 2188 3277 5
2209 3218 2253 3278 im
2274 3211 2343 3298 qu.
2359 3208 2442 3275 ›St-A

663 3343 702 3384 zu
718 3318 893 3386 Honnoeer.
936 3317 1030 3384 θεάν.
1054 3317 1293 3404 aflodeubergg
1316 3317 1519 3404 Lie'neburyer
1539 3315 1818 3396 banneriis,
1845 3315 1939 3384 aas
1959 3315 2089 3383 binae.
2136 3317 2247 3406 Wepen
2261 3318 2442 3398 Mindebcrge

663 3428 757 3511 cergi.
782 3425 859 3490 oben
882 3423 941 3487 Nr.
965 3423 1040 3491 486.

1417 3569 1507 3647 aaa.
2532 3513 2537 3709 J

458 3698 652 3772 Walbroud
680 3697 793 3786 Mauo,
821 3699 869 3766 im
897 3696 1043 3786 Repriff
1063 3696 1151 3767 noel
1178 3697 1255 3767 dem
1273 3697 1319 3770 Η.
1342 3695 1463 3767 bonde
1489 3719 1533 3768 aa
1555 3697 1702 3786 pdpern,
1731 3698 1838 3786 adpetet
1864 3697 1953 3768 norb
1979 3699 2106 3795 sanem
2132 3701 2208 3770 aad
2234 3700 2343 3769 seiner
2368 3695 2445 3766 Fron

780 3803 869 3874 Tode
896 3803 989 3874 seiae
1017 3802 1125 3874 Getter
1150 3803 1189 3872 lo
1217 3802 1397 3892 ellenburg
1423 3803 1500 3873 dem
1527 3802 1741 3890 Mortinstilt
1768 3804 1806 3874 in
1834 3803 1991 3874 medea
2047 3805 2150 3876 1250.

557 3923 758 4000 Advocatus,
793 3922 946 3987 consules
981 3921 1148 4003 ceterique
1182 3922 1364 4004 burgenses
1399 3920 1434 3986 in
1469 3921 1663 3986 Nienburch
1702 3921 1864 3986 universis
1902 3941 2041 4004 presens
2075 3923 2238 4006 scripturn
2273 3917 2447 4006 inspecturis

450 4030 593 4096 salutem
616 4031 649 4094 et
670 4029 705 4092 in
729 4030 856 4092 cunctis
879 4028 1050 4112 prosperis
1074 4028 1277 4094 habundare.
1325 4027 1534 4092 Constitutus
1557 4028 1591 4092 in
1615 4028 1785 4110 presentia
1808 4031 1924 4092 nostra
1946 4028 2101 4094 dominus
2121 4029 2346 4095 Wulbrandus
2361 4027 2447 4100 Luna,

451 4157 526 4202 eum
550 4137 593 4203 ad
616 4137 755 4200 Terram
778 4135 934 4199 Sanctam
969 4154 1030 4216 pro
1062 4154 1121 4199 sue
1152 4134 1251 4200 vellet
1280 4134 1389 4199 anime
1413 4133 1562 4198 remedio
1586 4133 1759 4215 proficisci,
1796 4153 1905 4198 coram
1941 4134 2039 4198 nobis
2074 4135 2208 4218 publice
2243 4132 2448 4209 confitebatur,

450 4244 551 4326 quod,
580 4262 656 4307 cum
679 4240 831 4322 fundum,
859 4240 894 4304 in
918 4260 984 4323 quo
1008 4241 1128 4305 domus
1152 4243 1185 4305 et
1208 4243 1364 4305 horreum
1387 4241 1563 4322 ceteraque
1586 4239 1729 4322 quedam
1753 4239 1880 4304 edifilia
1903 4261 1962 4304 sue
1987 4242 2203 4307 habitationis
2225 4243 2260 4306 in
2282 4233 2449 4305 Nienburch

450 4351 546 4414 erant
577 4347 651 4429 sita,
680 4347 722 4413 ab
747 4346 885 4411 ecclesia
908 4346 1014 4410 sancti
1037 4346 1167 4412 Martini
1190 4345 1224 4410 in
1248 4347 1361 4412 blinda
1383 4365 1445 4428 pro
1469 4364 1581 4409 annuo
1605 4365 1708 4409 censu
1732 4348 1871 4426 teneret,
1906 4347 2018 4429 ipsum
2053 4347 2194 4413 fundum
2225 4350 2302 4430 post
2330 4343 2450 4410 mortem

450 4454 623 4538 propriam
645 4455 680 4518 et
702 4472 763 4517 sue
786 4452 898 4517 uxoris
923 4451 1056 4516 dondne
1078 4451 1251 4518 Elizabetb
1274 4452 1417 4516 liberum
1440 4453 1613 4534 resignans
1637 4452 1792 4516 universa
1815 4472 1876 4516 sua
1900 4451 2024 4518 edifitia
2048 4454 2083 4517 in
2100 4454 2174 4537 ipso
2190 4453 2296 4518 fundo
2312 4449 2450 4516 collocata

449 4561 561 4626 eidem
595 4558 735 4625 ecclesie
770 4559 876 4623 sancti
900 4557 1032 4622 Martini
1062 4557 1096 4621 in
1120 4558 1233 4622 Minda
1261 4558 1396 4622 donarit
1426 4560 1588 4640 perpetuo
1611 4558 1825 4642 possidenda.
1873 4559 1916 4624 Ut
1939 4562 2051 4624 autem
2074 4561 2137 4625 hec
2159 4558 2299 4624 donatio
2321 4557 2405 4622 firma
2425 4555 2451 4616 et

448 4666 579 4732 stabilis
613 4667 819 4748 perseveret,
854 4665 1042 4746 presentem
1078 4664 1233 4747 paginam
1267 4664 1310 4729 ad
1338 4663 1513 4746 utriusque
1545 4664 1650 4748 partis
1679 4664 1875 4747 petitionem
1899 4665 2062 4730 conscribi
2085 4665 2224 4731 fecimus
2248 4662 2342 4748 sigilli
2363 4655 2451 4725 nostri

450 4772 633 4838 munimine
666 4773 866 4837 roboratam.
924 4770 1041 4834 Testes
1075 4761 1174 4836 liuius
1209 4769 1400 4837 donationis
1434 4773 1514 4835 sunt
1548 4770 1609 4836 bii:
1648 4771 1861 4836 Hermannus
1895 4773 2011 4853 abbas,
2050 4772 2251 4837 Gernandus
2285 4765 2450 4836 cellerarius

449 4879 646 4958 Luccenses‚
670 4877 882 4942 Godefrithus
906 4879 1060 4942 sacerdos
1083 4876 1117 4940 in
1141 4877 1344 4956 Nienburcb‚
1368 4876 1535 4942 Rodollus
1552 4881 1587 4943 et
1604 4876 1801 4942 Thidericus
1817 4879 1934 4943 fratres
1952 4877 2029 4943 dicti
2045 4878 2200 4960 Clencoc,
2222 4878 2451 4948 Volcheramus‚

448 4984 646 5049 Thidericus
670 4985 791 5063 Senex,
824 4982 968 5049 lacobus
1000 4984 1126 5066 Sartor,
1141 5015 1146 5026 ·
1161 4983 1335 5050 Conradus
1363 4983 1483 5065 Pistor,
1517 4984 1700 5066 burgenses
1729 4985 1766 5049 iu
1792 4983 1996 5066 Nienburcb‚
2031 4986 2065 5050 et
2093 4984 2149 5050 alii
2178 4985 2302 5068 plures.
2346 4979 2451 5045 Actum
2536 4975 2537 4978 ’

447 5111 538 5156 anno
560 5090 694 5156 Domini
717 5088 909 5156 M⁰.CC⁰.L⁰.

583 5195 639 5260 Or.
666 5200 712 5260 e'm
738 5195 811 5281 Kpl.
842 5193 949 5259 St-A.
978 5217 1018 5258 zu
1044 5194 1195 5277 Mamer,
1229 5217 1254 5261 s.
1279 5194 1401 5258 Martio
1427 5198 1462 5260 in
1489 5194 1617 5260 Mindon
1646 5191 1706 5261 Nr.
1735 5195 1784 5261 11.
1831 5195 1907 5280 Auf
1929 5195 1985 5260 der
2012 5194 2173 5262 Recedo
2201 5219 2260 5261 von
2291 5191 2385 5258 Hand
2409 5187 2451 5250 dea

663 5301 807 5367 16..1l..·
842 5302 953 5368 littera
976 5302 1017 5366 de
1040 5302 1137 5367 bonis
1160 5304 1196 5368 in
1220 5301 1444 5384 Nigenborclr,
1478 5300 1544 5364 and
1571 5323 1628 5365 oon
1650 5298 1750 5365 Haud
1770 5301 1824 5366 dee
1848 5299 1900 5366 17.
1924 5300 1994 5368 lla:
2029 5304 2078 5368 De
2101 5303 2197 5368 bonis
2219 5303 2256 5368 in
2282 5297 2452 5384 Nigenborr

663 5409 844 5492 resignatio
867 5408 1064 5473 Wulbrandi
1088 5408 1184 5475 Luna
1207 5409 1326 5475 domus
1348 5409 1461 5474 borrei
1485 5412 1517 5473 et
1541 5407 1682 5473 aliorum
1705 5407 1930 5474 aedificiorum
1953 5429 2042 5475 anno
2062 5411 2157 5476 1250.
2206 5407 2311 5495 Siepel
2331 5427 2384 5469 von
2403 5401 2451 5463 deu
