5076 6826
1089 1846 1110 1919 1

97 1971 239 2061 Bischof
269 1971 450 2044 thietmer
476 1991 541 2041 von
559 1969 708 2041 Miadco
736 1969 916 2148 scidichteg
934 1970 1031 2147 agaen
1043 1969 1414 2167 golgsgreitgrogjchea
1440 1967 1507 2038 deo
1533 1965 1677 2039 aaron
1697 1967 1847 2040 Mindon
1875 1968 1946 2040 uod
1964 1955 2126 2046 Homcln.

917 2133 925 2148 .
980 2131 987 2146 .
1082 2081 1103 2147 1
1155 2081 1283 2148 -10
1327 2131 1334 2146 .
1991 2075 1997 2088 '

196 2197 235 2262 In
259 2197 396 2262 nomine
420 2198 536 2260 sancte
559 2196 593 2260 et
615 2194 783 2259 individue
807 2194 975 2261 trinitatis,
1027 2195 1260 2280 Thet(ma)rus
1289 2193 1350 2258 Dei
1377 2191 1489 2276 gracia
1515 2192 1697 2257 Mindensis
1725 2192 1915 2276 episcopus
1962 2194 2062 2272 Quod
2089 2195 2125 2262 in

98 2310 247 2385 tempore
272 2303 382 2384 agitur
405 2320 481 2367 cum
503 2303 655 2383 tempore
679 2301 801 2365 labitur
829 2302 862 2365 et
886 2320 939 2366 res
962 2303 1072 2384 gestas
1100 2300 1331 2384 calumpniosa
1353 2300 1492 2382 inplicat
1515 2299 1654 2381 oblivio,
1684 2299 1750 2364 nisi
1773 2299 2014 2383 scripturarum
2037 2305 2125 2369 eter-

108 2412 226 2473 nentur
253 2409 378 2474 indicio
407 2410 440 2473 et
467 2407 605 2472 testium
632 2407 882 2490 subscripcione
904 2407 1113 2474 roborentur.
1164 2408 1252 2473 Hinc
1281 2409 1332 2472 est
1361 2406 1453 2489 quod
1484 2408 1601 2470 notum
1631 2404 1703 2470 fieri
1737 2406 1890 2472 volumus
1918 2409 2125 2476 universitati

95 2512 241 2580 fidelium
264 2517 335 2580 tam
359 2513 547 2579 futurorum
570 2533 672 2595 quam
695 2514 922 2596 presencium,
957 2514 1100 2596 qualiter
1123 2513 1364 2593 controversia,
1393 2532 1459 2594 que
1482 2512 1674 2577 vertebatur
1700 2512 1787 2576 iuter
1817 2513 1905 2578 cives
1933 2515 2124 2583 Mindenses

96 2623 126 2684 et
148 2621 369 2687 Hamelenses
397 2640 500 2703 super
525 2620 683 2685 theloneo
719 2621 894 2703 utriusque
922 2621 1064 2685 civitatis
1093 2639 1205 2686 coram
1240 2619 1338 2685 nobis
1368 2620 1525 2702 presente
1561 2617 1682 2682 comite
1708 2618 1848 2684 Alberto
1881 2621 1922 2686 de
1958 2641 2125 2688 consensu

95 2727 240 2808 parcium
271 2725 335 2792 luit
363 2726 483 2809 sopita,
516 2727 607 2809 quod
634 2726 825 2791 Mindenses
855 2726 1016 2792 Hameleu
1049 2727 1179 2792 nullum
1207 2727 1343 2792 omnino
1374 2727 1493 2790 darent
1520 2725 1731 2804 theloneum,
1772 2725 1992 2792 Hamelenses
2019 2728 2124 2794 eciam

94 2832 201 2897 llinde
224 2834 357 2898 nullum
385 2833 450 2898 nisi
479 2834 522 2897 de
545 2833 688 2898 navibus
719 2833 980 2899 ascendentibus
1010 2835 1043 2898 et
1065 2833 1356 2898 descendentibus.
1403 2833 1449 2898 Ut
1478 2835 1590 2898 autem
1622 2831 1722 2896 huius
1753 2832 1892 2897 actionis
1921 2834 2024 2899 series
2052 2837 2125 2902 rata

96 2941 127 3002 et
148 2938 345 3005 inconvulsa
367 2943 572 3023 permaneat,
596 2940 744 3022 presenti
767 2940 891 3022 scripto
915 2943 948 3005 et
964 2939 1061 3022 sigilli
1076 2941 1182 3004 nostri
1205 2940 1415 3023 inpressione
1439 2941 1472 3003 et
1495 2938 1633 3004 testium
1649 2938 1893 3022 subscriptione
1916 2961 1990 3006 eam
2014 2962 2125 3008 corro-

94 3045 292 3110 boravimus
339 3046 459 3110 Testes
483 3047 542 3129 qui
576 3047 715 3112 aderant
742 3048 821 3111 sunt
850 3047 911 3112 hii:
935 3047 1153 3112 Widekindus
1185 3047 1385 3127 advocatus,
1411 3044 1660 3127 Reinb(er)tuS‚
1701 3045 1922 3130 Liudingerus
1958 3048 1999 3112 de
2030 3048 2125 3132 Slon,

94 3151 303 3217 Thethardus
327 3153 551 3235 Wicgravius‚
576 3153 785 3218 Reinboldus
815 3155 856 3219 de
878 3153 1084 3234 Basthorpe,
1114 3152 1344 3232 Thethardus,
1376 3150 1555 3216 Heinricus
1580 3151 1621 3216 de
1644 3150 1792 3234 Bocsile,
1817 3153 2010 3236 Heinricus,
2043 3153 2126 3220 Liu-

94 3256 197 3322 dollus
223 3259 266 3324 de
290 3259 612 3341 Thancwordessen‚
638 3260 746 3325 Herce
771 3260 1008 3325 thelonearius.

221 3363 279 3427 Or.
304 3367 339 3430 in
361 3362 507 3443 Halala,
530 3368 565 3429 in
587 3365 644 3430 ἄεν
665 3366 754 3430 Mitte
777 3365 1035 3444 darchaclmittm,
1067 3366 1123 3430 der
1147 3363 1269 3430 Selenia
1293 3364 1444 3450 bermpelt.
1492 3363 1589 3430 Gedr.
1620 3364 1804 3428 Meiacarire
1811 3412 1821 3443 ‚
1855 3362 1926 3428 ΠΒ.
1951 3365 2005 3430 der
2030 3363 2128 3451 Stiria

305 3472 372 3534 und
386 3471 442 3535 der
466 3469 718 3538 stadilianum
742 3470 776 3537 S.
800 3473 832 3551 5,
857 3469 934 3538 Nro.
960 3469 991 3535 8.
1037 3469 1165 3536 Darou
1186 3472 1267 3535 nach
1289 3473 1345 3536 der
1369 3470 1623 3556 Reyierurrpazeit
1645 3471 1699 3536 ἄεε
1723 3471 1879 3556 Biachofs

1084 3636 1121 3712 2·
1236 3651 1239 3658 .

91 3757 240 3848 Bisclrof
266 3758 444 3830 Thictmor
470 3782 534 3831 oon¹
562 3761 714 3832 Mindon
740 3761 905 3833 bekucdet
931 3762 987 3832 dic
1016 3761 1217 3853 Schenhuop
1240 3768 1432 3852 perconter
1462 3759 1572 3833 Gattcr
1600 3761 1708 3833 durch
1735 3761 1792 3832 dic
1818 3761 1928 3832 Eride
1948 3762 2127 3838 Marthae

438 3887 501 3937 von
528 3867 735 3957 Riclclinpeu
762 3891 808 3938 aa
837 3868 894 3940 die
920 3869 1100 3940 oriudeoer
1128 3867 1269 3940 Ktrclre.
1327 3869 1364 3942 0.
1392 3868 1428 3940 J.
1484 3868 1771 3960 (1185-1206).

190 3985 231 4048 In
266 3985 402 4049 nomine
430 3987 544 4051 sancte
572 3987 607 4051 et
634 3986 804 4051 individue
835 3987 1005 4052 trinitatis.
1057 3988 1268 4052 Thietmarus
1299 3989 1413 4054 sancte
1441 3987 1624 4053 Miudensis
1653 3987 1791 4052 ecclesie
1819 3987 2008 4072 episcopus.
2054 3989 2123 4067 Qui

88 4091 270 4170 perhennis
292 4089 397 4172 glorie
420 4093 454 4156 et
477 4094 590 4157 eterne
613 4093 828 4159 beatitudinis
856 4094 1036 4176 participes
1065 4095 1208 4178 cupiunt
1235 4095 1394 4176 existere,
1417 4094 1577 4159 virtutum
1601 4093 1746 4159 cultores
1775 4095 1808 4159 et
1831 4098 2023 4160 sanctorum
2046 4115 2123 4162 esse

90 4194 207 4261 debent
242 4197 446 4280 imitatores,
482 4200 540 4282 qui
568 4200 638 4265 suis
673 4200 792 4266 studiis
831 4202 865 4265 et
892 4201 1064 4266 laboribus
1093 4204 1242 4267 sanctam
1270 4202 1330 4266 Dei
1363 4201 1538 4266 ecclesiam
1573 4200 1814 4267 decoraverunt
1825 4201 1849 4281 l)
1885 4203 1918 4266 et
1946 4221 2020 4267 eam
2049 4203 2120 4268 suis

89 4304 290 4384 sequacibus
320 4303 565 4392 splendidaml)
597 4310 630 4371 et
658 4307 770 4371 divino
800 4308 890 4372 cultu
920 4307 1121 4373 uberrimam
1151 4307 1402 4391 pepererunth.
1450 4307 1547 4373 Unde
1577 4309 1610 4372 et
1638 4327 1701 4372 nos
1729 4327 1769 4372 ex
1797 4306 1949 4372 iniuncto
1978 4308 2077 4373 nobis
2101 4328 2121 4372 a

88 4407 268 4495 Domino⁴)
292 4410 482 4491 presulatus
516 4411 627 4478 officio
658 4413 825 4479 debitores
849 4433 982 4494 sumus,
1012 4415 1148 4497 siquid
1177 4414 1212 4478 in
1240 4415 1380 4479 ecclesia
1404 4412 1568 4494 Domini5)
1601 4414 1698 4477 nobis
1726 4413 1854 4478 credita
1881 4413 2007 4479 utiliter
2031 4414 2121 4479 ordi-

88 4519 199 4580 natum
228 4516 348 4596 luerit,
372 4518 463 4583 omni
495 4519 727 4586 sollicitudinis
751 4540 830 4586 cura
853 4521 1011 4602 stabilire,
1040 4525 1078 4585 ut
1107 4520 1176 4606 et⁶)
1205 4523 1299 4586 actus
1328 4519 1432 4587 nostri
1455 4519 1519 4583 sub
1550 4519 1663 4584 dehita
1685 4519 1872 4584 habeantur
1903 4519 2063 4585 memoria
2086 4521 2121 4586 et

86 4621 228 4701 posteris
255 4625 382 4688 nostris
405 4625 547 4691 honesta
578 4629 611 4690 et
642 4627 699 4709 pia
722 4626 949 4709 relinquamus
980 4627 1141 4710 exempla.
1189 4626 1334 4693 Proinde
1365 4646 1432 4709 que
1459 4626 1494 4689 in
1522 4626 1641 4690 diebus
1674 4623 1883 4706 sacerdotii⁷)
1912 4625 2020 4690 nostri
2045 4628 2120 4693 acta

87 4731 118 4791 et
139 4748 158 4791 a
180 4729 287 4794 nobis
311 4729 507 4797 confirmata
534 4735 621 4812 sunt,
656 4733 755 4816 plena
784 4734 1007 4800 sollicitudine
1042 4733 1192 4804 stabilire
1219 4733 1368 4798 volentes
1403 4753 1442 4796 ac
1473 4729 1650 4818 Dominot)
1680 4731 1816 4797 iuvante
1850 4731 1886 4795 in
1915 4735 2119 4816 perpetuum

87 4834 224 4900 valitura
250 4838 398 4919 presenti
424 4839 546 4921 pagina
574 4842 691 4905 notum
713 4839 854 4904 facimus
882 4840 1037 4905 omnibus
1062 4840 1188 4904 Christi
1216 4838 1384 4920 fidelibus,
1408 4838 1551 4922 qualiter
1582 4839 1717 4903 domina
1740 4837 1964 4918 Mechtildistl
1994 4839 2121 4905 nobilis
2161 4877 2163 4880 -

88 4939 125 5003 de
147 4940 352 5026 Riclingeffl)
375 4944 476 5010 vidua
499 4943 632 5010 filiabus
655 4947 737 5027 suis,
762 4966 837 5011 cum
860 4945 948 5012 filios
972 4966 1041 5010 non
1064 4947 1212 5024 haberet,
1236 4945 1341 5027 patris
1364 4945 1515 5027 ipsarum
1538 4945 1760 5009 hereditatem
1783 4945 1945 5031 divisitll)
1975 4965 2014 5010 ac
2037 4945 2120 5010 viris

87 5047 255 5114 nobilibus
282 5051 495 5133 comparibus
518 5050 666 5134 ipsarum
692 5052 856 5136 quasdam
881 5056 1023 5135 nuptum
1047 5052 1203 5140 tradidit,
1218 5052 1382 5134 quasdam
1405 5071 1483 5116 vero
1507 5051 1732 5117 ecclesiastice
1760 5051 1910 5134 religioni
1935 5054 1969 5117 et
1992 5053 2117 5118 sancti-

87 5154 334 5242 monialiumffl)
357 5158 559 5239 professioni
583 5159 767 5240 associavit,
792 5163 924 5241 partem
933 5159 975 5243 13)
999 5159 1101 5225 etiam
1124 5158 1275 5223 eiusdem
1297 5157 1505 5240 hereditatis,
1528 5177 1630 5241 quam
1654 5178 1673 5224 a
1697 5158 1833 5223 domino
1857 5160 1891 5222 et
1913 5159 2032 5224 marito
2055 5177 2120 5223 suo

88 5259 322 5348 Reinbertolt)
345 5263 478 5328 nomine
503 5265 538 5328 in
562 5265 674 5329 dotem
697 5265 862 5330 contracti
886 5265 1090 5330 matrimonii
1115 5269 1300 5347 acceperat,
1322 5263 1440 5328 usibus
1464 5265 1533 5329 suis
1549 5265 1753 5348 possidendo
1777 5265 1996 5330 conservavit.
2036 5266 2118 5331 Post

88 5364 249 5433 hervero
276 5369 375 5434 huius
399 5369 504 5435 seculi
527 5370 624 5436 vanis
651 5374 685 5436 et
707 5370 807 5436 variis
830 5370 1016 5454 pertesa15)
1039 5370 1210 5437 laboribus
1234 5373 1267 5435 et
1291 5371 1457 5436 desiderio
1481 5371 1574 5454 regui
1590 5371 1721 5436 celestis
1744 5371 1923 5453 invigilans
1947 5373 1980 5436 et
2002 5369 2119 5458 pr015)

89 5491 144 5536 sua
167 5495 376 5559 suorumque
408 5477 442 5540 et
465 5476 574 5542 mariti
610 5476 662 5540 sui
696 5477 803 5542 salute
830 5478 963 5542 terrena
996 5477 1183 5546 hereditate
1211 5497 1352 5560 regnum
1379 5477 1528 5542 celorum
1561 5477 1701 5543 mercari
1736 5477 1943 5559 desiderans,
1978 5477 2118 5543 ecclesie
2139 5533 2162 5585 ,ᾖ

187 5614 279 5658 wescr.
294 5614 433 5658 ura-sues
450 5614 489 5659 vr.
1881 5604 1896 5666 1
