5058 6792
1041 447 1109 501 1260
2035 432 2099 497 215

215 640 311 708 Gedr.
342 639 447 726 Weatf.
475 639 547 708 UB.
572 638 634 720 ΙΙΙ,
661 639 696 706 S.
711 638 779 704 347
801 637 862 706 Nr.
878 638 955 718 668,
979 638 1116 718 Nisam,
1146 637 1372 706 Uri-Samnii.
1394 639 1437 718 ΙΙ,
1464 638 1498 705 S.
1516 639 1591 719 446,
1615 643 1671 706 der
1693 643 1761 707 hier
1782 665 1878 728 peperi
1900 643 1950 708 die
1972 642 2104 722 Zeoeifel

291 747 437 834 Lemeya,
463 747 571 812 Geacb.
595 747 626 814 d.
654 743 730 811 Gar.
753 770 780 814 6.
797 745 1000 833 Recenaberq
1024 743 1059 810 S.
1082 743 1126 810 27
1154 741 1213 811 den
1234 745 1355 812 Bou-en
1378 745 1523 833 abeam,
1549 747 1624 811 dnae
1646 749 1728 813 deese
1751 747 1840 813 Juraa
1861 752 1895 812 in
1918 761 2016 815 crater
2036 747 2105 814 Ele

290 853 367 918 doci
396 856 454 917 mit
485 851 636 918 Heinrich
662 875 720 917 aon
751 849 963 939 Teclclenburq
988 851 1167 918 vaiarom
1196 874 1331 938 qeweaen
1358 855 1409 916 iat
1455 851 1517 918 Die
1549 851 1628 919 Urlc.
1661 853 1736 920 oben
1766 853 1826 918 Nr.
1857 853 1924 918 486
1957 854 2103 942 beatitipt

285 958 429 1045 sibiipsae
452 959 534 1024 deese
556 957 624 1024 Ele
645 958 820 1038 zweifellos.

81 1230 226 1320 Bisciof
254 1229 441 1305 Wtdetmo
470 1253 534 1302 oon
563 1230 713 1302 Minden
745 1229 904 1320 ominati
938 1229 1014 1301 666
1045 1229 1260 1319 Domlcopitel
1291 1230 1516 1321 oerptdndcte
1542 1232 1638 1320 Hife
1665 1233 1704 1303 in
1732 1231 1927 1322 Fiscbbeclc,
1965 1255 2023 1304 um
2051 1234 2103 1305 sie

87 1362 158 1412 aum
183 1337 393 1408 bestimmten
426 1338 582 1408 termine
613 1359 679 1408 666
712 1336 778 1408 den
806 1337 943 1408 Rittern
975 1335 1114 1408 Johonn
1149 1335 1299 1424 Westtol
1331 1336 1404 1406 aad
1437 1337 1572 1408 Araotd
1602 1337 1732 1410 thome
1766 1338 1858 1410 idaea
1890 1361 1933 1420 66
1965 1337 2105 1416 mnam.

836 1443 986 1514 Mindon
1014 1439 1119 1514 1260
1146 1442 1251 1531 April
1279 1440 1342 1513 16.

181 1559 444 1646 Wedekindusl)
467 1559 529 1625 Dei
552 1559 663 1644 gracia
686 1560 869 1626 Mindensis
892 1560 1071 1644 episcopus
1100 1559 1265 1624 universis
1290 1559 1411 1625 Christi
1434 1559 1591 1625 fidelibus
1622 1579 1762 1642 presens
1794 1562 1957 1644 scriptum
1978 1561 2101 1628 visuris

84 1671 216 1735 salntem
232 1667 270 1732 in
287 1667 441 1732 Domino.
488 1667 542 1732 Ad
564 1667 724 1732 noticiam
746 1668 816 1731 tam
838 1665 1026 1732 futurorum
1050 1685 1151 1748 quam
1173 1666 1384 1751 presencium
1407 1666 1581 1748 pervenire
1604 1667 1769 1746 volumus,
1793 1668 1895 1749 quod,
1919 1687 1996 1732 cum
2011 1668 2102 1732 curie

84 1778 187 1841 nostre
210 1772 245 1836 in
269 1773 413 1838 Visbeke
436 1771 581 1839 iohanni
604 1772 766 1838 Westfalo
789 1774 824 1838 et
845 1792 968 1855 genero
991 1791 1053 1838 suo
1076 1771 1228 1837 Arnoldo
1251 1772 1406 1837 Thumen
1428 1771 1589 1838 militibus
1613 1791 1673 1855 pro
1697 1775 1831 1837 centum
1854 1773 1973 1838 marcis
1994 1793 2102 1856 usque

81 1883 120 1946 ad
142 1881 269 1946 certum
299 1879 478 1944 terminum
510 1878 608 1944 titulo
637 1879 786 1960 pignoris
816 1878 959 1962 obligate
987 1882 1126 1961 propter
1150 1879 1281 1944 diversa
1303 1878 1442 1944 ecclesie
1465 1881 1581 1944 nostre
1603 1879 1796 1962 gravamina
1818 1899 1838 1944 a
1861 1880 1960 1945 nobis
1984 1881 2102 1947 redimi

84 2006 145 2052 non
165 1987 308 2069 possent
330 1986 364 2050 et
387 1984 483 2050 dictis
506 1983 677 2064 rnilitibuS,
710 1984 789 2068 quia
812 1987 901 2050 certo
923 1988 1073 2068 tempore
1096 2003 1164 2049 non
1188 1983 1440 2065 redimerentur,
1476 2005 1517 2050 ex
1540 1983 1735 2051 condicione
1763 1984 1916 2068 apposita
1938 1989 2102 2070 perpetuo

82 2094 235 2157 deberent
259 2090 433 2169 infeodari,
455 2090 570 2157 habito
594 2090 733 2156 consilio
758 2091 861 2157 dictas
885 2091 994 2156 curias
1018 2111 1095 2157 cum
1118 2090 1275 2156 omnibus
1298 2091 1367 2156 suis
1389 2090 1578 2157 attinenciis
1595 2091 1740 2176 capitulo
1757 2095 1873 2157 nostro
1889 2112 1950 2175 pro
1968 2095 2102 2158 centum

81 2199 193 2264 marcis
215 2198 431 2264 vendidimus
455 2197 655 2280 supradictis
679 2197 801 2279 taliter,
823 2200 863 2262 ut
885 2197 966 2263 dum
989 2197 1086 2263 nobis
1108 2197 1161 2262 vel
1185 2197 1307 2262 nostris
1329 2217 1392 2280 pro
1408 2200 1558 2281 ternpore
1579 2198 1830 2263 successoribus
1846 2199 1988 2282 placeat,
2012 2200 2103 2282 quod

80 2325 135 2388 pro
162 2304 306 2387 prefatis
333 2306 467 2369 centum
490 2303 611 2368 marcis
633 2304 883 2388 prenominatae
907 2304 1013 2369 curias
1036 2304 1142 2370 libere
1164 2323 1345 2387 possumus
1368 2322 1575 2386 recuperare.
1622 2305 1661 2370 In
1685 2305 1780 2369 cuius
1803 2305 1852 2370 rei
1875 2304 2102 2370 testimonium

83 2411 236 2492 scripturn
266 2428 407 2493 presens
437 2408 545 2493 sigillo
574 2411 688 2475 nostro
717 2408 856 2475 fecimus
884 2410 1091 2474 communiri.
1138 2411 1259 2475 Datum
1286 2409 1399 2475 Minde
1429 2429 1518 2476 anno
1546 2410 1681 2475 Domini
1704 2410 1894 2493 uechx,
1930 2410 2010 2476 XVI.
2034 2412 2103 2475 Ka-

80 2515 189 2580 lendas
212 2514 304 2580 Maii.

292 2620 314 2692 ¹)
333 2621 506 2676 Vadskindus
525 2621 560 2675 A.
593 2627 596 2633 '

205 2708 338 2775 666.
363 2711 417 2776 aa
440 2709 492 2778 6.
516 2709 570 2778 aa.
594 2714 629 2776 a
650 2711 728 2777 66.
759 2708 830 2790 66,
853 2708 953 2789 661,
980 2709 1014 2776 s.
1037 2709 1083 2775 27
1104 2715 1148 2775 m
1173 2709 1245 2796 Kal·
1272 2708 1375 2776 6-6.
1398 2733 1438 2775 a
1461 2674 1609 2777 mamm.
1656 2711 1752 2779 eea.
1783 2710 1979 2796 666666,
2006 2711 2099 2778 sees.

288 2817 365 2902 dipl.
389 2815 451 2894 XI,
478 2815 512 2882 S.
540 2815 591 2896 10,
615 2816 730 2903 Repevt
750 2817 828 2883 Mac.
853 2816 897 2897 ΙΙ,
924 2816 998 2896 189,
1022 2815 1084 2883 Nr.
1106 2815 1184 2896 646,
1214 2814 1443 2902 Wippermunn,
1467 2816 1564 2904 Reqp.
1592 2816 1761 2884 86666666.
1787 2817 1822 2882 S.
1846 2817 1888 2882 84
1913 2817 1974 2885 Nr.
1999 2816 2100 2884 167α.

1047 3050 1097 3126 72
1126 3107 1137 3129 .

76 3174 209 3247 Johann
236 3175 414 3249 Edelberr
438 3198 503 3248 oon
529 3177 823 3268 Brininpiousea
854 3178 927 3250 aad
959 3177 1052 3250 seina
1080 3049 1268 3250 siloam
1295 3177 1452 3268 Hedwip,
1488 3177 1612 3250 Nonne
1639 3179 1678 3249 in
1706 3177 1967 3271 Gonderslecim
2002 3180 2102 3252 aber·

77 3287 189 3372 trapen
223 3283 291 3354 der
321 3282 500 3354 mindener
526 3279 654 3356 Kirche
687 3284 746 3354 ihr
777 3305 903 3372 ponzas
928 3283 1116 3374 8666666
1152 3305 1227 3354 vora
1255 3284 1385 3356 Flesse
1410 3280 1598 3355 Bordenoa
1629 3283 1703 3356 aad
1735 3306 1800 3356 666
1828 3286 1979 3358 Minnica
2014 3286 2103 3358 naci

83 3386 181 3460 Oeten
207 3411 253 3461 aa
287 3389 361 3461 666
388 3389 444 3462 die
471 3388 756 3480 Holayrasscioft
790 3412 855 3462 666
881 3389 995 3462 sichen
1022 3390 1212 3462 Perochiea
1244 3390 1410 3462 zwisalten
1437 3390 1589 3462 Homeln
1615 3390 1689 3462 aad
1716 3390 1873 3462 Mamer
1897 3413 2003 3481 pepon
2030 3393 2104 3466 eine

531 3495 712 3568 Leibrente
738 3517 804 3568 oon
830 3497 913 3568 zeba
940 3495 1060 3568 Mart.
1123 3495 1312 3585 Wunstorf
1332 3494 1432 3569 1260
1459 3497 1563 3586 April
1588 3497 1647 3568 25.

178 3613 357 3679 Universis
381 3613 507 3681 Christi
529 3612 685 3680 fidelibus
716 3614 752 3679 in
775 3617 988 3700 perpetuum.
1035 3614 1205 3680 iohannes
1230 3616 1271 3680 de
1293 3614 1551 3680 Bruninchusen
1574 3618 1608 3680 et
1632 3614 1837 3698 Hathewigis
1860 3636 1954 3682 soror
1977 3635 2039 3681 sua
2062 3617 2103 3684 de

77 3717 282 3784 Gandersem
303 3718 444 3785 nobiles.
491 3719 657 3799 Quoniam
692 3719 836 3805 apostoli
871 3720 1102 3787 exhortatione
1137 3740 1388 3788 commonemur
1417 3721 1542 3786 bonum
1573 3721 1705 3804 operan'
1738 3723 1780 3787 ad
1812 3742 1929 3788 omnes
1961 3723 2102 3788 maxime

76 3827 181 3889 autem
205 3825 250 3890 ad
277 3825 486 3909 domesticos,
522 3824 601 3890 fidei
628 3825 779 3910 nostre¹)
807 3831 842 3893 et
869 3827 1029 3908 omnium,
1064 3829 1122 3910 qui
1151 3827 1273 3910 spiritu
1300 3826 1360 3890 Dei
1387 3828 1558 3910 reguntur,
1593 3827 1732 3892 interest
1755 3827 1911 3893 ecclesias
1936 3833 1972 3894 et
1995 3829 2101 3895 eccle-

76 3928 223 3996 siasticas
260 3952 435 4016 personas,
470 3952 535 4015 que
567 3932 739 3997 domestici
767 3931 846 3997 fidei
875 3933 1031 3999 dicuntur
1060 3933 1186 4016 prediis
1209 3935 1243 3998 et
1266 3933 1432 3997 bonorum
1462 3933 1717 4016 largitudinibus
1741 3935 1893 4015 dilatare,
1929 3937 1966 4000 ut
1989 3957 2009 4001 a
2032 3937 2102 4002 Deo

76 4038 262 4103 mercedem
300 4041 468 4121 oportuno
502 4041 652 4122 tempore
687 4037 896 4121 recipiamus.
953 4039 1002 4103 Ea
1033 4041 1172 4122 propter
1204 4041 1323 4103 notum
1358 4059 1431 4103 esse
1464 4039 1617 4103 volumus
1651 4039 1718 4103 tam
1752 4041 1966 4122 presentibus
2000 4061 2103 4124 quam

75 4145 326 4210 successoribus
361 4144 473 4210 future
507 4144 725 4229 posteritatis,
760 4145 852 4227 quod
885 4164 947 4209 nos
980 4163 1041 4226 pro
1072 4145 1219 4210 remedio
1251 4145 1439 4210 animarum
1470 4147 1658 4210 nostrarum
1689 4145 1779 4210 bona
1809 4149 1925 4211 nostra
1955 4147 1991 4212 in
2016 4146 2102 4213 Bru-

76 4249 261 4316 ninchusen
278 4271 353 4316 omn
370 4251 439 4316 suis
456 4251 651 4334 attinentiis,
665 4251 898 4317 ministeriales
914 4249 1079 4336 nostros2)
1092 4270 1131 4315 ac
1146 4251 1293 4317 vasallos
1304 4270 1380 4315 cum
1391 4250 1566 4332 mancipiis
1579 4253 1612 4314 et
1625 4251 1784 4316 litonibus
1799 4253 1922 4318 nostris
1939 4253 2102 4319 universis

74 4372 131 4420 nec
146 4375 216 4424 non
233 4357 349 4424 omnia
364 4358 455 4423 bona
470 4361 585 4424 nostra
600 4359 745 4442 propria,
769 4357 875 4422 libera
890 4359 925 4423 et
938 4357 1108 4423 infeodata
1124 4361 1157 4422 et
1173 4376 1307 4421 omnem
1323 4356 1572 4439 proprietatem,
1597 4376 1697 4438 quam
1713 4357 1749 4421 in
1765 4358 1866 4440 silvie,
1883 4359 1980 4442 agris,
1996 4359 2102 4442 pratis

74 4463 217 4544 pascuis,
242 4464 342 4546 aquis
366 4467 400 4529 et
423 4483 586 4548 aquarum
610 4465 805 4530 decursibus
826 4464 1000 4529 assumine
1014 4462 1194 4529 Bordenou
1211 4465 1246 4527 et
1259 4462 1373 4526 Minda
1394 4482 1512 4526 versus
1536 4467 1667 4544 partem
1690 4463 1852 4528 orientem
1875 4464 2102 4550 retinemusss),

74 4564 157 4634 iusta
179 4569 251 4652 ete)
277 4569 424 4652 legitima
446 4571 629 4637 donatione
652 4591 694 4636 ex
717 4573 807 4636 certa
829 4569 968 4636 scientia
991 4568 1128 4634 ecclesie
1151 4568 1318 4633 Mindensi
1340 4567 1579 4652 possidendam
1607 4567 1642 4632 in
1669 4573 1871 4652 perpetuum
1905 4570 2103 4637 donavimus

75 4691 146 4738 cum
177 4676 375 4758 premissis3
409 4677 489 4743 item
523 4677 719 4759 dominium,
755 4677 844 4760 quod
880 4676 1130 4758 holtgravescap
1165 4675 1287 4740 dicitur
1318 4676 1359 4740 de
1390 4677 1520 4758 septem
1549 4675 1716 4758 parochiis
1738 4675 1827 4740 inter
1849 4675 2047 4763 Hamelene)
2070 4680 2103 4742 et

74 4778 271 4867 blunderess)
297 4781 486 4849 constitutis
511 4803 587 4848 cum
610 4783 804 4849 Hermanno
820 4779 1004 4866 Praclrenl)
1027 4783 1063 4846 in
1077 4781 1242 4866 Bassam)
1266 4784 1494 4848 commorante
1518 4781 1657 4847 ecclesie
1680 4782 1877 4848 donavimus
1901 4784 2101 4865 supradicte.

75 4884 167 4952 Unde
192 4908 239 4954 ne
264 4907 327 4972 ego
349 4887 518 4954 iohannes
542 4909 583 4954 ex
604 4888 666 4954 ista
692 4888 818 4954 salubri
841 4888 1021 4952 donatione
1042 4888 1078 4952 in
1100 4888 1341 4970 temporalibus
1364 4886 1529 4968 deficiam,
1564 4907 1640 4952 cum
1670 4908 1765 4954 soror
1793 4908 1868 4954 mea
1895 4889 2101 4974 Hathewigis

73 4993 270 5075 supradicta
294 4995 454 5060 canonica
476 4995 519 5060 sit
542 4995 577 5060 in
600 4995 808 5062 Gandersem
831 4998 865 5058 et
887 4995 1064 5059 honestam
1088 5014 1127 5060 ac
1150 4995 1297 5060 debitam
1319 4995 1443 5060 habeat
1465 4995 1747 5078 procurationem,
1772 4996 1989 5064 avenerabili
2005 5000 2102 5080 patre

73 5115 109 5162 ac
124 5099 267 5166 domino
284 5099 549 5187 W(idelrindo)⁹)
574 5102 734 5184 episcopo
750 5100 915 5167 Mindensi
938 5100 1054 5166 decem
1076 5120 1262 5166 marcarum
1286 5100 1488 5186 redditus¹⁰)
1512 5121 1553 5166 ex
1568 5120 1735 5167 consensu
1757 5101 1892 5184 capituli
1908 5103 2102 5184 Mindensis‚

74 5221 128 5270 sex
151 5207 195 5272 de
221 5207 319 5272 curia
340 5207 486 5273 Alethen
510 5210 543 5274 et
566 5211 712 5292 quatuor
735 5208 777 5273 de
800 5207 983 5288 Mandeslo,
1013 5207 1175 5290 quamdiu
1201 5207 1316 5272 vixero
1339 5205 1439 5271 michi
1463 5209 1541 5271 sunt
1564 5207 1808 5273 rationabiliter
1831 5209 1999 5291 assignati,
2035 5229 2101 5292 que

75 5313 217 5392 pecunia
242 5313 386 5397 singulis
409 5314 506 5380 aunis
534 5316 568 5380 et
590 5315 688 5380 certis
712 5313 920 5396 temporibus
948 5313 1048 5378 michi
1072 5313 1215 5392 dabitur,
1238 5313 1365 5395 quibus·
1385 5316 1582 5378 consuetum
1590 5312 1633 5397 ¹1)
1656 5313 1764 5379 luerat
1787 5312 1920 5378 domino
1944 5314 2101 5399 episcopo

73 5414 194 5484 dictam
218 5420 403 5504 pecuniam
425 5421 623 5504 presentari,
647 5437 749 5503 quam
771 5420 968 5503 pensionem
991 5420 1091 5485 etiam
1115 5439 1177 5502 per
1197 5418 1361 5503 integrum
1385 5439 1521 5501 annum,
1550 5425 1729 5503 postquam
1753 5419 1926 5486 demedio
1949 5420 2102 5487 sublatus
