5058 6792
1046 471 1114 527 1259
2036 455 2097 520 111

95 674 224 740 fratrum
247 670 317 734 tam
340 666 528 733 futurorum
551 686 652 750 quam
675 665 881 750 presentium
914 666 950 730 in
973 686 1014 732 ea
1037 664 1178 731 Domino
1201 665 1435 732 famulantium
1458 664 1544 732 felici
1568 664 1727 730 memoria
1750 667 2001 747 contrahuntur,
2039 684 2107 730 non

96 779 153 844 sub
179 774 313 840 levitate
340 775 524 853 transeant,
559 773 619 839 sed
642 793 662 838 a
685 772 812 837 cunctis
836 771 1138 838 christifidelibus
1165 770 1289 836 ibidem
1311 771 1454 837 Domino
1481 771 1703 837 militantibus
1732 771 1787 854 pie
1811 771 1995 837 devotionis
2019 771 2111 836 solli-

96 881 231 950 eitudine
259 880 452 946 memoriter
482 879 711 944 observentur.
760 877 844 942 Cum
866 877 975 960 igitur,
1009 879 1046 943 in
1069 876 1202 942 Christo
1226 877 1432 942 dilectissimi
1454 876 1590 957 domini,
1625 895 1704 942 vera
1726 877 1917 943 fraternitas
1939 879 2028 942 inter
2050 897 2111 943 vos

96 994 125 1056 et
145 1006 202 1054 nos
226 1006 245 1052 a
268 984 515 1051 venerabilibus
549 985 844 1067 predecessoribus
878 985 997 1049 vestris
1021 988 1053 1049 et
1077 982 1200 1048 nostris
1228 983 1332 1048 felicis
1361 983 1519 1047 memorie
1546 983 1684 1066 prelatis
1712 983 1756 1047 ab
1780 983 1918 1067 antiquo
1941 985 2112 1048 contracta

94 1111 298 1178 nequaquam
321 1089 481 1156 oblivioni
504 1090 670 1156 tradenda
693 1091 748 1170 sit,
772 1091 832 1156 sed
853 1090 966 1173 potius
989 1089 1075 1155 felici
1099 1088 1257 1154 memorie
1279 1091 1442 1173 perpetuo
1467 1089 1741 1170 commendanda,
1765 1109 1895 1172 nosque
1915 1090 1959 1154 ad
1975 1089 2111 1154 fidelem

94 1197 333 1267 observantiam
367 1195 517 1262 eiusdem
552 1195 768 1262 fratemitatis
803 1196 949 1261 benivoli
977 1194 1081 1260 simus
1110 1199 1144 1260 et
1171 1215 1303 1279 semper
1331 1193 1503 1275 fuerimus
1538 1195 1802 1278 adpetitionem
1829 1198 1975 1262 vestram
2003 1215 2112 1278 nuper

94 1305 184 1372 nohis
211 1306 401 1386 porrectam
432 1321 535 1385 super
563 1303 754 1368 innovanda
783 1305 947 1385 perpetua
976 1301 1184 1366 fraternitate
1206 1304 1321 1367 nostra
1344 1302 1387 1366 ad
1408 1301 1549 1366 invicem
1573 1299 1715 1366 fideliter
1738 1302 1947 1367 observanda
1971 1319 2033 1366 nos
2049 1320 2110 1384 pro

94 1415 180 1496 parte
202 1411 320 1474 nostra
342 1407 445 1474 nichil
469 1409 547 1474 novi
569 1409 665 1474 vobis
688 1409 901 1474 rescribimus
925 1407 1021 1491 quasi
1044 1408 1182 1490 antiqua
1203 1407 1294 1473 nulla
1310 1407 1418 1486 fuerit,
1442 1407 1502 1472 sed
1517 1406 1545 1470 si
1561 1405 1644 1491 quid
1659 1407 1743 1473 forte
1759 1426 1819 1490 per
1834 1408 2111 1490 predecessorum

92 1520 275 1584 nostrorum
297 1514 352 1580 vel
375 1519 524 1580 nostram
548 1515 709 1580 desidiam
733 1515 775 1579 de
799 1513 1032 1579 observatione
1056 1513 1192 1596 antique
1214 1513 1430 1578 fraternitatis
1460 1513 1630 1578 intervos
1654 1515 1687 1577 et
1710 1533 1771 1577 nos
1794 1513 1861 1578 iam
1885 1514 2009 1578 dudem
2032 1533 2112 1580 con-

91 1625 186 1688 tracte
219 1622 383 1686 hactenus
419 1621 608 1703 neglectum
640 1623 690 1685 est
720 1622 778 1685 aut
809 1619 967 1686 oblivioni
997 1619 1160 1685 traditum
1186 1619 1363 1701 invenitur,
1397 1621 1435 1683 ut
1457 1639 1497 1684 ex
1521 1638 1610 1683 nunc
1634 1619 1669 1684 in
1692 1621 1791 1683 antea
1813 1619 1929 1685 maiori
1953 1621 2113 1686 memoria

92 1727 295 1794 convalescat
317 1728 360 1792 ad
382 1727 558 1792 emendam
583 1730 616 1792 et
638 1726 880 1792 correctionem
914 1730 984 1791 tam
1007 1725 1194 1791 futurorum
1226 1745 1327 1808 quam
1350 1724 1559 1807 presentium
1582 1725 1761 1806 utrobique
1784 1726 1924 1790 fratrum
1948 1729 1981 1791 et
2005 1725 2112 1791 domi-

92 1854 203 1898 norum
226 1836 423 1898 nostrorum
446 1833 630 1915 predictam
652 1832 902 1912 fraternitatem,
935 1834 973 1896 ut
996 1851 1078 1914 sepe
1102 1831 1226 1896 dietum
1250 1834 1309 1910 est,
1345 1832 1387 1895 ab
1411 1831 1550 1914 antiquo
1574 1830 1743 1896 intervos
1767 1835 1883 1896 etnos
1907 1835 2110 1898 contractam

91 1947 198 2006 tenore
220 1938 430 2022 presentium
454 1938 609 2004 duximus
633 1939 872 2004 recensendam
895 1940 930 2003 et
953 1938 1136 2002 secundum
1160 1937 1297 2003 modum
1320 1941 1420 2020 atque
1444 1938 1594 2003 debitum
1616 1937 1756 2002 fratrum
1780 1938 2004 2019 spiritualium
2026 1937 2113 2004 inter

90 2067 143 2113 vos
171 2049 204 2111 et
232 2065 296 2112 nos
327 2065 368 2110 ex
395 2064 486 2110 nunc
513 2046 550 2109 in
578 2047 677 2110 antea
707 2045 797 2111 omni
827 2045 989 2110 virtutum
1021 2043 1179 2108 exercitio
1204 2046 1237 2108 et
1259 2043 1498 2108 beneficiorum
1524 2043 1713 2108 orationum
1744 2045 1844 2125 atque
1872 2044 2112 2126 gratitudiuum

90 2153 233 2235 largitate
263 2154 429 2234 perpetuo
457 2151 611 2234 cupimus
635 2151 815 2229 observari,
839 2152 1035 2228 statuentes,
1063 2150 1110 2231 ut,
1140 2169 1216 2213 cum
1230 2150 1328 2214 nobis
1357 2151 1397 2215 de
1426 2149 1520 2214 obitu
1548 2149 1733 2232 aliquorum
1762 2150 1901 2215 fratrum
1925 2153 2114 2217 vestrorum

89 2259 294 2324 innotescere
318 2258 503 2340 contigerit,
533 2256 670 2339 triginta
692 2257 793 2321 misse
817 2257 860 2320 ab
884 2255 1039 2321 omnibus
1063 2257 1292 2336 communiter,
1320 2259 1354 2321 et
1376 2275 1396 2320 a
1419 2256 1570 2339 quolibet
1593 2258 1766 2321 sacerdote
1789 2257 1943 2340 privatim
1966 2260 2044 2339 treS,
2076 2261 2113 2322 et

90 2366 128 2429 ab
155 2362 321 2428 inferioris
350 2364 477 2428 ordinis
507 2364 607 2429 fratre
637 2362 700 2426 tria
730 2362 889 2445 psalteria
921 2382 984 2445 pro
1019 2361 1091 2426 eius
1125 2361 1239 2446 requie
1275 2363 1507 2440 decantentur,
1542 2363 1659 2427 eadem
1690 2362 1920 2427 vicissitudine
1951 2363 2049 2428 nobis
2079 2365 2113 2428 et

89 2469 241 2534 fratribus
271 2469 397 2534 nostris
425 2468 591 2533 defunctis
615 2489 635 2534 a
655 2469 752 2534 vobis
776 2468 987 2534 laudabiliter
1010 2469 1195 2532 observata.
1242 2469 1367 2534 Datum
1390 2467 1494 2532 fulde
1517 2487 1605 2533 anno
1631 2468 1765 2533 Domini
1789 2468 1963 2532 millesimo
1988 2468 2113 2533 ducen-

89 2577 202 2640 tesimo
226 2575 506 2658 quinquagesimo
531 2594 632 2656 non0,
655 2575 690 2638 in
714 2575 857 2640 crastino
882 2574 998 2639 Jacobi
1022 2573 1176 2656 apostoli.

216 2677 312 2744 Naen
339 2681 406 2746 dem
429 2679 540 2743 Dmelr
570 2679 619 2744 bei
646 2677 844 2762 Weirdtnee'n,
875 2678 968 2744 Saba.
993 2679 1068 2764 deiri.
1092 2677 1135 2757 X,
1167 2676 1201 2742 S.
1227 2677 1270 2742 19
1297 2679 1481 2746 wiederfrolt.
1528 2679 1644 2764 Repest
1670 2680 1747 2744 Mae.
1772 2675 1817 2758 ΙΙ,
1847 2676 1920 2758 189,
1949 2677 2009 2744 Nr.
2033 2677 2110 2757 585,

324 2810 351 2852 v.
375 2783 571 2871 Hodenberp,
596 2783 703 2872 Hoyer
730 2783 802 2852 UB.
826 2785 924 2849 Alth.
956 2782 1047 2863 VIII,
1074 2783 1108 2850 S.
1134 2783 1175 2848 71
1201 2783 1260 2849 Nr.
1286 2783 1338 2850 77.

1059 2931 1140 3008 717.

88 3043 240 3128 fbtissin
269 3056 440 3129 Adelfreid
466 3056 538 3127 und
565 3057 631 3128 dos
659 3056 883 3145 Moriensflsl
909 3059 947 3128 in
975 3057 1125 3130 Minden
1152 3055 1316 3128 selecnken
1343 3055 1420 3128 den
1442 3054 1497 3133 ΙΙΙ.
1517 3057 1669 3130 Sebinno
1696 3059 1773 3129 drce'
1791 3058 1912 3147 Hersen
1938 3059 1977 3129 e‘n
1995 3059 2111 3149 Lecse,

340 3164 396 3234 dic
432 3163 575 3254 Volan'n
602 3185 666 3234 von
693 3163 801 3234 Leese
827 3185 891 3234 oon
918 3162 1021 3234 innen
1046 3187 1089 3235 zu
1117 3163 1217 3236 Lefrn
1241 3161 1340 3237 frede,
1393 3163 1544 3234 Minden
1573 3162 1674 3237 1259
1699 3164 1777 3235 Jnlr'
1804 3163 1863 3235 27.

187 3281 303 3346 Huius
337 3281 385 3345 rei
418 3283 521 3345 testes
555 3282 651 3346 sunt:
685 3281 867 3346 Wemerus
903 3282 1049 3346 decanus
1083 3280 1220 3347 ecclesie
1255 3279 1401 3360 maioris,
1437 3280 1612 3346 Conradus
1646 3281 1792 3348 decanus
1827 3284 1934 3347 sancti
1970 3283 2134 3366 Martini„

89 3386 222 3470 Widigo,
258 3387 438 3452 Heinricus
468 3389 510 3452 de
538 3387 631 3467 Slon,
668 3387 831 3453 Ludolfus
861 3387 951 3468 Post,
985 3388 1155 3452 lohannes
1185 3387 1227 3452 de
1253 3386 1378 3464 Bucka,
1414 3386 1588 3452 Conradus
1617 3388 1659 3452 de
1687 3389 1925 3472 Wardenberg,
1959 3390 2114 3472 magister

88 3492 253 3558 Amoldus
279 3493 321 3558 de
344 3494 480 3572 Scinua,
504 3493 718 3558 Hermauuus
743 3493 784 3557 de
809 3493 906 3575 Hoya
928 3492 1080 3558 canonici
1103 3492 1285 3558 Mindensis
1310 3492 1462 3572 ecclesie;
1486 3493 1662 3558 Conradus
1684 3495 1725 3559 de
1747 3495 1855 3576 Uflen,
1880 3495 2055 3561 Heinricus
2072 3496 2113 3560 de

88 3599 298 3682 Dungerden,
323 3599 515 3664 Gerhardus
540 3599 581 3663 de
605 3599 779 3682 Bastorpe,
804 3599 999 3664 Thidericus
1024 3600 1065 3664 de
1088 3600 1284 3665 Horstholte
1307 3600 1439 3664 milites.

218 3702 276 3770 Or.
311 3707 356 3766 e'nr
386 3705 503 3768 Arcde'e
538 3705 592 3768 des
619 3703 673 3769 Kl.
702 3703 847 3768 Leonem.
895 3702 998 3789 sepe
1030 3703 1115 3769 nebat
1143 3705 1349 3790 Refectipunp
1384 3704 1435 3770 ab.
1482 3705 1578 3772 (ἔσάν.
1612 3730 1640 3770 o.
1670 3703 1867 3792 Hodenberp,
1903 3705 2009 3794 Hoyer
2041 3705 2111 3772 UB.

299 3808 392 3876 Aen.
424 3806 495 3887 VII,
521 3807 557 3874 S.
579 3806 626 3875 90
647 3807 709 3876 Nr.
736 3808 810 3888 171,
844 3808 960 3895 Repest
983 3835 1011 3878 e.
1035 3809 1231 3896 Hodenberp‚
1265 3808 1470 3897 Celenderper
1497 3810 1568 3875 ΗΒ.
1593 3810 1685 3879 Abel.
1710 3810 1774 3891 III,
1801 3811 1835 3878 S.
1861 3812 1926 3876 113
1948 3811 2008 3877 Nr.
2030 3811 2108 3880 205.

299 3914 393 3981 Leeae
415 3915 447 3979 0.
474 3915 648 3980 Stolzenau.
695 3914 821 4001 Leuiols
839 3915 917 3980 Post
936 3919 981 3981 iat
1001 3915 1211 3982 Dornkellner.

1060 4063 1142 4138 718.

91 4184 186 4274 Grof
208 4186 349 4275 Ludoff
368 4208 433 4258 oon
461 4187 691 4258 Hellerrnnnd
724 4187 885 4275 onlenff
919 4188 995 4258 dem
1024 4186 1159 4275 Gnoson
1186 4187 1356 4259 Heinrich
1384 4210 1447 4259 non
1473 4188 1577 4278 Hopc
1611 4191 1694 4260 enci
1721 4189 1814 4277 dec
1841 4191 1879 4260 r'n
1915 4191 2112 4262 Windfeee'ne

86 4293 154 4362 end
180 4291 380 4380 Harlethe,
409 4293 464 4363 die
491 4316 530 4364 er
556 4315 620 4364 von
647 4293 714 4365 den
742 4295 922 4384 Heredqcn
949 4315 1013 4364 von
1040 4293 1191 4366 Saefrscn
1217 4317 1260 4364 en
1288 4293 1386 4364 Lclrn
1413 4300 1513 4383 trdpt.
1571 4294 1770 4386 Sreperley
1789 4296 2110 4387 12591epnsr15.

214 4408 315 4474 θεάν.
338 4431 396 4472 vore
418 4407 615 4495 Hodenberp‚
638 4408 744 4496 Hoyer
771 4408 842 4474 ΗΒ.
866 4409 959 4473 Abel.
985 4409 1011 4489 I,
1037 4408 1072 4475 S.
1098 4407 1140 4472 16
1163 4407 1222 4474 Nr.
1246 4408 1289 4472 21
1312 4411 1393 4474 necle
1416 4413 1499 4475 einer
1521 4416 1663 4496 epdteren
1685 4413 1848 4477 deutschen
1873 4410 2110 4498 Uedersetznnp.

301 4517 462 4581 Harlethe
486 4516 560 4580 sind
581 4517 631 4580 die
646 4514 801 4597 Harlfedfh
826 4515 875 4580 dee'
903 4512 1085 4580 Windlree'm
1134 4515 1218 4579 1264
1242 4516 1332 4580 Md'rz
1355 4517 1394 4579 15
1417 4515 1565 4582 defraudet
1587 4515 1743 4603 Herzopr'n
1762 4517 1873 4583 Helene
1887 4541 1944 4602 eon
1963 4518 2109 4596 Socfaen,

299 4619 428 4707 B'arpern
449 4623 516 4686 nnd
543 4619 720 4702 Weetsirlen,
751 4623 827 4686 dosa
852 4622 922 4687 inre
946 4619 1045 4687 Sdfrne
1071 4621 1199 4686 Johonn
1226 4623 1292 4687 und
1322 4622 1430 4688 Albert
1456 4624 1514 4688 den
1540 4621 1663 4704 Graf'en
1685 4623 1835 4689 Heinrich
1858 4647 1914 4688 von
1938 4623 2031 4712 Hopc
2057 4629 2114 4689 mit

300 4727 463 4792 denaelben
485 4725 588 4812 Ho'fen
610 4727 728 4794 belefrnt
748 4727 857 4806 froben,
883 4751 913 4792 a.
938 4752 968 4792 α.
993 4726 1029 4793 0.
1057 4725 1091 4793 S.
1117 4726 1160 4792 18
1182 4725 1242 4794 Nr.
1265 4725 1320 4794 26.

1062 4873 1147 4949 719.

85 4995 159 5068 Des
186 4995 244 5069 Kl.
279 4997 465 5086 Nenndort
493 4998 670 5087 beslimnt,
699 4998 780 5070 dass
807 4965 884 5069 dem
902 4998 1119 5069 Beruardus
1147 4999 1321 5070 sacerdos
1340 4997 1555 5092 capellanus
1574 4998 1612 5069 iu
1633 4998 1892 5095 Reinenberge
1920 5023 1983 5072 ons
2002 5005 2111 5075 einen

84 5102 204 5175 Hense
231 5105 274 5174 in
300 5102 521 5193 Ruddestor(
538 5104 692 5192 jdlrlicfr
719 5106 793 5176 eine
819 5101 1028 5282 Kornqegegeb
1043 5104 1115 5280 qrss
1128 5104 1313 5282 llfsr'tefrggle's
1339 5107 1378 5175 e'n
1401 5105 1553 5176 Minden
1576 5105 1734 5197 peliefert
1760 5108 1879 5179 werde.
1926 5108 2115 5198 Nenndorf

215 5324 275 5390 Or.
304 5328 348 5390 im
373 5325 448 5412 Kpl.
480 5324 585 5393 sr-A.
615 5349 655 5390 an
680 5325 859 5409 Hannoeer,
895 5325 1066 5406 Nenndorf
1085 5233 1224 5392 177716.
1269 5266 1372 5394 ’Gedru
1407 5351 1435 5393 v.
1459 5325 1655 5414 Hodenbem,
1691 5326 1796 5416 Hoyer
1822 5328 1894 5394 ΠΒ.
1928 5330 2025 5396 Abel.
2056 5330 2111 5408 Vl,

302 5429 337 5497 S.
360 5431 404 5495 31
432 5430 494 5500 Nr.
519 5430 572 5496 13.
2090 5441 2092 5446 ’

1826 5553 1895 5647 2⁷*
