5062 6776
425 369 491 434 362
702 416 704 420 .
778 427 785 434 .
1133 345 1136 354 “
1419 383 1486 438 raro

425 582 588 665 scripture
623 580 779 646 convenit
807 579 1000 646 testimonio
1031 581 1243 663 perhennan'.
1291 579 1415 644 Notum
1438 580 1537 662 igitur
1560 600 1634 646 esse
1658 581 1810 664 cupimus
1835 583 2011 662 universis,
2046 583 2137 666 quod
2160 603 2271 649 coram
2295 586 2388 652 nobis
2408 588 2437 654 in

424 687 550 754 iudicio
573 685 771 752 constitutus
794 687 877 753 feria
892 684 1040 751 secunda
1055 684 1142 750 infra
1157 687 1291 750 octavas
1314 686 1501 769 epyphanie
1518 686 1679 753 Ludolfus
1700 689 1742 753 de
1758 687 1914 753 Svicbere
1930 708 1993 772 pro
2009 709 2046 754 se
2063 709 2191 774 suaque
2207 691 2349 774 coniuge
2362 694 2436 760 suis

423 814 491 876 que
514 792 592 858 filiis
615 793 686 858 sive
708 791 822 876 pueris
846 793 937 856 omni
960 792 1036 874 iuri,
1072 791 1192 857 actioni
1216 792 1285 857 sive
1308 792 1453 875 querele,
1489 812 1590 875 quam
1614 793 1735 859 iterum
1758 813 1894 860 movere
1917 799 2054 877 ceperat
2076 795 2221 862 claustro
2246 798 2287 863 de
2312 798 2436 866 Lodhen

422 919 526 982 super
549 899 647 964 bonis
670 898 871 982 quibusdam
896 899 1016 982 emptis
1040 899 1175 964 domino
1191 898 1365 964 Volcmaro
1389 899 1431 964 de
1455 899 1603 980 Stedere‚
1627 901 1671 965 ad
1694 903 1844 965 nostram
1867 901 2066 967 instanciam
2090 903 2299 968 renunciavit
2322 905 2436 988 simpli·

421 1007 505 1070 citer
528 1009 561 1072 et
585 1025 742 1088 expresse
766 1005 859 1071 nulla
882 1024 917 1068 re
941 1004 1004 1069 sibi
1027 1005 1193 1087 promissa
1215 1005 1268 1070 vel
1293 1005 1387 1086 data;
1411 1007 1548 1069 namet
1572 1008 1649 1070 ante
1673 1026 1784 1070 coram
1801 1007 1995 1073 consulibus
2012 1012 2045 1074 et
2060 1008 2214 1092 opidanis
2231 1010 2273 1074 de
2290 1011 2436 1092 Indagine

423 1112 678 1178 renunciaverat
701 1131 777 1176 cum
799 1110 878 1176 filiis
902 1113 935 1176 et
958 1131 1059 1176 uxore
1083 1111 1204 1176 marcis
1228 1111 1291 1176 sibi
1314 1111 1370 1175 XV
1393 1111 1605 1193 presentatis.
1652 1111 1769 1177 Testes
1792 1113 1892 1178 huius
1916 1113 1964 1178 rei
1986 1115 2078 1178 sunt:
2103 1115 2243 1198 Widego
2258 1117 2437 1199 prepositus

425 1218 563 1284 ecclesie
598 1217 703 1282 sancti
737 1218 880 1296 Martini,
915 1218 1019 1282 frater
1050 1217 1219 1282 lohannes
1252 1218 1293 1282 de
1322 1217 1488 1281 Hamelen
1522 1219 1555 1282 et
1584 1217 1685 1283 frater
1713 1218 1878 1285 Henricus
1907 1220 1949 1284 de
1973 1220 2175 1303 Magdeburg
2197 1221 2436 1288 Predicatorum

420 1325 565 1406 ordinis3
592 1324 757 1389 Henricus
782 1325 823 1389 de
848 1325 1059 1407 Dungerden,
1083 1323 1272 1388 Richardus
1295 1324 1432 1406 Vulpes,
1456 1323 1646 1389 Richardus
1671 1326 1808 1406 Parvus,
1831 1324 2004 1392 lohannes
2025 1327 2066 1392 de
2082 1327 2309 1411 Bareghusen,
2333 1329 2437 1392 Helm·

421 1433 537 1496 bertus
562 1431 785 1512 Camerarius
819 1429 935 1495 Bruno
960 1430 1001 1494 de
1025 1430 1219 1513 Spenthove
1249 1432 1283 1495 et
1306 1429 1498 1495 Florencius
1523 1431 1565 1496 de
1589 1431 1802 1514 Dungerden,
1835 1432 1973 1513 milites3
2006 1434 2160 1499 dominus
2184 1434 2349 1500 Henricus
2373 1453 2437 1516 pre·

421 1537 551 1621 positus
576 1539 617 1602 de
641 1537 907 1618 Overenkerken‚
943 1537 1134 1602 Gerhardus
1158 1536 1266 1600 dictus
1290 1536 1393 1618 span,
1428 1536 1618 1602 Richardus
1654 1537 1743 1603 filius
1773 1538 1899 1605 domini
1929 1540 2088 1605 Richardi
2115 1541 2242 1622 Vulpis,
2275 1539 2437 1606 lohannes

422 1643 503 1709 Bloc
538 1647 573 1708 et
603 1643 719 1727 plures
754 1643 812 1708 alii
843 1643 909 1709 fide
941 1643 1040 1726 digni.
1087 1643 1126 1706 ln
1150 1643 1246 1707 cuius
1270 1643 1317 1707 rei
1340 1643 1574 1709 certitudinem
1597 1643 1741 1727 sigillum
1764 1647 1917 1710 nostrum
1938 1647 2153 1728 presentibus
2175 1649 2226 1712 est
2249 1665 2436 1730 appensum.

420 1750 543 1816 Actum
567 1750 678 1815 Minde
701 1769 789 1816 anno
814 1751 981 1816 dominice
1004 1748 1246 1814 incarnationis
1269 1748 1578 1832 M⁰.CC⁰.LXXIX⁰.‚
1603 1750 1656 1816 die
1679 1751 1834 1833 superius
1858 1755 2050 1817 memorata.

554 1855 610 1921 Or.
634 1859 678 1919 im
700 1855 821 1920 Archiv
843 1857 897 1920 der
920 1855 973 1920 III.
998 1853 1142 1919 Locrum.
1188 1852 1290 1940 Sieqcl
1312 1876 1377 1917 com
1401 1853 1711 1940 I'erpameatatrcr'sen
1733 1857 1879 1922 verloren.
1927 1857 2023 1922 Gedr.
2058 1882 2085 1921 o.
2110 1856 2307 1945 Hodmbergr,
2339 1857 2437 1922 Celerr-

632 1961 738 2047 bcrper
765 1961 837 2027 UB.
863 1962 959 2028 Atat.
985 1959 1048 2039 III,
1071 1959 1104 2026 S.
1127 1959 1195 2024 242
1218 1959 1279 2026 Nr.
1302 1958 1379 2025 377.

1381 2108 1490 2183 1144.

423 2237 516 2310 Otto
544 2259 669 2310 comas
696 2235 742 2307 de
770 2234 1012 2328 Ravensberg
1052 2240 1153 2304 anter
1184 2233 1250 2304 den
1283 2233 1419 2322 Zeupcrr
1459 2232 1523 2303 der
1558 2231 1876 2325 Greazfestsetronp
1909 2235 1970 2306 des
2005 2235 2064 2310 Kl.
2092 2236 2309 2324 Moriecfeld
2339 2237 2436 2308 darell

952 2338 1103 2429 Bisolrof
1127 2340 1199 2413 Otto
1227 2361 1291 2410 voa
1319 2339 1528 2415 Poderbora.
1583 2339 1680 2411 1279
1707 2341 1848 2412 Joaoor
1874 2345 1926 2412 11.

555 2461 650 2526 θεάν.
682 2457 788 2536 Weatt.
818 2458 889 2526 UB.
917 2455 979 2536 ΙΙΙ,
1006 2457 1040 2523 S.
1064 2457 1129 2521 551
1154 2455 1215 2523 Nr.
1243 2455 1339 2534 1061,
1363 2481 1390 2519 v.
1413 2455 1567 2535 bedebur,
1593 2457 1708 2520 Archiv
1729 2457 1830 2535 XIII,
1857 2456 1891 2525 S.
1915 2457 1992 2536 351,
2019 2458 2202 2542 Zeitroltrfft
2223 2457 2285 2536 XI,
2312 2457 2344 2525 S.
2366 2458 2434 2536 351,

635 2564 778 2644 Setaea,
811 2565 896 2629 Arra.
923 2563 1058 2629 Paderb.
1082 2565 1127 2627 od
1148 2587 1274 2640 ancum,
1300 2561 1449 2628 Zeitcclzr.
1472 2586 1531 2628 zur
1554 2563 1663 2630 deret.
1688 2565 1744 2628 der
1766 2561 1923 2629 Frirrtcnt.
1958 2562 2099 2630 Woldeclc
2122 2565 2188 2628 aad
2209 2564 2358 2652 Pyrrnoat
2381 2563 2434 2642 III,

636 2672 670 2737 S.
697 2669 781 2748 137,·
814 2675 858 2736 im
889 2671 1018 2757 Auczup
1054 2669 1191 2756 Grapen,
1227 2669 1283 2734 Or.
1308 2669 1413 2734 Genu.
1439 2667 1485 2748 II,
1515 2666 1546 2735 S.
1571 2667 1638 2733 230
1666 2667 1754 2748 Note,
1800 2667 1903 2750 Wartf.
1933 2668 2004 2734 UB.
2031 2667 2088 2748 IV,
2112 2668 2144 2734 S.
2171 2669 2236 2737 736
2258 2669 2318 2738 Nr.
2343 2672 2435 2744 tola·

634 2779 749 2865 Repest
771 2777 864 2865 [App.
889 2777 987 2863 Repo.
1013 2776 1038 2855 I,
1066 2777 1097 2842 S.
1123 2775 1190 2838 245
1212 2773 1272 2842 Nr.
1296 2775 1371 2839 384.

1379 2920 1490 2998 1145.

420 3054 573 3142 Bisclof
608 3053 754 3144 Volqoic
788 3073 851 3122 ooo
887 3050 1036 3121 Micdcc
1077 3049 1189 3120 erhebt
1223 3047 1396 3120 Lrlbbcclce
1427 3071 1491 3119 eur·
1523 3048 1625 3120 Stadt
1665 3049 1738 3120 aad
1778 3049 1887 3119 crteilt
1920 3049 2009 3119 olleo
2051 3049 2229 3138 Uafrcien,
2272 3051 2327 3121 die
2356 3049 2432 3120 noel

671 3157 845 3230 Iatbbeclre
871 3156 987 3228 eichen
1015 3157 1085 3226 aad
1113 3155 1261 3226 dosetbst
1287 3154 1423 3244 bleiben,
1453 3155 1613 3231 Freiltcit.
1671 3155 1819 3226 Mindea
1846 3154 1944 3226 1279
1970 3155 2110 3226 Jacuor
2137 3159 2194 3226 30.

527 3278 710 3362 Volquinus
745 3277 805 3341 Dei
840 3275 949 3358 gracia
983 3274 1165 3338 Mindensis
1200 3273 1340 3338 ecclesie
1374 3273 1551 3356 episcopus
1587 3273 1743 3338 omnibus
1775 3273 1839 3338 hoc
1872 3273 2033 3356 scriptum
2068 3273 2188 3338 visuris
2219 3278 2253 3338 et
2284 3275 2434 3340 audituris

417 3388 565 3452 salutem
597 3385 632 3448 in
662 3384 803 3448 Domino
838 3382 1085 3464 sempiternam.
1133 3380 1184 3444 Ne
1208 3398 1248 3443 ea
1271 3378 1444 3462 quefiunt
1467 3379 1677 3461 intempore
1701 3379 1799 3443 simul
1830 3399 1905 3443 cum
1929 3379 2026 3462 lapsu
2048 3379 2210 3462 temporis
2234 3383 2433 3453 evanescant

419 3495 545 3575 scripta
578 3491 686 3556 solent
722 3487 837 3572 sigillis
871 3490 905 3552 et
935 3488 1078 3552 testibus
1112 3486 1300 3569 perennari.
1347 3485 1432 3550 Cum
1462 3487 1555 3550 iuxta
1584 3485 1696 3550 villam
1728 3485 1888 3550 Lubbeke
1920 3487 2151 3550 antecessores
2178 3486 2284 3550 nostri
2308 3505 2433 3568 magnas

416 3619 585 3682 expensas
608 3597 782 3680 fecerintl)
807 3599 841 3660 et
865 3614 926 3660 nos
950 3594 985 3656 in
1008 3593 1106 3658 fossis
1129 3592 1196 3656 iam
1219 3591 1478 3657 innumerabiles
1502 3591 1688 3670 fecerimus
1722 3591 1771 3656 ita
1794 3609 2025 3673 comparamus
2048 3590 2170 3676 opus2)
2193 3593 2369 3675 inceptum,
2401 3595 2433 3655 ut

421 3706 560 3771 munitio
591 3704 666 3783 fiat3
701 3703 844 3766 libenter
874 3701 1028 3782 cupimus
1056 3697 1217 3782 perficere
1246 3699 1388 3762 Domino
1419 3699 1632 3762 concedente.
1680 3697 1776 3762 Unde
1806 3718 1868 3762 nos
1892 3698 1933 3761 de
1956 3697 2124 3762 communi
2148 3717 2316 3764 consensu
2338 3698 2432 3764 nostri

394 3811 595 3896 ‚capituli³)
627 3814 662 3875 et
693 3806 962 3874 ministerialium
990 3809 1182 3870 nostrorum
1204 3805 1357 3869 volumus
1381 3824 1498 3869 omnes
1519 3804 1705 3886 predictam
1735 3803 1847 3868 villam
1870 3803 2033 3869 intrantes
2058 3805 2092 3867 et
2114 3805 2204 3887 apud
2227 3823 2288 3870 nos
2311 3823 2434 3869 manere

421 3920 582 3998 volentes,
607 3917 636 3980 si
660 3914 788 3981 servilis
811 3915 891 3978 sunt
914 3911 1121 3990 conditionis,
1145 3931 1164 3976 a
1188 3910 1248 3976 tali
1272 3911 1348 3993 iugo
1373 3913 1406 3974 et
1429 3910 1586 3976 servitute
1610 3930 1683 3974 esse
1703 3910 1868 3974 immunes
1885 3911 1918 3974 et
1933 3909 2151 3995 absolutost),
2175 3912 2267 3993 quod
2283 3911 2434 3975 hactenus

419 4024 634 4102 curaverunt,
659 4025 691 4086 et
715 4022 776 4102 ius,
801 4021 891 4104 quod
914 4019 1010 4084 liberi
1033 4018 1185 4084 homines
1209 4017 1450 4100 dignoscuntur
1473 4016 1607 4098 habere,
1631 4017 1721 4099 apud
1744 4035 1806 4080 nos
1822 4036 1898 4080 cum
1913 4015 2036 4080 nostris
2053 4018 2303 4082 successoribus
2318 4017 2351 4082 in
2367 4034 2434 4098 per-

421 4135 561 4215 petuum
596 4109 807 4205 obtinebunt,
843 4146 881 4191 ac
917 4128 1008 4209 ipsos
1038 4125 1123 4190 sicut
1150 4124 1233 4190 alios
1261 4123 1412 4189 homines
1441 4125 1574 4189 nostros
1602 4123 1638 4186 in
1665 4122 1738 4188 aliis
1767 4123 1889 4188 nostris
1919 4123 2162 4188 munitionibus
2195 4123 2380 4188 habitantes
2404 4121 2434 4184 in

421 4237 578 4302 omnibus
602 4235 756 4300 volumus
781 4232 965 4312 defensare,
1000 4231 1122 4295 nostris
1146 4234 1258 4295 tamen
1281 4229 1427 4312 propriis
1450 4229 1642 4295 hominibus
1665 4232 1699 4293 et
1721 4229 1989 4312 osnabrugensis
2013 4229 2152 4294 ecclesie
2174 4229 2433 4311 procuratoribus

422 4342 569 4420 exceptis
593 4343 626 4406 et
649 4341 920 4406 ministerialibus
944 4338 1081 4404 ecclesie
1105 4336 1306 4419 supradicte.
1346 4337 1393 4401 Ut
1409 4339 1521 4401 autem
1537 4337 1598 4401 hec
1614 4339 1687 4401 rata
1702 4339 1921 4418 permaneant
1937 4338 1971 4400 et
1987 4355 2055 4402 non
2071 4335 2275 4420 convulsa5),
2300 4335 2433 4418 sigillum

422 4451 574 4515 nostrum
609 4452 641 4512 et
676 4448 812 4530 capituli
847 4446 954 4512 nostri
988 4445 1143 4510 duximus
1177 4442 1424 4526 apponendum.
1483 4444 1605 4507 Datum
1636 4442 1748 4507 Minde
1783 4461 1872 4505 anno
1901 4441 2034 4505 Domini
2063 4440 2297 4519 MCCLXXIX,
2331 4441 2364 4504 in
2389 4439 2433 4504 die

423 4555 622 4637 Adelgunde
644 4555 790 4636 virginis.

637 4659 659 4728 ¹)
678 4659 797 4711 locarunt
817 4658 840 4710 A
857 4657 892 4712 W.
931 4657 952 4724 ²)
971 4655 1049 4708 Fero
1075 4654 1107 4708 W.
1146 4656 1167 4721 ⁸)
1185 4671 1243 4723 cap.
1262 4655 1348 4706 nostri
1375 4653 1406 4709 W.
1446 4653 1468 4723 ⁴)
1488 4654 1603 4706 absoluti
1624 4653 1648 4704 A
1668 4653 1700 4708 W.
1737 4653 1761 4723 ⁸)
1780 4652 1902 4706 confulsa
1929 4651 1961 4708 W.

556 4746 647 4811 Noclt
671 4747 747 4812 Mac.
778 4743 849 4824 VII,
873 4743 971 4822 2814,
998 4743 1031 4808 S.
1058 4744 1099 4807 15
1122 4747 1165 4807 im
1188 4742 1260 4828 1191.
1288 4742 1392 4808 Sr-A.
1416 4764 1455 4806 zu
1479 4741 1617 4806 Mainrtcr
1639 4765 1698 4805 aur
1720 4742 1788 4806 darn
1813 4740 1864 4806 17.
1884 4740 1999 4808 Jalrt.
2025 4744 2093 4825 (A).
2143 4739 2238 4806 Gedr.
2270 4739 2431 4824 Weddr'yen.

644 4851 781 4937 Wecffdl.
807 4851 956 4937 Mcqazirr
979 4848 1022 4926 It,
1050 4848 1083 4913 S.
1111 4848 1151 4912 18
1175 4845 1256 4932 (W,
1282 4846 1526 4928 Sollichtltaber‚
1550 4848 1749 4912 Maecenate
1771 4847 2075 4934 Kirclrcnpeecltiolcte
2098 4844 2156 4926 IV,
2180 4845 2212 4912 S.
2237 4847 2270 4911 8.

1400 5012 1486 5087 146.

426 5144 520 5232 Grot
546 5143 735 5215 Burcana
762 5164 826 5212 oca
863 5141 981 5231 Wdlpe
1021 5140 1204 5228 rcripaiert
1244 5138 1321 5209 dem
1347 5014 1490 5224 abac(
1524 5137 1668 5228 Volpoia
1695 5158 1760 5207 oon
1788 5136 1939 5209 Miadcn
1973 5138 2071 5208 cinea
2096 5158 2162 5208 von
2188 5139 2254 5209 den
2281 5133 2429 5206 Bracae

421 5250 562 5339 lardolf
587 5251 660 5321 aad
694 5248 849 5340 Isippold
882 5269 944 5318 ooo
981 5244 1198 5317 Moodclstolr
1237 5245 1309 5440 ilr(m
1347 5243 1684 5440 reiisifflcgtcrgflof
1718 5244 1755 5315 irc
1789 5240 2028 5315 Sutsullethe.
2083 5243 2314 5332 Drolrerrburp
2347 5241 2428 5312 1279

1281 5373 1341 5421 vor
1402 5372 1419 5422 c
1506 5373 1528 5419 r
1597 5403 1604 5420 .
