5058 6792
450 425 516 492 270
1440 441 1507 498 1267

450 639 527 707 nuis
551 637 691 704 debetur
714 634 777 700 loci
800 634 964 717 premium
989 634 1146 700 celsioris.
1192 635 1240 718 Ey
1263 654 1367 718 quam
1389 635 1596 719 inpacienter
1618 638 1756 714 ferenda
1779 640 1830 703 est
1851 638 1937 704 tanti
1959 639 2022 704 viri
2044 641 2233 723 presentia,
2261 662 2356 726 quarn
2376 645 2449 712 desi,

449 748 605 813 deranter
628 741 814 825 expetenda
836 741 1022 824 presencia,
1052 741 1110 825 qui
1132 743 1239 807 totam
1262 741 1467 824 provinciam
1490 763 1550 810 sue
1582 745 1742 812 bonitatis
1768 745 1839 810 luce
1863 764 2022 810 serenans
2049 746 2083 810 in
2111 747 2224 830 primo
2248 767 2378 814 occursu
2400 771 2450 816 suo

450 851 558 918 dulcia
581 849 729 934 proferet
752 847 902 912 antidota
931 847 1141 931 gaudiorum!
1187 847 1240 912 An
1269 868 1339 912 non
1374 849 1615 917 desiderandus
1645 851 1722 932 erit,
1757 851 1791 916 in
1826 871 1894 935 quo
1929 853 2093 934 reperitur
2125 853 2304 937 perspicue
2329 857 2450 924 rationis

447 958 664 1042 signaculum,
688 975 754 1039 que
776 954 990 1020 discrecionis
1012 954 1199 1019 ventilabro
1222 954 1257 1019 in
1281 973 1359 1020 area
1380 955 1578 1022 iudiciorum
1599 957 1753 1024 falsitatis
1776 958 1890 1024 inania
1913 958 2004 1024 novit
2027 979 2203 1026 secernere
2227 981 2248 1026 a
2270 962 2359 1026 seriis
2381 965 2451 1028 rem

447 1064 547 1131 tatis?
571 1063 610 1129 Ei
624 1061 821 1129 memorialis
831 1061 1010 1126 famulatur
1021 1060 1186 1143 potencia,
1200 1081 1302 1144 penes
1318 1062 1447 1144 queml)
1459 1063 1633 1147 ingenialis
1648 1065 1763 1146 virtus,
1776 1085 1887 1130 rerum
1903 1065 2052 1130 venatrix
2064 1067 2242 1132 subtilium
2254 1069 2451 1151 providorum

448 1170 662 1237 consiliorum
686 1167 900 1233 aromaticam
923 1167 1096 1232 constituit
1119 1169 1326 1249 apothecam.
1373 1169 1514 1234 Relucet
1542 1169 1641 1235 ineo
1671 1190 1799 1236 urorum
1828 1170 1935 1237 forma
1958 1172 2169 1254 spectabilis,
2201 1175 2307 1239 sancti
2331 1176 2451 1257 pudoris

447 1276 604 1342 nobilitas
638 1278 672 1340 et
704 1293 822 1339 norma
852 1273 1016 1356 pudicicie
1050 1273 1220 1356 regularis.
1279 1273 1399 1339 Divina
1426 1275 1565 1358 insuper
1588 1277 1698 1359 gracia
1732 1274 1939 1343 detestabilis
1971 1277 2113 1344 avaricie
2144 1299 2166 1344 a
2195 1299 2232 1345 se
2262 1282 2451 1363 proscribens

445 1382 682 1449 commercium
705 1381 813 1446 eidem
837 1379 1031 1446 diviciarum
1054 1399 1190 1445 suarum
1213 1400 1283 1445 non
1300 1379 1419 1446 clausit
1443 1382 1597 1464 erarium,
1621 1386 1673 1448 set
1689 1383 1753 1448 sibi
1777 1383 1928 1466 copiosos
1951 1384 2084 1451 virtutis
2114 1387 2295 1451 thesauros
2310 1387 2450 1470 elargicns

447 1489 739 1555 conversacionem
763 1487 834 1552 eius
863 1486 970 1552 reddit
1001 1486 1177 1552 amabilem
1201 1487 1292 1551 etin
1320 1489 1505 1570 conspectu
1530 1489 1703 1554 hominum
1732 1489 1925 1572 graciosam.
1977 1489 2040 1554 Hic
2067 1491 2229 1557 nimirum
2256 1496 2322 1558 tam
2350 1497 2451 1558 nature

447 1616 549 1680 quam
571 1595 678 1680 gracie
702 1594 851 1660 iacinctis
875 1594 1100 1660 circumdatus
1124 1592 1287 1658 nobilium
1309 1612 1445 1658 morum
1468 1593 1650 1677 sculptor³)
1674 1594 1733 1661 fiet
1755 1595 1954 1661 artificiosus
1978 1599 2012 1662 et
2032 1597 2173 1664 colonus
2196 1599 2360 1663 mencium
2379 1599 2451 1664 lruc·

446 1706 573 1769 tuosus.
609 1702 810 1785 Eloquencie
833 1721 893 1766 sue
909 1700 1056 1784 graciosa
1078 1700 1234 1766 facundia
1256 1699 1414 1764 honestos
1430 1719 1542 1765 mores
1566 1701 1803 1788 monstrabiu)
1826 1703 1860 1766 in
1883 1705 2018 1786 populis
2039 1704 2234 1770 racionibus
2257 1706 2291 1769 et
2316 1704 2451 1771 affatibus

445 1810 614 1875 virtuosis.
668 1809 722 1874 Ad
752 1809 814 1873 hec
842 1807 1083 1873 conscribenda
1112 1805 1257 1871 fideliter
1287 1809 1320 1871 et
1349 1805 1494 1872 veridico
1525 1807 1600 1873 stilo
1634 1809 1801 1874 exaranda
1832 1810 1909 1874 novi
1939 1810 2044 1894 patris
2073 1811 2286 1876 considerata
2313 1811 2451 1876 bonitalis

446 1916 643 1982 excellentia
665 1935 719 1981 me
741 1914 881 1994 induxit,
909 1917 947 1979 ut
976 1916 1085 1979 vestre
1113 1912 1351 1978 declaracionis
1374 1911 1533 1994 meritis⁵)
1558 1914 1694 1980 lucerna
1721 1915 1881 1981 bonitatis
1903 1919 2043 1982 eatenus
2067 1917 2212 1982 deducta
2242 1917 2277 1982 in
2303 1917 2453 2000 publicum

445 2022 593 2107 pulcrius
621 2022 785 2087 elucescat
819 2023 854 2085 et
883 2041 944 2084 vos
972 2020 1015 2086 ad
1043 2020 1244 2085 exsolvenda
1273 2020 1343 2084 Deo
1371 2019 1536 2085 bonorum
1566 2020 1717 2102 largitori
1744 2022 1929 2104 graciarum
1953 2023 2066 2089 debita
2094 2027 2192 2090 tanto
2221 2024 2367 2089 devotius
2388 2043 2451 2090 con-

446 2129 598 2212 surgatis,
622 2130 748 2210 quanto
765 2128 877 2194 domui
894 2131 1002 2192 vestre
1025 2146 1094 2190 non
1117 2130 1187 2192 tam
1211 2126 1251 2191 de
1275 2126 1410 2190 domino
1433 2145 1536 2208 quam
1560 2127 1601 2192 de
1617 2130 1712 2210 patre
1732 2128 1910 2211 specialius
1932 2133 1984 2194 est
1999 2131 2183 2212 provisum.
2221 2129 2450 2212 Her(mannus).

662 2236 682 2302 ²)
702 2233 740 2287 So
759 2234 801 2286 die
820 2232 869 2286 Hc.
908 2234 929 2300 ¹)
950 2231 997 2286 Hc.
1017 2249 1103 2301 quam.
1142 2231 1165 2300 ³)
1184 2230 1233 2284 Hc.
1253 2232 1381 2300 scluptor.
1418 2229 1442 2302 ⁴)
1461 2233 1609 2285 monotahit
1626 2231 1676 2288 Hs.
1713 2233 1737 2302 ι)
1756 2231 1805 2287 Hs.
1825 2234 1941 2290 moridie.

579 2321 671 2386 Noclt
705 2323 782 2386 Mac.
825 2319 923 2390 lheol.
949 2323 1002 2386 lat.
1032 2319 1094 2385 Oct.
1121 2319 1186 2385 109
1207 2321 1262 2400 fol.
1284 2319 1351 2384 302>
1384 2322 1419 2384 in
1452 2321 1508 2384 der
1536 2320 1607 2406 qu.
1638 2321 1814 2387 Bittiottet
1848 2345 1887 2386 zu
1915 2321 2035 2403 Berlin,
2068 2325 2157 2410 pedr.
2183 2321 2300 2402 Frate,
2335 2323 2452 2408 Unpedr.

659 2427 987 2496 Dminitanacrose
1012 2427 1046 2492 S.
1070 2425 1115 2490 66
1138 2424 1197 2492 Nr.
1221 2424 1276 2504 26,
1300 2427 1360 2512 aql.
1386 2426 1466 2490 cccli
1491 2425 1525 2491 S.
1552 2425 1594 2490 16
1615 2429 1682 2491 ond
1702 2426 1756 2493 24.

1415 2661 1490 2740 881

449 2793 602 2867 Clemens
630 2792 655 2862 1
661 2790 698 2862 V.
732 2791 842 2862 erteilt
879 2789 969 2860 allen
1006 2788 1203 2879 Gloubtpen,
1239 2788 1360 2860 welche
1387 2789 1444 2860 dic
1469 2812 1513 2860 aa
1542 2789 1662 2860 Etrec
1697 2789 1760 2860 der
1787 2789 2061 2880 Apostelfrtrstcrr
2088 2792 2214 2864 Petrus
2241 2794 2314 2866 und
2340 2791 2453 2864 Portus

445 2901 517 2971 arrd
551 2899 611 2970 des
647 2897 845 2987 Monyrers
879 2895 1071 2984 Gorgonius
1112 2895 1249 2966 erboute
1283 2895 1488 2966 Domlrircbc
1528 2896 1566 2966 in
1601 2897 1751 2967 Mindon
1792 2919 1838 2967 oc
1878 2896 1946 2968 dcc
1974 2897 2156 2989 Festtopcrr
2193 2901 2259 2971 der
2281 2905 2451 2991 paucam

446 3007 606 3097 Heiltpcc
632 3004 733 3076 sowic
760 3027 806 3074 oc
841 3003 906 3074 den
935 3002 1280 3091 Mottcroottcsfeslcn
1312 3001 1385 3072 und
1417 3025 1474 3072 om
1504 3002 1779 3092 Kirclwcthtagc
1805 3002 1981 3093 baruchae,
2014 3007 2113 3077 moen
2139 3005 2271 3078 Abloss
2296 3027 2358 3077 oon
2380 3005 2450 3075 tare

1054 3109 1130 3180 dert
1161 3109 1286 3198 Tagen.
1349 3106 1616 3182 Viterb01267
1643 3109 1778 3200 August
1806 3109 1864 3186 23.

580 3228 674 3294 θεάν.
705 3225 820 3306 Falto,
855 3225 927 3292 Cod.
952 3228 1032 3293 trad.
1059 3225 1150 3291 Corb.
1177 3224 1211 3291 S.
1235 3223 1309 3304 852,
1346 3223 1460 3312 Repect
1489 3223 1600 3306 Frate,
1625 3225 1696 3290 PU.
1729 3225 1829 3306 chtf.
1854 3225 1887 3293 S.
1909 3225 1976 3292 318
2000 3226 2060 3294 Nr.
2077 3226 2153 3308 674,
2186 3229 2340 3308 Potthoet,
2368 3227 2448 3312 Repp.

652 3331 967 3421 mmmm

1415 3477 1505 3554 882.

444 3606 593 3697 Bisclwf
622 3608 697 3680 Otto
731 3629 795 3678 ooo
832 3605 979 3677 Micdec
1019 3605 1212 3695 ribereignet
1253 3604 1349 3783 demS
1357 3604 1590 3783 DWWZ
1614 3607 1689 3677 cine
1725 3605 1824 3694 Hafa
1864 3608 1901 3678 in
1939 3605 2130 3678 Herlethe.
2188 3608 2337 3680 Minden
2364 3604 2451 3676 1267

1347 3718 1453 3802 eptem
1474 3733 1513 3784 er
1591 3769 1598 3784 .

551 3833 630 3899 Otto
655 3831 714 3898 Dei
742 3831 852 3914 gracia
880 3832 1058 3913 episcopus
1088 3830 1225 3895 ecclesie
1256 3829 1437 3896 Mindensis
1468 3830 1624 3896 omnibus
1652 3832 1716 3895 hoc
1745 3831 1906 3913 scriptum
1935 3831 2056 3898 visuris
2085 3833 2229 3898 salutem
2257 3835 2292 3898 in
2319 3830 2453 3902 omnium

444 3941 618 4006 salvatore.
654 3939 702 4004 Ea
725 3959 790 4021 que
813 3940 971 4020 geruntur
994 3937 1203 4020 intempore
1226 3955 1269 4002 ne
1291 3955 1369 4001 cum
1392 3955 1492 4001 cursu
1518 3936 1677 4019 temporis
1702 3937 1866 4018 labantur,
1890 3937 2131 4020 scripturarum
2146 3939 2257 4006 solent
2280 3942 2312 4004 et
2333 3936 2451 4003 testium

445 4047 634 4113 nominibus
658 4045 869 4128 perbennari.
904 4044 992 4108 Hinc
1015 4046 1075 4122 est,
1100 4044 1192 4126 quod
1214 4043 1257 4108 ad
1280 4042 1439 4107 noticiam
1462 4046 1531 4107 tam
1546 4042 1731 4108 futurorum
1754 4063 1856 4127 quarn
1879 4045 2090 4127 presencium
2112 4047 2289 4128 pervenire
2305 4045 2453 4118 volumus,

444 4154 535 4237 quod
558 4152 713 4217 Nicolaus
736 4155 769 4217 et
792 4151 970 4216 Bartoldus
993 4150 1110 4214 iratres
1134 4149 1213 4216 dicti
1236 4149 1278 4214 de
1295 4148 1455 4214 Herlethe
1479 4155 1513 4214 et
1536 4150 1676 4214 heredes
1700 4150 1885 4216 eorundem
1906 4151 1943 4216 in
1966 4155 2081 4216 nostra
2103 4153 2277 4218 constituti
2299 4148 2451 4237 presentia

445 4280 598 4326 mansum
621 4278 726 4324 unum
757 4258 858 4322 situm
884 4257 1044 4321 Herlethe
1072 4276 1148 4322 cum
1176 4256 1330 4320 omnibus
1358 4255 1546 4320 attinentiis
1574 4257 1656 4335 suis,
1683 4277 1784 4339 quem
1812 4258 1952 4324 anobis
1978 4258 2013 4323 in
2037 4261 2134 4327 feodo
2157 4260 2344 4338 tenuerant,
2366 4253 2450 4320 nobis

443 4364 726 4449 resignaverunt1)
751 4364 853 4428 libere
869 4365 902 4428 et
919 4362 1071 4427 absolute
1095 4363 1196 4428 nichil
1217 4361 1298 4426 iuris
1322 4362 1356 4426 in
1374 4362 1492 4427 eodem
1509 4361 1573 4427 sibi
1589 4367 1810 4428 reservantes
1850 4365 2014 4442 Quoniam
2037 4367 2150 4430 autem
2173 4366 2328 4431 dominus
2350 4363 2449 4428 Bruno

444 4473 551 4538 dictus
576 4473 617 4537 de
641 4472 833 4554 Spenthove
858 4473 973 4535 noster
996 4469 1240 4534 concanonicus
1263 4470 1407 4534 eundem
1432 4488 1585 4534 mansum
1615 4488 1675 4552 pro
1699 4489 1757 4534 sex
1781 4470 1901 4536 marcis
1923 4471 2114 4536 Bremensis
2141 4472 2270 4552 argenti
2294 4485 2450 4550 compara·

443 4581 537 4645 verat
567 4598 587 4642 a
614 4577 803 4642 memoratis
831 4575 999 4652 iratribus,
1026 4576 1144 4658 petivit
1173 4595 1193 4640 a
1223 4576 1321 4641 nobis
1356 4595 1433 4641 cum
1463 4575 1664 4659 quibusdam
1692 4575 1829 4642 ecclesie
1864 4579 1976 4642 nostre
2011 4577 2180 4642 canonicis
2215 4582 2249 4644 et
2284 4576 2354 4642 aliis
2382 4571 2449 4638 viris

444 4685 606 4765 honestis,
631 4687 797 4766 qnatenus
823 4683 1062 4764 proprietatem
1085 4682 1190 4764 ipsius
1218 4681 1326 4747 mansi
1357 4681 1504 4763 capitulo
1535 4681 1669 4746 maioris
1700 4682 1837 4748 ecclesie
1868 4682 2019 4748 conferre
2049 4684 2233 4749 liberaliter
2263 4696 2448 4748 curaremus.

444 4793 514 4857 Nos
538 4811 616 4856 vero
641 4790 807 4854 dictorum
830 4789 984 4870 precibus
1007 4787 1156 4852 inclinati
1187 4788 1425 4870 proprietatem
1454 4789 1573 4871 prefati
1602 4789 1709 4854 mansi
1738 4808 1815 4853 cum
1838 4789 1994 4855 omnibus
2024 4789 2235 4873 pertinentiis
2265 4791 2347 4864 suis,
2375 4783 2449 4850 areis

442 4898 605 4974 videlicet,
629 4896 725 4977 agris,
750 4896 864 4978 pratiS,
889 4895 1032 4977 pascuis,
1056 4894 1152 4977 aquis
1175 4896 1209 4958 et
1233 4894 1423 4959 nemoribus
1448 4893 1627 4960 liberaliter
1650 4897 1683 4960 et
1698 4897 1852 4960 absolute
1876 4896 2023 4979 capitulo
2042 4897 2246 4963 contulimus
2270 4893 2449 4962 memorator

444 5004 553 5069 Huius
576 5004 623 5068 rei
646 5005 748 5067 testes
773 5006 866 5067 sunt:
892 5000 1084 5066 Gherardus
1107 5000 1265 5076 decanus,
1281 5001 1428 5082 Wydego
1452 5000 1642 5083 prepositus
1666 5001 1773 5066 sancti
1787 5001 1930 5082 Martini,
1955 5002 2128 5069 Conradus
2145 5003 2334 5087 prepositus
2356 4993 2449 5064 saneti

442 5110 618 5189 iohannis,
648 5109 844 5190 Ludolphus
869 5109 995 5188 cantor,
1019 5107 1183 5172 Henricus
1206 5109 1334 5186 custos,
1362 5107 1533 5173 Arnoldus
1557 5108 1599 5173 de
1623 5108 1789 5190 Schynna,
1820 5109 1987 5174 Arnoldus
2011 5109 2145 5191 Cnigge,
2169 5109 2302 5176 maioris
2325 5102 2449 5172 ecclesie

442 5215 644 5302 cuccurrit),
679 5215 875 5280 Thiden'cus
900 5215 1064 5294 decanus,
1092 5215 1263 5278 lohannes
1286 5213 1529 5294 thesaurarius,
1558 5213 1733 5280 Conradus
1756 5215 1950 5280 scolasticus
1978 5217 2086 5280 sancti
2108 5216 2242 5282 Martini
2264 5209 2445 5282 Mindensis3

443 5323 608 5389 Henricus
632 5327 665 5387 et
687 5321 878 5386 Florentius
902 5321 1020 5385 iratres
1043 5320 1084 5384 de
1109 5321 1325 5403 Dungerden,
1356 5321 1529 5388 Conradus
1553 5324 1587 5385 et
1602 5319 1800 5386 Thidericus
1828 5320 1917 5386 filius
1940 5341 2022 5388 suus
2045 5325 2087 5388 de
2112 5322 2240 5404 Ulllen‚
2269 5317 2447 5386 Thidericus

443 5431 484 5494 de
509 5429 726 5509 Horscholte,
750 5428 924 5492 Conradus
948 5430 981 5493 et
1004 5428 1117 5493 Bruno
1142 5429 1182 5494 de
1206 5428 1415 5511 Spenthove,
1439 5427 1569 5508 Bruno,
1594 5427 1788 5493 Meinfrldus
1811 5428 1854 5492 de
1879 5427 2021 5510 Palude,
2046 5428 2213 5500 Henricus
2236 5428 2279 5499 de
2302 5420 2447 5502 Lerhelre,
