5112 6768
1410 449 1585 506 lasa-1300

607 645 774 725 Abaclzrift
806 645 859 711 dea
889 643 941 708 11.
972 643 1085 710 Jahrb.
1120 647 1154 708 in
1180 643 1259 729 Kop.
1287 641 1366 722 XII,
1396 643 1450 723 51,
1481 645 1536 725 sol.
1564 642 1609 708 61>
1645 647 1687 708 im
1714 644 1786 730 Kyt.
1822 644 1926 712 sr-A.
1956 669 1995 710 eu
2024 644 2200 711 Hennae-er.
2256 643 2345 714 Gedr.
2374 650 2459 738 Linip,
2520 679 2521 690 ¹

687 751 909 817 Reicbsarcltio
932 762 1001 819 torn.
1025 747 1121 827 XXI,
1146 751 1244 835 spicil.
1268 751 1371 816 eccho.
1396 753 1505 815 conda.
1530 748 1592 829 III,
1620 749 1654 814 S.
1677 749 1723 816 50
1746 750 1823 836 (58).

1433 913 1550 990 1638.

466 1043 612 1131 Herrop
646 1041 721 1114 Otto
755 1061 820 1111 oon
852 1036 1119 1128 Bronnsclrweip
1149 1039 1220 1130 gibt
1252 1038 1330 1110 dem
1363 1037 1516 1126 Btsobof
1543 1039 1615 1110 aad
1649 1039 1712 1110 der
1740 1035 1865 1110 Kirclze
1898 1061 1964 1110 oon
1993 1039 2142 1111 Mindon
2176 1041 2242 1112 den
2267 1042 2395 1114 Joloror
2416 1069 2462 1116 ool
2520 1065 2521 1116 t

707 1145 919 1236 Wettberpeu
944 1169 1021 1218 anm
1051 1144 1274 1216 illinisteriol.
1330 1145 1387 1216 Im
1414 1145 1530 1233 Luper
1556 1165 1618 1215 vor
1644 1144 1848 1233 Riololirepeu
1877 1143 1977 1217 1299
2006 1145 2194 1218 November
2221 1146 2280 1221 18.

579 1264 767 1330 Venerabili
791 1264 927 1328 domino
952 1263 1154 1329 ..Mindensis
1186 1263 1323 1328 ecclesie
1347 1263 1504 1345 episcopo
1528 1262 1588 1328 Dei
1613 1263 1722 1346 gracia
1746 1263 1824 1328 Otto
1847 1264 1915 1329 dux
1937 1264 1980 1328 de
2002 1262 2216 1329 aneswieh
2241 1268 2275 1329 et
2298 1266 2337 1330 de
2359 1267 2462 1331 Lunen-

471 1372 577 1437 burch
612 1375 764 1454 paratam
794 1370 836 1433 ad
865 1370 982 1451 quevis
1011 1369 1221 1450 beneplacita
1251 1369 1467 1434 voluntatem.
1522 1370 1639 1434 Vestra
1668 1369 1887 1434 dominationi
1922 1369 2135 1454 presentibus
2168 1371 2366 1451 intimamus,
2395 1377 2464 1457 qnod

472 1477 657 1544 Johannem
689 1476 797 1541 filium
826 1475 996 1541 Lamberti
1019 1475 1060 1539 de
1084 1475 1284 1556 Wethberge
1314 1475 1410 1539 vobis
1434 1477 1467 1539 et
1491 1474 1631 1539 ecclesie
1660 1477 1770 1540 vestre
1794 1477 1913 1542 damus
1937 1479 1970 1540 et
1993 1476 2146 1540 dedimus
2169 1477 2406 1544 ministerialem
2424 1481 2465 1545 illa

472 1587 604 1649 tantum
634 1584 676 1648 de
708 1602 819 1662 causa,
855 1583 891 1646 ut
920 1580 1009 1647 dicto
1033 1580 1178 1645 iohanni
1209 1585 1241 1646 et
1265 1579 1333 1644 suis
1357 1579 1516 1644 fratribus
1541 1581 1654 1647 omnia
1676 1600 1792 1646 eorum
1816 1583 1906 1648 bona
1928 1584 1961 1647 et
1984 1581 2117 1666 pheoda
2139 1585 2327 1666 porrigatis,
2358 1605 2413 1667 que
2436 1587 2466 1650 de

473 1710 574 1754 manu
608 1691 719 1753 vestra
753 1690 920 1768 tenentur,
955 1685 1101 1771 recipere
1134 1690 1166 1750 et
1195 1688 1321 1751 tenere.
1367 1686 1404 1752 Si
1433 1706 1511 1751 vero
1547 1687 1737 1752 antedictus
1767 1686 1937 1753 lohannes
1971 1689 2124 1753 mortuus
2159 1689 2266 1770 buerit,
2304 1689 2370 1755 loco
2399 1691 2467 1756 illius

473 1795 610 1860 fratrem
634 1814 733 1860 suum
756 1795 923 1858 seniorem
947 1793 1123 1876 recipietis.
1171 1793 1206 1857 Si
1228 1811 1307 1857 vero
1332 1811 1449 1857 omnes
1472 1792 1617 1857 obierint
1640 1795 1750 1876 preter
1773 1813 1888 1874 unum,
1913 1795 2057 1859 eundem
2072 1794 2168 1859 vobis
2185 1799 2218 1858 et
2234 1796 2369 1860 ecclesie
2382 1803 2467 1860 vestre

473 1903 686 1985 presentibus
720 1899 937 1982 assignamus.
983 1899 1022 1963 ln
1046 1899 1140 1963 cuius
1164 1897 1210 1963 rei
1234 1897 1463 1963 testimonium
1486 1903 1639 1963 nostrum
1669 1899 1813 1982 sigillum
1838 1900 1916 1965 huic
1938 1900 2048 1965 littere
2072 1901 2226 1965 duximus
2250 1904 2467 1984 apponendum.

473 2010 595 2072 Datum
618 2008 653 2071 in
677 2006 793 2070 eastris
817 2011 895 2071 ante
920 2005 1095 2086 Richlinge
1119 2024 1207 2070 anno
1230 2003 1363 2069 Domini
1386 2003 1526 2068 M⁰.CC⁰.
1551 2007 1768 2088 nonagesimo
1791 2026 1892 2087 nono,
1915 2006 1950 2070 in
1973 2010 2091 2072 octava
2112 2007 2203 2073 beati
2226 2007 2366 2072 Martini.

607 2110 662 2174 Or.
693 2114 737 2173 im
772 2109 839 2195 qu.
874 2109 978 2176 St-A.
1009 2132 1048 2172 zu
1077 2109 1223 2186 Mercator,
1258 2106 1416 2172 Frtrslenl.
1441 2108 1568 2172 Mindon
1597 2107 1655 2174 Nr.
1679 2107 1734 2174 65.
1781 2109 1852 2173 Dos
1877 2109 1979 2196 Sieyel
2004 2133 2061 2174 oon
2083 2111 2152 2175 dem
2185 2133 2242 2175 oon
2264 2112 2320 2175 der
2345 2109 2467 2175 ortale

685 2217 911 2302 praelectionem
947 2215 1261 2300 Pergamenbstreifen
1294 2217 1440 2278 oerloren.
1495 2213 1589 2279 Gedr.
1634 2213 1828 2293 Wctrdlwer'o,
1866 2213 1956 2279 Nova
1985 2215 2069 2280 suda.
2103 2215 2163 2293 IX,
2202 2215 2235 2281 S.
2269 2215 2339 2280 105.
2383 2216 2470 2300 Regin

691 2323 766 2386 Mac.
792 2319 836 2399 II,
862 2320 964 2399 189a,
988 2319 1049 2385 Nr.
1072 2318 1149 2385 948.

1432 2449 1548 2525 1639.

474 2577 615 2648 Priortn
648 2573 777 2648 Bertlra
814 2577 886 2646 *aaa
920 2575 982 2646 cler
1019 2577 1175 2647 Kouaent
1209 2575 1268 2644 oles
1303 2572 1361 2644 10.
1390 2575 1511 2646 Lalrcle
1545 2574 1748 2665 tiberetpnen
1777 2598 1881 2665 pogen
1918 2578 1990 2646 oter·
2019 2577 2127 2647 Morte
2159 2577 2235 2648 clera
2265 2577 2324 2646 ΙΙΙ.
2351 2577 2471 2646 Locum
2520 2591 2521 2610 t

1139 2681 1354 2752 Ldodereien
1382 2683 1419 2751 in
1448 2682 1525 2756 lte.
1581 2681 1702 2752 Laide
1729 2681 1835 2755 1299.

446 2857 452 2866 .
580 2801 742 2866 Omnibus
777 2799 950 2882 presencia
983 2799 1103 2863 visuris
1139 2819 1233 2864 soror
1263 2799 1418 2882 Ber(tha)
1452 2799 1614 2881 priorissa
1643 2801 1799 2881 totusque
1831 2802 2014 2864 conventus
2045 2819 2198 2864 sororum
2232 2801 2423 2866 inclusarum
2447 2799 2472 2861 in

473 2907 604 2972 Lotben
626 2926 823 2988 cognoscere
846 2906 1029 2969 veritatem.
1077 2905 1237 2970 Noverint
1260 2905 1418 2986 universi,
1443 2905 1534 2987 quod
1557 2925 1618 2970 nos
1641 2905 1793 2970 unanimi
1816 2925 1981 2970 consensu
2007 2925 2104 2970 omne
2127 2906 2179 2971 ius
2196 2907 2407 2991 proprietatis
2420 2905 2472 2982 inl)

471 3032 626 3077 mansum
649 3013 683 3076 in
706 3013 769 3077 Ilse
793 3035 813 3078 a
836 3011 1004 3076 nobilibus
1028 3011 1106 3076 viris
1131 3011 1172 3075 de
1196 3011 1245 3074 Lo
1269 3014 1383 3075 nostro
1409 3012 1612 3075 monasterio
1636 3011 1793 3076 collatum
1815 3012 1850 3075 in
1874 3012 2047 3077 ecclesiam
2074 3013 2145 3076 sive
2168 3018 2368 3079 conventum
2391 3012 2472 3076 doni-

472 3137 594 3182 norum
618 3118 651 3182 in
676 3119 791 3183 Lucka
814 3118 1042 3183 transtulimus
1066 3119 1228 3200 perpetuo
1251 3117 1503 3200 possidendum.
1552 3118 1602 3182 Ne
1626 3119 1700 3200 quis
1725 3138 1804 3182 vero
1829 3121 1870 3182 de
1887 3117 2078 3182 huiusmodi
2094 3119 2314 3184 translatione
2331 3124 2473 3198 tanquam

471 3224 596 3289 inscius
624 3228 808 3305 moveatur,
844 3223 1120 3304 recognoscimus
1153 3223 1244 3305 quod
1266 3222 1420 3287 fraudate
1443 3243 1510 3288 non
1534 3243 1650 3287 sumus
1674 3224 1710 3286 in
1732 3225 1796 3288 hoc
1819 3223 1907 3289 facto
1931 3223 2067 3288 domino
2091 3225 2213 3288 abbate
2238 3226 2282 3289 de
2308 3225 2410 3288 Luclra
2429 3221 2472 3284 lIll

472 3350 600 3396 marcas
632 3331 809 3395 examinati
833 3331 959 3411 argenti
983 3329 1164 3394 liberaliter
1187 3327 1394 3393 refundente.
1440 3329 1479 3393 In
1503 3328 1597 3393 cuius
1620 3329 1668 3394 rei
1692 3329 1922 3394 testimonium
1945 3330 2089 3410 sigillum
2113 3332 2267 3394 nostrum
2291 3329 2474 3414 presentibus

472 3440 523 3501 est
547 3456 744 3520 appensum.
792 3437 916 3502 Datum
940 3437 1046 3502 Lethe
1072 3455 1159 3499 anno
1183 3434 1315 3498 Domini
1340 3434 1608 3500 lli⁰.CC⁰.XGIX⁰.

688 3541 710 3611 Ι)
729 3541 807 3594 Fero
825 3543 847 3593 A

605 3629 765 3713 Absellrist
786 3581 915 3694 dem.
939 3629 1048 3695 Jalula
1074 3633 1107 3692 in
1130 3627 1207 3713 Kop.
1233 3626 1294 3706 III,
1319 3627 1393 3706 130,
1421 3628 1455 3692 S.
1478 3626 1521 3690 64
1545 3632 1589 3691 im
1605 3627 1677 3712 Kpl.
1698 3625 1801 3692 rit-A.
1827 3650 1865 3690 zu
1889 3626 2056 3693 Hannooer
2079 3630 2146 3714 (A).
2195 3628 2312 3714 Reyeat
2336 3626 2475 3692 61100ιή-

685 3735 766 3822 berp,
795 3735 999 3820 Celenderper
1027 3734 1097 3800 Uli.
1123 3734 1217 3798 Abit.
1243 3731 1306 3811 ΙΙΙ,
1333 3733 1366 3798 S.
1390 3733 1457 3796 328
1480 3733 1539 3798 Nr.
1563 3733 1639 3800 528.

1422 3896 1538 3973 1640.

473 4024 549 4094 Der
577 4023 732 4094 Decltont
761 4023 832 4092 trud
859 4024 914 4093 die
943 4023 1220 4095 Domlcorrouilcer
1246 4045 1310 4094 oorc
1339 4022 1489 4093 bitetten
1523 4023 1662 4093 nauclere
1692 4045 1797 4114 pepon
1831 4025 1894 4094 den
1924 4023 2135 4115 Dornpropst
2162 4026 2263 4125 einen
2293 4023 2396 4095 Burni
2419 4042 2476 4090 run

727 4129 865 4200 Sclrrrtre
893 4130 955 4200 der
982 4129 1194 4218 Prtlberaterc
1223 4131 1288 4200 den
1316 4127 1465 4216 Bisolrof
1487 4128 1625 4216 Ludolf
1646 4129 1809 4218 bestlitipt.
1867 4127 1968 4200 1300
1997 4129 2156 4200 Februor
2182 4133 2244 4200 29.

578 4249 646 4314 Nos
676 4247 840 4312 Geroldus
869 4249 1014 4312 decanus
1043 4250 1076 4312 et
1104 4248 1255 4312 canonici
1283 4246 1466 4312 Mindensis
1500 4247 1639 4312 ecclesie
1668 4247 1871 4329 infrascripti
1894 4249 2144 4313 considerantes
2168 4249 2352 4312 versutiam
2378 4243 2477 4310 domn

472 4355 576 4418 nostri
610 4353 763 4434 Volquini
803 4353 964 4436 prepositi
1003 4355 1174 4436 querentis
1212 4354 1281 4418 vias
1321 4353 1455 4418 callidas
1494 4372 1555 4435 per
1589 4373 1668 4417 suos
1703 4357 1740 4417 ut
1774 4353 1906 4418 videtur
1940 4354 2147 4419 consiliarios
2182 4355 2401 4435 excogitando
2432 4368 2477 4430 per

472 4461 698 4526 cavillationes
727 4461 868 4525 iniustas
897 4460 1035 4526 formam
1065 4461 1162 4526 nobis
1191 4481 1258 4525 non
1283 4459 1490 4524 ministrandi
1514 4458 1713 4541 prebendas,
1749 4479 1790 4522 ne
1815 4460 1910 4523 nobis
1933 4461 1968 4523 in
1991 4460 2139 4542 presenti
2163 4463 2195 4523 et
2220 4461 2346 4524 nostris
2370 4477 2478 4521 arrecta-

471 4568 601 4632 soribus
624 4567 658 4630 in
683 4567 795 4630 futuro
827 4586 886 4647 per
915 4566 1138 4632 cavillationes
1171 4567 1268 4630 liuius
1296 4586 1356 4648 per
1382 4568 1530 4629 nostram
1553 4565 1814 4629 taciturnitatem
1837 4565 2056 4649 preiudicium
2080 4568 2267 4648 generetur,
2295 4563 2478 4630 decrevimus
2520 4587 2521 4590 ¹

471 4692 636 4737 consensu
671 4672 818 4736 unanimi
847 4675 879 4736 et
907 4673 979 4754 pari
1009 4693 1089 4737 voce
1117 4673 1267 4737 iurantes
1293 4672 1391 4736 tactis
1423 4672 1642 4736 sacrosanctis
1674 4671 1874 4754 evangeliis,
1911 4672 2001 4754 quod
2029 4671 2119 4737 omni
2150 4672 2273 4736 timore
2298 4676 2332 4736 et
2355 4675 2437 4734 metu
2457 4670 2479 4728 ct

470 4778 582 4842 favore
617 4778 811 4860 postpositis
846 4777 1008 4842 stabimus
1043 4798 1103 4860 pro
1138 4778 1208 4842 iure
1243 4778 1378 4861 petendi
1413 4779 1603 4860 prebendas
1639 4781 1768 4842 nostras
1800 4782 1916 4844 contra
1943 4778 2054 4861 ipsum
2082 4777 2293 4862 prepositum
2325 4783 2360 4842 et
2387 4777 2479 4840 contro

471 4885 654 4967 quemlibet
684 4885 785 4948 alium
814 4883 1089 4949 obedientiarium
1120 4883 1189 4949 sive
1220 4883 1466 4949 consolatorem
1502 4883 1748 4966 prebendarum
1783 4886 1973 4948 nostrarum
2008 4885 2215 4949 detentorem
2253 4885 2385 4949 actione
2417 4899 2479 4962 quu-

471 5011 613 5073 cumque
638 4994 670 5055 et
693 5011 754 5073 per
778 4989 1034 5055 ecclesiasticam
1058 5009 1230 5056 censuram
1256 4989 1617 5068 excommunicationis,
1642 4989 1871 5072 suspensionis
1894 4991 1936 5053 ab
1953 4989 2063 5055 officio
2079 5010 2138 5054 seu
2157 4987 2480 5066 amministrationel).
2520 4987 2521 5040 l

470 5097 646 5177 interdicti,
680 5096 882 5180 privacionis
918 5097 987 5160 sive
1022 5096 1129 5161 modis
1165 5095 1236 5160 aliis
1272 5095 1551 5178 quibuscumque,
1587 5098 1741 5180 petentes
1771 5115 1841 5175 vos,
1870 5099 2090 5162 reverendum
2113 5101 2242 5180 patrem
2269 5100 2304 5161 et
2330 5095 2478 5162 donnnun

470 5207 621 5268 nostrum
646 5202 824 5268 Ludolfum
848 5203 1055 5266 lllindensem
1082 5202 1289 5285 episcopum,
1325 5206 1362 5268 ut
1390 5223 1449 5266 vos
1473 5200 1826 5268 excommunicacionis
1851 5205 2051 5267 sententiam
2074 5203 2265 5285 generalem
2290 5202 2435 5266 volentes
2455 5199 2479 5260 el
2520 5279 2521 5286 ἵ

470 5309 717 5375 consentientes
741 5311 777 5374 in
798 5328 913 5373 omnes
937 5308 1011 5373 illos
1035 5329 1075 5372 ex
1098 5308 1205 5390 nobis,
1230 5309 1286 5390 qui
1310 5311 1424 5373 contra
1449 5310 1620 5374 decretum
1643 5310 1677 5373 et
1697 5307 1922 5372 iuramentum
1946 5311 2108 5390 nostrum,
2131 5312 2233 5391 prout
2249 5329 2357 5390 supra
2373 5309 2477 5372 dicturo

472 5417 534 5494 est,
569 5415 682 5480 venire
711 5415 976 5500 presumpserint
1003 5414 1071 5478 ullo
1100 5415 1208 5496 modo,
1246 5415 1307 5480 nisi
1332 5414 1428 5480 simul
1453 5435 1570 5480 omnes
1593 5414 1627 5478 in
1652 5432 1752 5478 unam
1777 5413 1978 5479 sententiam
2002 5415 2246 5479 decreverimus
2273 5407 2479 5488 convenireil,
