<?xml version="1.0" encoding="UTF-8"?>
<!DOCTYPE html PUBLIC "-//W3C//DTD XHTML 1.0 Transitional//EN"
    "http://www.w3.org/TR/xhtml1/DTD/xhtml1-transitional.dtd">
<html xmlns="http://www.w3.org/1999/xhtml" xml:lang="en" lang="en">
 <head>
  <title>
</title>
<meta http-equiv="Content-Type" content="text/html;charset=utf-8" />
  <meta name='ocr-system' content='tesseract 3.04.00' />
  <meta name='ocr-capabilities' content='ocr_page ocr_carea ocr_par ocr_line ocrx_word'/>
</head>
<body>
  <div class='ocr_page' id='page_1' title='image "./westflischesurk00westgoog_0220.png"; bbox 0 0 5058 6792; ppageno 0'>
   <div class='ocr_carea' id='block_1_1' title="bbox 1043 472 2098 540">
    <p class='ocr_par' dir='ltr' id='par_1_1' title="bbox 1043 472 2098 540">
     <span class='ocr_line' id='line_1_1' title="bbox 1043 472 2098 540; baseline -0.003 -1"><span class='ocrx_word' id='word_1_1' title='bbox 1043 485 1110 540; x_wconf 80' lang='lat'>1258</span> <span class='ocrx_word' id='word_1_2' title='bbox 2033 472 2098 538; x_wconf 67' lang='grc'>203</span> 
     </span>
    </p>
   </div>
   <div class='ocr_carea' id='block_1_2' title="bbox 78 679 2101 2785">
    <p class='ocr_par' dir='ltr' id='par_1_2' title="bbox 78 679 2101 2785">
     <span class='ocr_line' id='line_1_2' title="bbox 81 679 2100 766; baseline 0 -17"><span class='ocrx_word' id='word_1_3' title='bbox 81 681 224 750; x_wconf 91' lang='lat' dir='ltr'>unanhni</span> <span class='ocrx_word' id='word_1_4' title='bbox 248 701 413 748; x_wconf 91' lang='lat' dir='ltr'>consensu</span> <span class='ocrx_word' id='word_1_5' title='bbox 437 681 626 763; x_wconf 77' lang='lat' dir='ltr'><strong>statuimus,</strong></span> <span class='ocrx_word' id='word_1_6' title='bbox 650 683 687 744; x_wconf 91' lang='lat' dir='ltr'>ut</span> <span class='ocrx_word' id='word_1_7' title='bbox 709 679 830 764; x_wconf 84' lang='lat' dir='ltr'>prefati</span> <span class='ocrx_word' id='word_1_8' title='bbox 854 680 1003 744; x_wconf 88' lang='lat' dir='ltr'>canonici</span> <span class='ocrx_word' id='word_1_9' title='bbox 1032 679 1113 744; x_wconf 91' lang='lat' dir='ltr'>alias</span> <span class='ocrx_word' id='word_1_10' title='bbox 1137 679 1327 745; x_wconf 89' lang='lat' dir='ltr'>beneficiati</span> <span class='ocrx_word' id='word_1_11' title='bbox 1355 682 1493 764; x_wconf 89' lang='lat' dir='ltr'>propter</span> <span class='ocrx_word' id='word_1_12' title='bbox 1517 699 1634 746; x_wconf 82' lang='lat' dir='ltr'>causas</span> <span class='ocrx_word' id='word_1_13' title='bbox 1658 682 1825 765; x_wconf 88' lang='lat' dir='ltr'>predictas</span> <span class='ocrx_word' id='word_1_14' title='bbox 1848 683 1908 750; x_wconf 89' lang='lat' dir='ltr'>tali</span> <span class='ocrx_word' id='word_1_15' title='bbox 1930 685 2100 766; x_wconf 78' lang='lat' dir='ltr'>gaudeant</span> 
     </span>
     <span class='ocr_line' id='line_1_3' title="bbox 82 786 2099 872; baseline 0.001 -17"><span class='ocrx_word' id='word_1_16' title='bbox 82 791 238 868; x_wconf 89' lang='lat' dir='ltr'>libertate,</span> <span class='ocrx_word' id='word_1_17' title='bbox 262 789 300 853; x_wconf 91' lang='lat' dir='ltr'>ut</span> <span class='ocrx_word' id='word_1_18' title='bbox 323 787 471 854; x_wconf 90' lang='lat' dir='ltr'>cumeis</span> <span class='ocrx_word' id='word_1_19' title='bbox 494 787 659 870; x_wconf 82' lang='lat' dir='ltr'>placuerit</span> <span class='ocrx_word' id='word_1_20' title='bbox 681 786 827 867; x_wconf 85' lang='lat' dir='ltr'>veniant,</span> <span class='ocrx_word' id='word_1_21' title='bbox 851 786 886 850; x_wconf 92' lang='lat' dir='ltr'>et</span> <span class='ocrx_word' id='word_1_22' title='bbox 908 805 984 850; x_wconf 92' lang='lat' dir='ltr'>cum</span> <span class='ocrx_word' id='word_1_23' title='bbox 1008 786 1174 851; x_wconf 85' lang='lat' dir='ltr'>voluerint</span> <span class='ocrx_word' id='word_1_24' title='bbox 1197 786 1301 853; x_wconf 92' lang='lat' dir='ltr'>libere</span> <span class='ocrx_word' id='word_1_25' title='bbox 1325 789 1493 868; x_wconf 83' lang='lat' dir='ltr'>recedant,</span> <span class='ocrx_word' id='word_1_26' title='bbox 1519 787 1565 852; x_wconf 87' lang='lat' dir='ltr'>ita</span> <span class='ocrx_word' id='word_1_27' title='bbox 1586 790 1711 868; x_wconf 88' lang='lat' dir='ltr'>tamen,</span> <span class='ocrx_word' id='word_1_28' title='bbox 1737 789 1828 872; x_wconf 93' lang='lat' dir='ltr'>quod</span> <span class='ocrx_word' id='word_1_29' title='bbox 1853 790 1901 854; x_wconf 92' lang='lat' dir='ltr'>eis</span> <span class='ocrx_word' id='word_1_30' title='bbox 1924 793 2099 857; x_wconf 90' lang='lat' dir='ltr'>nobiscum</span> 
     </span>
     <span class='ocr_line' id='line_1_4' title="bbox 81 892 2099 982; baseline 0.001 -20"><span class='ocrx_word' id='word_1_31' title='bbox 81 895 294 962; x_wconf 78' lang='lat' dir='ltr'>existentibus</span> <span class='ocrx_word' id='word_1_32' title='bbox 328 895 499 977; x_wconf 90' lang='lat' dir='ltr'>prebende</span> <span class='ocrx_word' id='word_1_33' title='bbox 534 912 652 958; x_wconf 89' lang='lat' dir='ltr'>eorum</span> <span class='ocrx_word' id='word_1_34' title='bbox 685 897 767 959; x_wconf 90' lang='lat' dir='ltr'>tunc</span> <span class='ocrx_word' id='word_1_35' title='bbox 802 912 863 975; x_wconf 90' lang='lat' dir='ltr'>pro</span> <span class='ocrx_word' id='word_1_36' title='bbox 896 896 1048 976; x_wconf 92' lang='lat' dir='ltr'>tempore</span> <span class='ocrx_word' id='word_1_37' title='bbox 1084 892 1168 959; x_wconf 90' lang='lat' dir='ltr'>sicut</span> <span class='ocrx_word' id='word_1_38' title='bbox 1202 893 1299 958; x_wconf 91' lang='lat' dir='ltr'>nobis</span> <span class='ocrx_word' id='word_1_39' title='bbox 1332 893 1536 976; x_wconf 79' lang='lat' dir='ltr'>integraliter</span> <span class='ocrx_word' id='word_1_40' title='bbox 1571 895 1866 978; x_wconf 87' lang='lat' dir='ltr'>arnministrentur,</span> <span class='ocrx_word' id='word_1_41' title='bbox 1900 898 1984 982; x_wconf 90' lang='lat' dir='ltr'>ipsis</span> <span class='ocrx_word' id='word_1_42' title='bbox 2019 919 2099 965; x_wconf 89' lang='lat' dir='ltr'>vero</span> 
     </span>
     <span class='ocr_line' id='line_1_5' title="bbox 82 999 2098 1085; baseline 0.001 -18"><span class='ocrx_word' id='word_1_43' title='bbox 82 1002 308 1068; x_wconf 86' lang='lat' dir='ltr'>recedentibus</span> <span class='ocrx_word' id='word_1_44' title='bbox 331 1001 579 1083; x_wconf 86' lang='lat' dir='ltr'>prebendarum</span> <span class='ocrx_word' id='word_1_45' title='bbox 601 999 765 1065; x_wconf 88' lang='lat' dir='ltr'>fructibus</span> <span class='ocrx_word' id='word_1_46' title='bbox 789 1000 940 1064; x_wconf 85' lang='lat' dir='ltr'>absentie</span> <span class='ocrx_word' id='word_1_47' title='bbox 963 1001 1113 1084; x_wconf 88' lang='lat' dir='ltr'>tempore</span> <span class='ocrx_word' id='word_1_48' title='bbox 1137 1002 1272 1064; x_wconf 88' lang='lat' dir='ltr'>careant</span> <span class='ocrx_word' id='word_1_49' title='bbox 1295 1002 1328 1064; x_wconf 92' lang='lat' dir='ltr'>et</span> <span class='ocrx_word' id='word_1_50' title='bbox 1344 1001 1377 1064; x_wconf 92' lang='lat' dir='ltr'>in</span> <span class='ocrx_word' id='word_1_51' title='bbox 1394 1019 1586 1066; x_wconf 91' lang='lat' dir='ltr'>communes</span> <span class='ocrx_word' id='word_1_52' title='bbox 1602 1021 1683 1066; x_wconf 91' lang='lat' dir='ltr'>usus</span> <span class='ocrx_word' id='word_1_53' title='bbox 1701 1001 1836 1085; x_wconf 88' lang='lat' dir='ltr'>capituli</span> <span class='ocrx_word' id='word_1_54' title='bbox 1853 1007 2098 1070; x_wconf 86' lang='lat' dir='ltr'>convertantur.</span> 
     </span>
     <span class='ocr_line' id='line_1_6' title="bbox 82 1105 2098 1190; baseline 0.001 -16"><span class='ocrx_word' id='word_1_55' title='bbox 82 1112 126 1174; x_wconf 89' lang='lat' dir='ltr'>De</span> <span class='ocrx_word' id='word_1_56' title='bbox 149 1107 312 1172; x_wconf 86' lang='lat' dir='ltr'>fructibus</span> <span class='ocrx_word' id='word_1_57' title='bbox 336 1127 414 1171; x_wconf 87' lang='lat' dir='ltr'>vero</span> <span class='ocrx_word' id='word_1_58' title='bbox 437 1106 617 1190; x_wconf 88' lang='lat' dir='ltr'>prebendis</span> <span class='ocrx_word' id='word_1_59' title='bbox 641 1106 789 1187; x_wconf 72' lang='lat' dir='ltr'>annexis</span> <span class='ocrx_word' id='word_1_60' title='bbox 813 1105 1011 1172; x_wconf 85' lang='lat' dir='ltr'>obedientiis</span> <span class='ocrx_word' id='word_1_61' title='bbox 1027 1105 1196 1186; x_wconf 73' lang='lat' dir='ltr'>uidelicet,</span> <span class='ocrx_word' id='word_1_62' title='bbox 1221 1105 1356 1170; x_wconf 88' lang='lat' dir='ltr'>decimis</span> <span class='ocrx_word' id='word_1_63' title='bbox 1381 1109 1415 1170; x_wconf 92' lang='lat' dir='ltr'>et</span> <span class='ocrx_word' id='word_1_64' title='bbox 1438 1107 1629 1173; x_wconf 91' lang='lat' dir='ltr'>huiusmodi</span> <span class='ocrx_word' id='word_1_65' title='bbox 1652 1108 1763 1173; x_wconf 92' lang='lat' dir='ltr'>taliter</span> <span class='ocrx_word' id='word_1_66' title='bbox 1778 1109 1933 1175; x_wconf 84' lang='lat' dir='ltr'>duximus</span> <span class='ocrx_word' id='word_1_67' title='bbox 1949 1114 2098 1177; x_wconf 87' lang='lat' dir='ltr'>statuen-</span> 
     </span>
     <span class='ocr_line' id='line_1_7' title="bbox 81 1211 2100 1298; baseline 0.001 -18"><span class='ocrx_word' id='word_1_68' title='bbox 81 1217 165 1295; x_wconf 93' lang='lat' dir='ltr'>dum,</span> <span class='ocrx_word' id='word_1_69' title='bbox 189 1215 226 1278; x_wconf 94' lang='lat' dir='ltr'>ut</span> <span class='ocrx_word' id='word_1_70' title='bbox 251 1215 308 1297; x_wconf 91' lang='lat' dir='ltr'>qui</span> <span class='ocrx_word' id='word_1_71' title='bbox 332 1233 389 1278; x_wconf 91' lang='lat' dir='ltr'>eos</span> <span class='ocrx_word' id='word_1_72' title='bbox 413 1213 537 1278; x_wconf 90' lang='lat' dir='ltr'>habere</span> <span class='ocrx_word' id='word_1_73' title='bbox 560 1213 734 1292; x_wconf 83' lang='lat' dir='ltr'>voluerint,</span> <span class='ocrx_word' id='word_1_74' title='bbox 758 1214 793 1277; x_wconf 91' lang='lat' dir='ltr'>in</span> <span class='ocrx_word' id='word_1_75' title='bbox 816 1211 928 1295; x_wconf 87' lang='lat' dir='ltr'>vigilia</span> <span class='ocrx_word' id='word_1_76' title='bbox 940 1212 1100 1277; x_wconf 78' lang='lat' dir='ltr'>iohannis</span> <span class='ocrx_word' id='word_1_77' title='bbox 1123 1212 1267 1294; x_wconf 89' lang='lat' dir='ltr'>baptiste</span> <span class='ocrx_word' id='word_1_78' title='bbox 1291 1212 1326 1275; x_wconf 92' lang='lat' dir='ltr'>in</span> <span class='ocrx_word' id='word_1_79' title='bbox 1350 1213 1495 1294; x_wconf 90' lang='lat' dir='ltr'>capitulo</span> <span class='ocrx_word' id='word_1_80' title='bbox 1518 1214 1730 1280; x_wconf 88' lang='lat' dir='ltr'>residentiam</span> <span class='ocrx_word' id='word_1_81' title='bbox 1753 1234 1814 1298; x_wconf 93' lang='lat' dir='ltr'>per</span> <span class='ocrx_word' id='word_1_82' title='bbox 1838 1217 1997 1282; x_wconf 89' lang='lat' dir='ltr'>circulum</span> <span class='ocrx_word' id='word_1_83' title='bbox 2020 1217 2100 1282; x_wconf 90' lang='lat' dir='ltr'>anni</span> 
     </span>
     <span class='ocr_line' id='line_1_8' title="bbox 80 1317 2098 1408; baseline 0.003 -24"><span class='ocrx_word' id='word_1_84' title='bbox 80 1321 226 1406; x_wconf 85' lang='lat' dir='ltr'>proxime</span> <span class='ocrx_word' id='word_1_85' title='bbox 234 1321 260 1402; x_wconf 79' lang='lat'>³)</span> <span class='ocrx_word' id='word_1_86' title='bbox 284 1320 456 1404; x_wconf 91' lang='lat' dir='ltr'>sequentis</span> <span class='ocrx_word' id='word_1_87' title='bbox 486 1321 714 1402; x_wconf 87' lang='lat' dir='ltr'>protestentur</span> <span class='ocrx_word' id='word_1_88' title='bbox 738 1321 772 1383; x_wconf 91' lang='lat' dir='ltr'>et</span> <span class='ocrx_word' id='word_1_89' title='bbox 794 1317 926 1398; x_wconf 91' lang='lat' dir='ltr'>faciant,</span> <span class='ocrx_word' id='word_1_90' title='bbox 957 1317 1106 1401; x_wconf 90' lang='lat' dir='ltr'>alioquin</span> <span class='ocrx_word' id='word_1_91' title='bbox 1129 1317 1290 1384; x_wconf 83' lang='lat' dir='ltr'>fructibus</span> <span class='ocrx_word' id='word_1_92' title='bbox 1313 1318 1396 1400; x_wconf 89' lang='lat' dir='ltr'>ipsis</span> <span class='ocrx_word' id='word_1_93' title='bbox 1420 1324 1556 1385; x_wconf 85' lang='lat' dir='ltr'>careant</span> <span class='ocrx_word' id='word_1_94' title='bbox 1579 1321 1680 1385; x_wconf 89' lang='lat' dir='ltr'>etiam</span> <span class='ocrx_word' id='word_1_95' title='bbox 1708 1321 1817 1386; x_wconf 88' lang='lat' dir='ltr'>eisin</span> <span class='ocrx_word' id='word_1_96' title='bbox 1839 1343 1938 1388; x_wconf 92' lang='lat' dir='ltr'>usum</span> <span class='ocrx_word' id='word_1_97' title='bbox 1962 1326 2098 1408; x_wconf 91' lang='lat' dir='ltr'>capituli</span> 
     </span>
     <span class='ocr_line' id='line_1_9' title="bbox 81 1424 2099 1516; baseline 0.002 -24"><span class='ocrx_word' id='word_1_98' title='bbox 81 1427 230 1493; x_wconf 91' lang='lat' dir='ltr'>similiter</span> <span class='ocrx_word' id='word_1_99' title='bbox 261 1427 510 1506; x_wconf 88' lang='lat' dir='ltr'>convertendis;</span> <span class='ocrx_word' id='word_1_100' title='bbox 542 1427 667 1491; x_wconf 90' lang='lat' dir='ltr'>talibus</span> <span class='ocrx_word' id='word_1_101' title='bbox 695 1428 807 1490; x_wconf 91' lang='lat' dir='ltr'>tamen</span> <span class='ocrx_word' id='word_1_102' title='bbox 837 1426 884 1489; x_wconf 93' lang='lat' dir='ltr'>sic</span> <span class='ocrx_word' id='word_1_103' title='bbox 908 1444 968 1508; x_wconf 89' lang='lat' dir='ltr'>per</span> <span class='ocrx_word' id='word_1_104' title='bbox 991 1443 1117 1490; x_wconf 91' lang='lat' dir='ltr'>annum</span> <span class='ocrx_word' id='word_1_105' title='bbox 1140 1424 1335 1490; x_wconf 89' lang='lat' dir='ltr'>continuum</span> <span class='ocrx_word' id='word_1_106' title='bbox 1358 1425 1575 1490; x_wconf 89' lang='lat' dir='ltr'>residentiam</span> <span class='ocrx_word' id='word_1_107' title='bbox 1600 1427 1797 1492; x_wconf 87' lang='lat' dir='ltr'>facientibus</span> <span class='ocrx_word' id='word_1_108' title='bbox 1820 1447 1881 1510; x_wconf 92' lang='lat' dir='ltr'>per</span> <span class='ocrx_word' id='word_1_109' title='bbox 1905 1429 2099 1516; x_wconf 91' lang='lat' dir='ltr'>episcopum</span> 
     </span>
     <span class='ocr_line' id='line_1_10' title="bbox 81 1530 2100 1621; baseline 0.003 -25"><span class='ocrx_word' id='word_1_110' title='bbox 81 1536 110 1596; x_wconf 90' lang='lat' dir='ltr'>et</span> <span class='ocrx_word' id='word_1_111' title='bbox 131 1532 313 1614; x_wconf 91' lang='lat' dir='ltr'>capitulum</span> <span class='ocrx_word' id='word_1_112' title='bbox 350 1532 484 1598; x_wconf 90' lang='lat' dir='ltr'>licentia</span> <span class='ocrx_word' id='word_1_113' title='bbox 516 1532 640 1616; x_wconf 90' lang='lat' dir='ltr'>poterit</span> <span class='ocrx_word' id='word_1_114' title='bbox 674 1531 812 1598; x_wconf 90' lang='lat' dir='ltr'>concedi</span> <span class='ocrx_word' id='word_1_115' title='bbox 843 1550 910 1596; x_wconf 91' lang='lat' dir='ltr'>una</span> <span class='ocrx_word' id='word_1_116' title='bbox 938 1531 1009 1596; x_wconf 87' lang='lat' dir='ltr'>vice</span> <span class='ocrx_word' id='word_1_117' title='bbox 1033 1532 1068 1596; x_wconf 94' lang='lat' dir='ltr'>in</span> <span class='ocrx_word' id='word_1_118' title='bbox 1091 1550 1179 1595; x_wconf 91' lang='lat' dir='ltr'>anno</span> <span class='ocrx_word' id='word_1_119' title='bbox 1203 1530 1381 1596; x_wconf 90' lang='lat' dir='ltr'>abessendi</span> <span class='ocrx_word' id='word_1_120' title='bbox 1404 1551 1466 1614; x_wconf 91' lang='lat' dir='ltr'>per</span> <span class='ocrx_word' id='word_1_121' title='bbox 1489 1553 1547 1597; x_wconf 86' lang='lat' dir='ltr'>sex</span> <span class='ocrx_word' id='word_1_122' title='bbox 1570 1533 1782 1616; x_wconf 90' lang='lat' dir='ltr'>septimanas,</span> <span class='ocrx_word' id='word_1_123' title='bbox 1818 1535 1942 1621; x_wconf 76' lang='lat' dir='ltr'>insra4)</span> <span class='ocrx_word' id='word_1_124' title='bbox 1965 1556 2048 1621; x_wconf 90' lang='lat' dir='ltr'>quas</span> <span class='ocrx_word' id='word_1_125' title='bbox 2072 1539 2100 1603; x_wconf 93' lang='lat' dir='ltr'>si</span> 
     </span>
     <span class='ocr_line' id='line_1_11' title="bbox 81 1637 2100 1725; baseline 0.003 -21"><span class='ocrx_word' id='word_1_126' title='bbox 81 1638 197 1704; x_wconf 86' lang='lat' dir='ltr'>reversi</span> <span class='ocrx_word' id='word_1_127' title='bbox 222 1639 357 1718; x_wconf 74' lang='lat' dir='ltr'>tuerint,</span> <span class='ocrx_word' id='word_1_128' title='bbox 382 1639 617 1704; x_wconf 84' lang='lat' dir='ltr'>detrimentum</span> <span class='ocrx_word' id='word_1_129' title='bbox 641 1638 776 1722; x_wconf 90' lang='lat' dir='ltr'>aliquod</span> <span class='ocrx_word' id='word_1_130' title='bbox 800 1657 867 1704; x_wconf 92' lang='lat' dir='ltr'>nou</span> <span class='ocrx_word' id='word_1_131' title='bbox 889 1637 1064 1720; x_wconf 86' lang='lat' dir='ltr'>pacientur</span> <span class='ocrx_word' id='word_1_132' title='bbox 1088 1637 1122 1701; x_wconf 91' lang='lat' dir='ltr'>in</span> <span class='ocrx_word' id='word_1_133' title='bbox 1146 1638 1344 1704; x_wconf 86' lang='lat' dir='ltr'>obedientiis</span> <span class='ocrx_word' id='word_1_134' title='bbox 1368 1640 1422 1704; x_wconf 89' lang='lat' dir='ltr'>vel</span> <span class='ocrx_word' id='word_1_135' title='bbox 1442 1639 1579 1704; x_wconf 88' lang='lat' dir='ltr'>decimis</span> <span class='ocrx_word' id='word_1_136' title='bbox 1603 1641 1813 1723; x_wconf 89' lang='lat' dir='ltr'>supradictis.</span> <span class='ocrx_word' id='word_1_137' title='bbox 1861 1642 1896 1708; x_wconf 93' lang='lat' dir='ltr'>Si</span> <span class='ocrx_word' id='word_1_138' title='bbox 1913 1643 1972 1725; x_wconf 92' lang='lat' dir='ltr'>qui</span> <span class='ocrx_word' id='word_1_139' title='bbox 1988 1647 2100 1710; x_wconf 89' lang='lat' dir='ltr'>autem</span> 
     </span>
     <span class='ocr_line' id='line_1_12' title="bbox 80 1745 2101 1828; baseline 0.003 -20"><span class='ocrx_word' id='word_1_140' title='bbox 80 1745 351 1828; x_wconf 88' lang='lat' dir='ltr'>protestationem</span> <span class='ocrx_word' id='word_1_141' title='bbox 374 1745 544 1827; x_wconf 69' lang='lat' dir='ltr'>facientes</span> <span class='ocrx_word' id='word_1_142' title='bbox 574 1749 613 1811; x_wconf 92' lang='lat' dir='ltr'>ut</span> <span class='ocrx_word' id='word_1_143' title='bbox 636 1746 790 1827; x_wconf 91' lang='lat' dir='ltr'>superius</span> <span class='ocrx_word' id='word_1_144' title='bbox 814 1746 867 1809; x_wconf 90' lang='lat' dir='ltr'>est</span> <span class='ocrx_word' id='word_1_145' title='bbox 891 1763 1096 1828; x_wconf 87' lang='lat' dir='ltr'>expressum,</span> <span class='ocrx_word' id='word_1_146' title='bbox 1132 1745 1277 1810; x_wconf 91' lang='lat' dir='ltr'>decimas</span> <span class='ocrx_word' id='word_1_147' title='bbox 1303 1746 1353 1810; x_wconf 90' lang='lat' dir='ltr'>vel</span> <span class='ocrx_word' id='word_1_148' title='bbox 1377 1745 1586 1812; x_wconf 88' lang='lat' dir='ltr'>obedientias</span> <span class='ocrx_word' id='word_1_149' title='bbox 1609 1746 1643 1810; x_wconf 91' lang='lat' dir='ltr'>in</span> <span class='ocrx_word' id='word_1_150' title='bbox 1668 1767 1746 1812; x_wconf 90' lang='lat' dir='ltr'>suos</span> <span class='ocrx_word' id='word_1_151' title='bbox 1770 1768 1851 1812; x_wconf 86' lang='lat' dir='ltr'>usus</span> <span class='ocrx_word' id='word_1_152' title='bbox 1875 1751 2101 1816; x_wconf 87' lang='lat' dir='ltr'>converterint</span> 
     </span>
     <span class='ocr_line' id='line_1_13' title="bbox 79 1851 2100 1938; baseline 0.003 -22"><span class='ocrx_word' id='word_1_153' title='bbox 79 1855 109 1916; x_wconf 90' lang='lat' dir='ltr'>et</span> <span class='ocrx_word' id='word_1_154' title='bbox 129 1854 249 1934; x_wconf 89' lang='lat' dir='ltr'>postea</span> <span class='ocrx_word' id='word_1_155' title='bbox 271 1851 397 1935; x_wconf 69' lang='lat' dir='ltr'>quod5)</span> <span class='ocrx_word' id='word_1_156' title='bbox 420 1853 596 1936; x_wconf 89' lang='lat' dir='ltr'>protestati</span> <span class='ocrx_word' id='word_1_157' title='bbox 620 1855 701 1917; x_wconf 88' lang='lat' dir='ltr'>sunt</span> <span class='ocrx_word' id='word_1_158' title='bbox 723 1872 791 1916; x_wconf 91' lang='lat' dir='ltr'>non</span> <span class='ocrx_word' id='word_1_159' title='bbox 814 1851 1079 1932; x_wconf 83' lang='lat' dir='ltr'>adimpleverint,</span> <span class='ocrx_word' id='word_1_160' title='bbox 1102 1851 1187 1914; x_wconf 91' lang='lat' dir='ltr'>tales</span> <span class='ocrx_word' id='word_1_161' title='bbox 1211 1869 1273 1915; x_wconf 92' lang='lat' dir='ltr'>nec</span> <span class='ocrx_word' id='word_1_162' title='bbox 1296 1852 1338 1914; x_wconf 91' lang='lat' dir='ltr'>ad</span> <span class='ocrx_word' id='word_1_163' title='bbox 1361 1851 1551 1934; x_wconf 89' lang='lat' dir='ltr'>prebendas</span> <span class='ocrx_word' id='word_1_164' title='bbox 1576 1872 1638 1917; x_wconf 93' lang='lat' dir='ltr'>nec</span> <span class='ocrx_word' id='word_1_165' title='bbox 1662 1853 1705 1917; x_wconf 93' lang='lat' dir='ltr'>ad</span> <span class='ocrx_word' id='word_1_166' title='bbox 1714 1853 1740 1934; x_wconf 80' lang='grc'>6)</span> <span class='ocrx_word' id='word_1_167' title='bbox 1763 1873 1892 1919; x_wconf 87' lang='lat' dir='ltr'>annexa</span> <span class='ocrx_word' id='word_1_168' title='bbox 1918 1858 2100 1938; x_wconf 86' lang='lat' dir='ltr'>prebendis</span> 
     </span>
     <span class='ocr_line' id='line_1_14' title="bbox 80 1957 2100 2046; baseline 0.003 -24"><span class='ocrx_word' id='word_1_169' title='bbox 80 1959 117 2023; x_wconf 93' lang='lat' dir='ltr'>de</span> <span class='ocrx_word' id='word_1_170' title='bbox 139 1961 251 2022; x_wconf 87' lang='lat' dir='ltr'>cetero</span> <span class='ocrx_word' id='word_1_171' title='bbox 276 1957 501 2038; x_wconf 87' lang='lat' dir='ltr'>admittantur,</span> <span class='ocrx_word' id='word_1_172' title='bbox 531 1959 638 2024; x_wconf 91' lang='lat' dir='ltr'>donec</span> <span class='ocrx_word' id='word_1_173' title='bbox 660 1959 751 2040; x_wconf 92' lang='lat' dir='ltr'>quod</span> <span class='ocrx_word' id='word_1_174' title='bbox 774 1976 951 2040; x_wconf 89' lang='lat' dir='ltr'>perperam</span> <span class='ocrx_word' id='word_1_175' title='bbox 974 1960 1173 2038; x_wconf 89' lang='lat' dir='ltr'>receperunt</span> <span class='ocrx_word' id='word_1_176' title='bbox 1196 1977 1236 2022; x_wconf 87' lang='lat' dir='ltr'>ex</span> <span class='ocrx_word' id='word_1_177' title='bbox 1259 1960 1331 2023; x_wconf 88' lang='lat' dir='ltr'>toto</span> <span class='ocrx_word' id='word_1_178' title='bbox 1355 1958 1544 2023; x_wconf 87' lang='lat' dir='ltr'>restituant.</span> <span class='ocrx_word' id='word_1_179' title='bbox 1591 1959 1644 2023; x_wconf 89' lang='lat' dir='ltr'>Ad</span> <span class='ocrx_word' id='word_1_180' title='bbox 1668 1961 1787 2024; x_wconf 92' lang='lat' dir='ltr'>horum</span> <span class='ocrx_word' id='word_1_181' title='bbox 1797 1959 1826 2046; x_wconf 85' lang='lat'>⁷)</span> <span class='ocrx_word' id='word_1_182' title='bbox 1850 1964 1961 2028; x_wconf 88' lang='lat' dir='ltr'>autem</span> <span class='ocrx_word' id='word_1_183' title='bbox 1985 1966 2100 2030; x_wconf 89' lang='lat' dir='ltr'>ohser-</span> 
     </span>
     <span class='ocr_line' id='line_1_15' title="bbox 78 2063 2100 2148; baseline 0.003 -20"><span class='ocrx_word' id='word_1_184' title='bbox 78 2064 222 2130; x_wconf 83' lang='lat' dir='ltr'>vantiam</span> <span class='ocrx_word' id='word_1_185' title='bbox 247 2064 427 2147; x_wconf 90' lang='lat' dir='ltr'>utrobique</span> <span class='ocrx_word' id='word_1_186' title='bbox 450 2063 634 2128; x_wconf 91' lang='lat' dir='ltr'>Wernerus</span> <span class='ocrx_word' id='word_1_187' title='bbox 658 2065 813 2142; x_wconf 90' lang='lat' dir='ltr'>decanus,</span> <span class='ocrx_word' id='word_1_188' title='bbox 838 2063 997 2128; x_wconf 86' lang='lat' dir='ltr'>Ludolfus</span> <span class='ocrx_word' id='word_1_189' title='bbox 1021 2063 1274 2129; x_wconf 88' lang='lat' dir='ltr'>archidiaconus</span> <span class='ocrx_word' id='word_1_190' title='bbox 1297 2065 1332 2127; x_wconf 89' lang='lat' dir='ltr'>in</span> <span class='ocrx_word' id='word_1_191' title='bbox 1356 2065 1456 2142; x_wconf 89' lang='lat' dir='ltr'>Osen,</span> <span class='ocrx_word' id='word_1_192' title='bbox 1480 2065 1637 2148; x_wconf 88' lang='lat' dir='ltr'>magister</span> <span class='ocrx_word' id='word_1_193' title='bbox 1660 2066 1851 2148; x_wconf 87' lang='lat' dir='ltr'>Ricbertus,</span> <span class='ocrx_word' id='word_1_194' title='bbox 1876 2068 2034 2134; x_wconf 91' lang='lat' dir='ltr'>Hinricus</span> <span class='ocrx_word' id='word_1_195' title='bbox 2058 2072 2100 2135; x_wconf 90' lang='lat' dir='ltr'>de</span> 
     </span>
     <span class='ocr_line' id='line_1_16' title="bbox 81 2169 2100 2256; baseline 0.004 -23"><span class='ocrx_word' id='word_1_196' title='bbox 81 2169 166 2251; x_wconf 90' lang='lat' dir='ltr'>Slon,</span> <span class='ocrx_word' id='word_1_197' title='bbox 201 2169 367 2236; x_wconf 85' lang='lat' dir='ltr'>Ludolsus</span> <span class='ocrx_word' id='word_1_198' title='bbox 390 2170 591 2248; x_wconf 86' lang='lat' dir='ltr'>cellerarius,</span> <span class='ocrx_word' id='word_1_199' title='bbox 622 2169 772 2253; x_wconf 80' lang='lat' dir='ltr'>widego,</span> <span class='ocrx_word' id='word_1_200' title='bbox 808 2169 999 2234; x_wconf 86' lang='lat' dir='ltr'>Gerhardus</span> <span class='ocrx_word' id='word_1_201' title='bbox 1023 2171 1147 2251; x_wconf 89' lang='lat' dir='ltr'>cantor,</span> <span class='ocrx_word' id='word_1_202' title='bbox 1183 2170 1276 2236; x_wconf 89' lang='lat' dir='ltr'>Cono</span> <span class='ocrx_word' id='word_1_203' title='bbox 1301 2171 1504 2250; x_wconf 89' lang='lat' dir='ltr'>scolasticus,</span> <span class='ocrx_word' id='word_1_204' title='bbox 1528 2171 1643 2236; x_wconf 90' lang='lat' dir='ltr'>Bruno</span> <span class='ocrx_word' id='word_1_205' title='bbox 1667 2174 1708 2238; x_wconf 89' lang='lat' dir='ltr'>de</span> <span class='ocrx_word' id='word_1_206' title='bbox 1734 2174 1908 2256; x_wconf 87' lang='lat' dir='ltr'>Spenthof,</span> <span class='ocrx_word' id='word_1_207' title='bbox 1931 2174 2100 2241; x_wconf 86' lang='lat' dir='ltr'>lohannes</span> 
     </span>
     <span class='ocr_line' id='line_1_17' title="bbox 81 2274 2100 2365; baseline 0.002 -25"><span class='ocrx_word' id='word_1_208' title='bbox 81 2276 118 2341; x_wconf 91' lang='lat' dir='ltr'>de</span> <span class='ocrx_word' id='word_1_209' title='bbox 139 2275 265 2356; x_wconf 88' lang='lat' dir='ltr'>Bucka,</span> <span class='ocrx_word' id='word_1_210' title='bbox 301 2274 492 2360; x_wconf 68' lang='lat' dir='ltr'>magisterfl)</span> <span class='ocrx_word' id='word_1_211' title='bbox 516 2275 679 2341; x_wconf 90' lang='lat' dir='ltr'>Geroldus</span> <span class='ocrx_word' id='word_1_212' title='bbox 703 2277 849 2341; x_wconf 89' lang='lat' dir='ltr'>decanus</span> <span class='ocrx_word' id='word_1_213' title='bbox 874 2275 1170 2352; x_wconf 89' lang='lat' dir='ltr'>Hildensemensis,</span> <span class='ocrx_word' id='word_1_214' title='bbox 1205 2276 1363 2340; x_wconf 90' lang='lat' dir='ltr'>Hinricus</span> <span class='ocrx_word' id='word_1_215' title='bbox 1387 2278 1428 2341; x_wconf 91' lang='lat' dir='ltr'>de</span> <span class='ocrx_word' id='word_1_216' title='bbox 1452 2279 1575 2359; x_wconf 88' lang='lat' dir='ltr'>Monte,</span> <span class='ocrx_word' id='word_1_217' title='bbox 1600 2279 1774 2344; x_wconf 89' lang='lat' dir='ltr'>Conradus</span> <span class='ocrx_word' id='word_1_218' title='bbox 1798 2281 1839 2345; x_wconf 91' lang='lat' dir='ltr'>de</span> <span class='ocrx_word' id='word_1_219' title='bbox 1862 2281 2100 2365; x_wconf 89' lang='lat' dir='ltr'>Wardenberg,</span> 
     </span>
     <span class='ocr_line' id='line_1_18' title="bbox 80 2382 2100 2468; baseline 0.003 -22"><span class='ocrx_word' id='word_1_220' title='bbox 80 2382 243 2447; x_wconf 90' lang='lat' dir='ltr'>lordanus</span> <span class='ocrx_word' id='word_1_221' title='bbox 267 2383 308 2447; x_wconf 89' lang='lat' dir='ltr'>de</span> <span class='ocrx_word' id='word_1_222' title='bbox 332 2382 564 2465; x_wconf 84' lang='lat' dir='ltr'>Callendorpe,</span> <span class='ocrx_word' id='word_1_223' title='bbox 600 2383 774 2447; x_wconf 87' lang='lat' dir='ltr'>Conradus</span> <span class='ocrx_word' id='word_1_224' title='bbox 798 2383 943 2447; x_wconf 89' lang='lat' dir='ltr'>decanus</span> <span class='ocrx_word' id='word_1_225' title='bbox 966 2383 1074 2447; x_wconf 89' lang='lat' dir='ltr'>sancti</span> <span class='ocrx_word' id='word_1_226' title='bbox 1095 2383 1238 2464; x_wconf 88' lang='lat' dir='ltr'>Martini,</span> <span class='ocrx_word' id='word_1_227' title='bbox 1273 2384 1352 2449; x_wconf 88' lang='lat' dir='ltr'>Otto</span> <span class='ocrx_word' id='word_1_228' title='bbox 1383 2384 1574 2468; x_wconf 86' lang='lat' dir='ltr'>prepositus</span> <span class='ocrx_word' id='word_1_229' title='bbox 1607 2385 1714 2450; x_wconf 90' lang='lat' dir='ltr'>sancti</span> <span class='ocrx_word' id='word_1_230' title='bbox 1734 2386 1906 2468; x_wconf 80' lang='lat' dir='ltr'>lobannis,</span> <span class='ocrx_word' id='word_1_231' title='bbox 1940 2387 2100 2452; x_wconf 84' lang='lat' dir='ltr'>Albertus</span> 
     </span>
     <span class='ocr_line' id='line_1_19' title="bbox 81 2485 2100 2574; baseline 0.003 -22"><span class='ocrx_word' id='word_1_232' title='bbox 81 2488 203 2570; x_wconf 87' lang='lat' dir='ltr'>Sprich,</span> <span class='ocrx_word' id='word_1_233' title='bbox 236 2489 434 2570; x_wconf 85' lang='lat' dir='ltr'>Reynardus</span> <span class='ocrx_word' id='word_1_234' title='bbox 458 2490 500 2554; x_wconf 91' lang='lat' dir='ltr'>de</span> <span class='ocrx_word' id='word_1_235' title='bbox 523 2489 615 2562; x_wconf 82' lang='lat' dir='ltr'>Slon,</span> <span class='ocrx_word' id='word_1_236' title='bbox 650 2489 841 2554; x_wconf 86' lang='lat' dir='ltr'>Gerhardus</span> <span class='ocrx_word' id='word_1_237' title='bbox 865 2489 906 2553; x_wconf 90' lang='lat' dir='ltr'>de</span> <span class='ocrx_word' id='word_1_238' title='bbox 931 2485 1162 2570; x_wconf 76' lang='lat' dir='ltr'>Hervordia9),</span> <span class='ocrx_word' id='word_1_239' title='bbox 1197 2488 1278 2554; x_wconf 93' lang='lat' dir='ltr'>Otto</span> <span class='ocrx_word' id='word_1_240' title='bbox 1302 2490 1450 2555; x_wconf 88' lang='lat' dir='ltr'>decanus</span> <span class='ocrx_word' id='word_1_241' title='bbox 1473 2491 1673 2573; x_wconf 90' lang='lat' dir='ltr'>Bremensis,</span> <span class='ocrx_word' id='word_1_242' title='bbox 1708 2492 1877 2558; x_wconf 87' lang='lat' dir='ltr'>Arnoldus</span> <span class='ocrx_word' id='word_1_243' title='bbox 1901 2494 1942 2558; x_wconf 93' lang='lat' dir='ltr'>de</span> <span class='ocrx_word' id='word_1_244' title='bbox 1966 2494 2100 2574; x_wconf 90' lang='lat' dir='ltr'>Scinna,</span> 
     </span>
     <span class='ocr_line' id='line_1_20' title="bbox 80 2593 2101 2679; baseline 0.004 -22"><span class='ocrx_word' id='word_1_245' title='bbox 80 2593 258 2659; x_wconf 90' lang='lat' dir='ltr'>Bertoldus</span> <span class='ocrx_word' id='word_1_246' title='bbox 282 2595 323 2660; x_wconf 93' lang='lat' dir='ltr'>de</span> <span class='ocrx_word' id='word_1_247' title='bbox 343 2593 627 2678; x_wconf 83' lang='lat' dir='ltr'>Vrelrenhorst10),</span> <span class='ocrx_word' id='word_1_248' title='bbox 652 2595 865 2659; x_wconf 90' lang='lat' dir='ltr'>Hermannus</span> <span class='ocrx_word' id='word_1_249' title='bbox 886 2596 927 2660; x_wconf 92' lang='lat' dir='ltr'>de</span> <span class='ocrx_word' id='word_1_250' title='bbox 949 2596 1045 2677; x_wconf 88' lang='lat' dir='ltr'>Hoya</span> <span class='ocrx_word' id='word_1_251' title='bbox 1066 2595 1272 2662; x_wconf 88' lang='lat' dir='ltr'>Wedekindo</span> <span class='ocrx_word' id='word_1_252' title='bbox 1296 2595 1454 2679; x_wconf 90' lang='lat' dir='ltr'>episcopo</span> <span class='ocrx_word' id='word_1_253' title='bbox 1477 2599 1540 2661; x_wconf 92' lang='lat' dir='ltr'>suh</span> <span class='ocrx_word' id='word_1_254' title='bbox 1565 2598 1754 2663; x_wconf 89' lang='lat' dir='ltr'>obedientie</span> <span class='ocrx_word' id='word_1_255' title='bbox 1779 2599 1890 2663; x_wconf 91' lang='lat' dir='ltr'>debito</span> <span class='ocrx_word' id='word_1_256' title='bbox 1907 2619 1943 2664; x_wconf 91' lang='lat' dir='ltr'>se</span> <span class='ocrx_word' id='word_1_257' title='bbox 1962 2619 2101 2666; x_wconf 89' lang='lat' dir='ltr'>manua·</span> 
     </span>
     <span class='ocr_line' id='line_1_21' title="bbox 80 2701 2099 2785; baseline 0.004 -20"><span class='ocrx_word' id='word_1_258' title='bbox 80 2701 149 2766; x_wconf 90' lang='lat' dir='ltr'>liter</span> <span class='ocrx_word' id='word_1_259' title='bbox 172 2701 402 2766; x_wconf 83' lang='lat' dir='ltr'>astrinxerunt</span> <span class='ocrx_word' id='word_1_260' title='bbox 425 2701 676 2785; x_wconf 87' lang='lat' dir='ltr'>emancipandis</span> <span class='ocrx_word' id='word_1_261' title='bbox 700 2701 858 2783; x_wconf 91' lang='lat' dir='ltr'>deinceps</span> <span class='ocrx_word' id='word_1_262' title='bbox 880 2701 916 2766; x_wconf 93' lang='lat' dir='ltr'>id</span> <span class='ocrx_word' id='word_1_263' title='bbox 938 2702 1048 2785; x_wconf 93' lang='lat' dir='ltr'>ipsum</span> <span class='ocrx_word' id='word_1_264' title='bbox 1072 2701 1217 2766; x_wconf 90' lang='lat' dir='ltr'>facturis.</span> <span class='ocrx_word' id='word_1_265' title='bbox 1263 2702 1350 2767; x_wconf 89' lang='lat' dir='ltr'>Acta</span> <span class='ocrx_word' id='word_1_266' title='bbox 1372 2704 1451 2768; x_wconf 91' lang='lat' dir='ltr'>sunt</span> <span class='ocrx_word' id='word_1_267' title='bbox 1467 2703 1529 2767; x_wconf 92' lang='lat' dir='ltr'>hec</span> <span class='ocrx_word' id='word_1_268' title='bbox 1544 2724 1634 2770; x_wconf 89' lang='lat' dir='ltr'>anno</span> <span class='ocrx_word' id='word_1_269' title='bbox 1651 2705 1784 2769; x_wconf 91' lang='lat' dir='ltr'>Domini</span> <span class='ocrx_word' id='word_1_270' title='bbox 1800 2705 2099 2772; x_wconf 86' lang='lat' dir='ltr'>M⁰.GG⁰.L⁰.VIII⁰.</span> 
     </span>
    </p>
   </div>
   <div class='ocr_carea' id='block_1_3' title="bbox 82 2806 1719 2891">
    <p class='ocr_par' dir='ltr' id='par_1_3' title="bbox 82 2806 1719 2891">
     <span class='ocr_line' id='line_1_22' title="bbox 82 2806 1719 2891; baseline 0.002 -19"><span class='ocrx_word' id='word_1_271' title='bbox 82 2807 247 2890; x_wconf 90' lang='lat' dir='ltr'>Scriptum</span> <span class='ocrx_word' id='word_1_272' title='bbox 270 2827 409 2890; x_wconf 88' lang='lat' dir='ltr'>presens</span> <span class='ocrx_word' id='word_1_273' title='bbox 433 2827 535 2890; x_wconf 89' lang='lat' dir='ltr'>super</span> <span class='ocrx_word' id='word_1_274' title='bbox 557 2806 715 2890; x_wconf 92' lang='lat' dir='ltr'>predictis</span> <span class='ocrx_word' id='word_1_275' title='bbox 740 2807 920 2891; x_wconf 91' lang='lat' dir='ltr'>episcopali</span> <span class='ocrx_word' id='word_1_276' title='bbox 944 2810 977 2872; x_wconf 92' lang='lat' dir='ltr'>et</span> <span class='ocrx_word' id='word_1_277' title='bbox 1001 2807 1138 2888; x_wconf 89' lang='lat' dir='ltr'>capituli</span> <span class='ocrx_word' id='word_1_278' title='bbox 1161 2807 1276 2890; x_wconf 89' lang='lat' dir='ltr'>sigillis</span> <span class='ocrx_word' id='word_1_279' title='bbox 1300 2808 1455 2874; x_wconf 87' lang='lat' dir='ltr'>duximus</span> <span class='ocrx_word' id='word_1_280' title='bbox 1479 2810 1719 2875; x_wconf 91' lang='lat' dir='ltr'>roborandum.</span> 
     </span>
    </p>
   </div>
   <div class='ocr_carea' id='block_1_4' title="bbox 294 2911 2100 3070">
    <p class='ocr_par' dir='ltr' id='par_1_4' title="bbox 294 2911 2100 3070">
     <span class='ocr_line' id='line_1_23' title="bbox 294 2911 2100 2986; baseline 0.002 -21"><span class='ocrx_word' id='word_1_281' title='bbox 294 2912 315 2982; x_wconf 78' lang='lat'>¹)</span> <span class='ocrx_word' id='word_1_282' title='bbox 335 2913 505 2966; x_wconf 78' lang='lat' dir='ltr'>exclamando</span> <span class='ocrx_word' id='word_1_283' title='bbox 524 2912 558 2964; x_wconf 87' lang='lat' dir='ltr'>A.</span> <span class='ocrx_word' id='word_1_284' title='bbox 610 2911 633 2982; x_wconf 70' lang='lat'>²)</span> <span class='ocrx_word' id='word_1_285' title='bbox 652 2917 715 2965; x_wconf 89' lang='lat' dir='ltr'>sunt</span> <span class='ocrx_word' id='word_1_286' title='bbox 730 2913 804 2983; x_wconf 80' lang='lat' dir='ltr'>fehlt</span> <span class='ocrx_word' id='word_1_287' title='bbox 821 2911 855 2964; x_wconf 99' lang='lat' dir='ltr'>A.</span> <span class='ocrx_word' id='word_1_288' title='bbox 906 2912 929 2983; x_wconf 76' lang='lat'>⁸)</span> <span class='ocrx_word' id='word_1_289' title='bbox 948 2913 1060 2981; x_wconf 89' lang='lat' dir='ltr'>proximi</span> <span class='ocrx_word' id='word_1_290' title='bbox 1079 2911 1114 2968; x_wconf 87' lang='lat' dir='ltr'>A.</span> <span class='ocrx_word' id='word_1_291' title='bbox 1163 2911 1186 2982; x_wconf 87' lang='lat'>⁴)</span> <span class='ocrx_word' id='word_1_292' title='bbox 1206 2918 1233 2966; x_wconf 87' lang='lat' dir='ltr'>et</span> <span class='ocrx_word' id='word_1_293' title='bbox 1250 2914 1320 2966; x_wconf 83' lang='lat' dir='ltr'>inira</span> <span class='ocrx_word' id='word_1_294' title='bbox 1339 2915 1372 2966; x_wconf 87' lang='lat' dir='ltr'>A.</span> <span class='ocrx_word' id='word_1_295' title='bbox 1422 2913 1444 2981; x_wconf 82' lang='lat'>⁶)</span> <span class='ocrx_word' id='word_1_296' title='bbox 1462 2912 1541 2968; x_wconf 68' lang='lat' dir='ltr'>Folo</span> <span class='ocrx_word' id='word_1_297' title='bbox 1557 2913 1591 2967; x_wconf 91' lang='lat' dir='ltr'>A.</span> <span class='ocrx_word' id='word_1_298' title='bbox 1643 2914 1666 2986; x_wconf 78' lang='lat'>⁸)</span> <span class='ocrx_word' id='word_1_299' title='bbox 1686 2917 1719 2968; x_wconf 89' lang='lat' dir='ltr'>ad</span> <span class='ocrx_word' id='word_1_300' title='bbox 1736 2916 1810 2984; x_wconf 79' lang='lat' dir='ltr'>sctit</span> <span class='ocrx_word' id='word_1_301' title='bbox 1829 2916 1860 2968; x_wconf 90' lang='lat' dir='ltr'>A.</span> <span class='ocrx_word' id='word_1_302' title='bbox 1913 2915 1934 2986; x_wconf 84' lang='lat'>⁷)</span> <span class='ocrx_word' id='word_1_303' title='bbox 1954 2918 2046 2971; x_wconf 87' lang='lat' dir='ltr'>harum</span> <span class='ocrx_word' id='word_1_304' title='bbox 2067 2916 2100 2970; x_wconf 86' lang='lat' dir='ltr'>A.</span> 
     </span>
     <span class='ocr_line' id='line_1_24' title="bbox 399 2999 1165 3070; baseline 0.003 -17"><span class='ocrx_word' id='word_1_305' title='bbox 399 3003 421 3068; x_wconf 81' lang='lat'>⁸)</span> <span class='ocrx_word' id='word_1_306' title='bbox 439 2999 517 3054; x_wconf 78' lang='lat' dir='ltr'>Feta</span> <span class='ocrx_word' id='word_1_307' title='bbox 537 3001 568 3052; x_wconf 91' lang='lat' dir='ltr'>A.</span> <span class='ocrx_word' id='word_1_308' title='bbox 607 3001 629 3066; x_wconf 78' lang='lat'>⁹)</span> <span class='ocrx_word' id='word_1_309' title='bbox 650 3001 782 3053; x_wconf 84' lang='lat' dir='ltr'>Hcrvodia</span> <span class='ocrx_word' id='word_1_310' title='bbox 801 3000 834 3052; x_wconf 90' lang='lat' dir='ltr'>A.</span> <span class='ocrx_word' id='word_1_311' title='bbox 875 2999 909 3070; x_wconf 85' lang='lat'>¹⁰)</span> <span class='ocrx_word' id='word_1_312' title='bbox 930 3001 1113 3054; x_wconf 83' lang='lat' dir='ltr'>Vrolreuhorst</span> <span class='ocrx_word' id='word_1_313' title='bbox 1133 3002 1165 3054; x_wconf 90' lang='lat' dir='ltr'>A.</span> 
     </span>
    </p>
   </div>
   <div class='ocr_carea' id='block_1_5' title="bbox 207 3087 2146 3280">
    <p class='ocr_par' dir='ltr' id='par_1_5' title="bbox 207 3087 2146 3280">
     <span class='ocr_line' id='line_1_25' title="bbox 207 3087 2146 3178; baseline 0.003 -26"><span class='ocrx_word' id='word_1_314' title='bbox 207 3089 377 3166; x_wconf 72' lang='lat' dir='ltr'>Abachrdft</span> <span class='ocrx_word' id='word_1_315' title='bbox 398 3090 451 3153; x_wconf 85' lang='lat' dir='ltr'>dea</span> <span class='ocrx_word' id='word_1_316' title='bbox 476 3088 527 3154; x_wconf 85' lang='grc'>14.</span> <span class='ocrx_word' id='word_1_317' title='bbox 553 3089 606 3153; x_wconf 76' lang='lat' dir='ltr'>Jlr.</span> <span class='ocrx_word' id='word_1_318' title='bbox 629 3091 664 3153; x_wconf 84' lang='lat' dir='ltr'>in</span> <span class='ocrx_word' id='word_1_319' title='bbox 687 3089 763 3175; x_wconf 84' lang='lat' dir='ltr'>Kop.</span> <span class='ocrx_word' id='word_1_320' title='bbox 782 3087 860 3167; x_wconf 86' lang='lat' dir='ltr'>XII,</span> <span class='ocrx_word' id='word_1_321' title='bbox 882 3090 937 3168; x_wconf 77' lang='lat'>51,</span> <span class='ocrx_word' id='word_1_322' title='bbox 961 3091 1016 3167; x_wconf 77' lang='lat' dir='ltr'>fol.</span> <span class='ocrx_word' id='word_1_323' title='bbox 1044 3089 1109 3154; x_wconf 73' lang='lat'>140</span> <span class='ocrx_word' id='word_1_324' title='bbox 1131 3095 1175 3155; x_wconf 84' lang='lat' dir='ltr'>im</span> <span class='ocrx_word' id='word_1_325' title='bbox 1197 3091 1270 3176; x_wconf 67' lang='lat' dir='ltr'>qu.</span> <span class='ocrx_word' id='word_1_326' title='bbox 1289 3090 1395 3156; x_wconf 78' lang='lat' dir='ltr'>sa-A.</span> <span class='ocrx_word' id='word_1_327' title='bbox 1419 3114 1457 3155; x_wconf 80' lang='lat' dir='ltr'>zu</span> <span class='ocrx_word' id='word_1_328' title='bbox 1474 3090 1641 3157; x_wconf 82' lang='lat' dir='ltr'>Huoooocr</span> <span class='ocrx_word' id='word_1_329' title='bbox 1664 3093 1729 3178; x_wconf 86' lang='lat' dir='ltr'><strong><em>(A).</em></strong></span> <span class='ocrx_word' id='word_1_330' title='bbox 1777 3091 1871 3160; x_wconf 80' lang='lat' dir='ltr'>Gedr.</span> <span class='ocrx_word' id='word_1_331' title='bbox 1904 3091 2100 3172; x_wconf 81' lang='lat' dir='ltr'>Wiirdtwein,</span> <span class='ocrx_word' id='word_1_332' title='bbox 2143 3105 2146 3112; x_wconf 91' lang='lat'>&#39;</span> 
     </span>
     <span class='ocr_line' id='line_1_26' title="bbox 290 3192 2099 3280; baseline 0.003 -21"><span class='ocrx_word' id='word_1_333' title='bbox 290 3192 377 3262; x_wconf 76' lang='lat' dir='ltr'>Saba.</span> <span class='ocrx_word' id='word_1_334' title='bbox 401 3196 476 3280; x_wconf 75' lang='lat' dir='ltr'>drpl.</span> <span class='ocrx_word' id='word_1_335' title='bbox 502 3193 545 3274; x_wconf 90' lang='lat' dir='ltr'>X,</span> <span class='ocrx_word' id='word_1_336' title='bbox 577 3194 611 3261; x_wconf 80' lang='lat' dir='ltr'>S.</span> <span class='ocrx_word' id='word_1_337' title='bbox 639 3193 689 3273; x_wconf 87' lang='grc'>17,</span> <span class='ocrx_word' id='word_1_338' title='bbox 725 3195 837 3280; x_wconf 75' lang='lat' dir='ltr'>Repeat</span> <span class='ocrx_word' id='word_1_339' title='bbox 859 3197 935 3263; x_wconf 86' lang='lat' dir='ltr'>Mac.</span> <span class='ocrx_word' id='word_1_340' title='bbox 962 3194 1005 3274; x_wconf 89' lang='lat' dir='ltr'>II,</span> <span class='ocrx_word' id='word_1_341' title='bbox 1032 3195 1104 3276; x_wconf 82' lang='lat'>189,</span> <span class='ocrx_word' id='word_1_342' title='bbox 1130 3195 1189 3262; x_wconf 85' lang='lat' dir='ltr'>Nr.</span> <span class='ocrx_word' id='word_1_343' title='bbox 1212 3196 1289 3275; x_wconf 77' lang='lat'>547,</span> <span class='ocrx_word' id='word_1_344' title='bbox 1329 3195 1435 3278; x_wconf 78' lang='lat' dir='ltr'>Westf.</span> <span class='ocrx_word' id='word_1_345' title='bbox 1463 3197 1685 3266; x_wconf 61' lang='lat' dir='ltr'>Procius-Bit.</span> <span class='ocrx_word' id='word_1_346' title='bbox 1711 3196 1755 3276; x_wconf 88' lang='lat' dir='ltr'>H,</span> <span class='ocrx_word' id='word_1_347' title='bbox 1781 3198 1811 3278; x_wconf 70' lang='lat' dir='ltr'>A,</span> <span class='ocrx_word' id='word_1_348' title='bbox 1835 3197 1867 3264; x_wconf 80' lang='lat' dir='ltr'>S.</span> <span class='ocrx_word' id='word_1_349' title='bbox 1892 3198 1936 3262; x_wconf 83' lang='grc'>43</span> <span class='ocrx_word' id='word_1_350' title='bbox 1959 3198 2021 3265; x_wconf 85' lang='lat' dir='ltr'>Nr.</span> <span class='ocrx_word' id='word_1_351' title='bbox 2044 3198 2099 3267; x_wconf 78' lang='lat'>65.</span> 
     </span>
    </p>
   </div>
   <div class='ocr_carea' id='block_1_6' title="bbox 1043 3412 1133 3489">
    <p class='ocr_par' dir='ltr' id='par_1_6' title="bbox 1043 3412 1133 3489">
     <span class='ocr_line' id='line_1_27' title="bbox 1043 3412 1133 3489; baseline 0 -1"><span class='ocrx_word' id='word_1_352' title='bbox 1043 3412 1133 3489; x_wconf 84' lang='lat'>698.</span> 
     </span>
    </p>
   </div>
   <div class='ocr_carea' id='block_1_7' title="bbox 83 3537 2102 3720">
    <p class='ocr_par' dir='ltr' id='par_1_7' title="bbox 83 3537 2102 3720">
     <span class='ocr_line' id='line_1_28' title="bbox 83 3537 2102 3627; baseline 0.002 -19"><span class='ocrx_word' id='word_1_353' title='bbox 83 3539 222 3627; x_wconf 73' lang='lat' dir='ltr'>Bnohos</span> <span class='ocrx_word' id='word_1_354' title='bbox 257 3537 441 3610; x_wconf 80' lang='lat' dir='ltr'>Widclrind</span> <span class='ocrx_word' id='word_1_355' title='bbox 469 3560 530 3608; x_wconf 84' lang='lat' dir='ltr'>von</span> <span class='ocrx_word' id='word_1_356' title='bbox 560 3537 709 3610; x_wconf 83' lang='lat' dir='ltr'>Mindeo</span> <span class='ocrx_word' id='word_1_357' title='bbox 736 3539 846 3610; x_wconf 69' lang='lat' dir='ltr'>errent</span> <span class='ocrx_word' id='word_1_358' title='bbox 874 3539 938 3610; x_wconf 81' lang='lat' dir='ltr'>den</span> <span class='ocrx_word' id='word_1_359' title='bbox 964 3537 1076 3626; x_wconf 68' lang='lat' dir='ltr'>facien</span> <span class='ocrx_word' id='word_1_360' title='bbox 1104 3540 1242 3611; x_wconf 66' lang='lat' dir='ltr'>Lateo</span> <span class='ocrx_word' id='word_1_361' title='bbox 1268 3542 1305 3610; x_wconf 81' lang='lat' dir='ltr'>in</span> <span class='ocrx_word' id='word_1_362' title='bbox 1333 3539 1501 3611; x_wconf 89' lang='lat' dir='ltr'>Bordere</span> <span class='ocrx_word' id='word_1_363' title='bbox 1530 3541 1596 3610; x_wconf 87' lang='lat' dir='ltr'>dos</span> <span class='ocrx_word' id='word_1_364' title='bbox 1625 3539 1682 3611; x_wconf 90' lang='lat' dir='ltr'>ius</span> <span class='ocrx_word' id='word_1_365' title='bbox 1711 3540 2010 3612; x_wconf 86' lang='lat' dir='ltr'>ministerialium</span> <span class='ocrx_word' id='word_1_366' title='bbox 2039 3543 2102 3614; x_wconf 80' lang='lat' dir='ltr'>der</span> 
     </span>
     <span class='ocr_line' id='line_1_29' title="bbox 655 3642 1525 3720; baseline 0.003 -6"><span class='ocrx_word' id='word_1_367' title='bbox 655 3646 834 3717; x_wconf 82' lang='lat' dir='ltr'>mindencr</span> <span class='ocrx_word' id='word_1_368' title='bbox 860 3642 995 3720; x_wconf 80' lang='lat' dir='ltr'>Kircbc.</span> <span class='ocrx_word' id='word_1_369' title='bbox 1050 3645 1200 3716; x_wconf 77' lang='lat' dir='ltr'>Mindon</span> <span class='ocrx_word' id='word_1_370' title='bbox 1228 3648 1324 3719; x_wconf 76' lang='lat'><em>1258</em></span> <span class='ocrx_word' id='word_1_371' title='bbox 1350 3646 1440 3718; x_wconf 77' lang='lat' dir='ltr'>Jom·</span> <span class='ocrx_word' id='word_1_372' title='bbox 1467 3650 1525 3719; x_wconf 81' lang='lat'>26.</span> 
     </span>
    </p>
   </div>
   <div class='ocr_carea' id='block_1_8' title="bbox 81 3761 2102 5124">
    <p class='ocr_par' dir='ltr' id='par_1_8' title="bbox 81 3761 2102 5124">
     <span class='ocr_line' id='line_1_30' title="bbox 180 3761 2101 3849; baseline 0.003 -22"><span class='ocrx_word' id='word_1_373' title='bbox 180 3763 218 3827; x_wconf 94' lang='lat' dir='ltr'>ln</span> <span class='ocrx_word' id='word_1_374' title='bbox 250 3761 383 3828; x_wconf 90' lang='lat' dir='ltr'>nomine</span> <span class='ocrx_word' id='word_1_375' title='bbox 411 3765 526 3826; x_wconf 88' lang='lat' dir='ltr'>sancte</span> <span class='ocrx_word' id='word_1_376' title='bbox 557 3766 591 3827; x_wconf 92' lang='lat' dir='ltr'>et</span> <span class='ocrx_word' id='word_1_377' title='bbox 618 3762 789 3828; x_wconf 89' lang='lat' dir='ltr'>individue</span> <span class='ocrx_word' id='word_1_378' title='bbox 823 3764 992 3828; x_wconf 89' lang='lat' dir='ltr'>trinitatis.</span> <span class='ocrx_word' id='word_1_379' title='bbox 1044 3763 1262 3829; x_wconf 81' lang='lat' dir='ltr'>widekindus</span> <span class='ocrx_word' id='word_1_380' title='bbox 1290 3765 1350 3829; x_wconf 91' lang='lat' dir='ltr'>Dei</span> <span class='ocrx_word' id='word_1_381' title='bbox 1381 3766 1488 3848; x_wconf 85' lang='lat' dir='ltr'>gratia</span> <span class='ocrx_word' id='word_1_382' title='bbox 1515 3765 1698 3830; x_wconf 89' lang='lat' dir='ltr'>Mindensis</span> <span class='ocrx_word' id='word_1_383' title='bbox 1730 3766 1907 3849; x_wconf 91' lang='lat' dir='ltr'>episcopus</span> <span class='ocrx_word' id='word_1_384' title='bbox 1938 3767 2101 3832; x_wconf 86' lang='lat' dir='ltr'>universis</span> 
     </span>
     <span class='ocr_line' id='line_1_31' title="bbox 83 3869 2101 3956; baseline 0.003 -24"><span class='ocrx_word' id='word_1_385' title='bbox 83 3869 197 3934; x_wconf 89' lang='lat' dir='ltr'>Christi</span> <span class='ocrx_word' id='word_1_386' title='bbox 215 3869 375 3934; x_wconf 90' lang='lat' dir='ltr'>fidelibus</span> <span class='ocrx_word' id='word_1_387' title='bbox 399 3870 463 3933; x_wconf 92' lang='lat' dir='ltr'>hoc</span> <span class='ocrx_word' id='word_1_388' title='bbox 486 3869 645 3952; x_wconf 88' lang='lat' dir='ltr'>scriptum</span> <span class='ocrx_word' id='word_1_389' title='bbox 668 3869 789 3935; x_wconf 84' lang='lat' dir='ltr'>visuris</span> <span class='ocrx_word' id='word_1_390' title='bbox 812 3871 956 3936; x_wconf 86' lang='lat' dir='ltr'>salutem</span> <span class='ocrx_word' id='word_1_391' title='bbox 977 3871 1013 3934; x_wconf 93' lang='lat' dir='ltr'>in</span> <span class='ocrx_word' id='word_1_392' title='bbox 1037 3869 1188 3936; x_wconf 88' lang='lat' dir='ltr'>Domino.</span> <span class='ocrx_word' id='word_1_393' title='bbox 1236 3870 1437 3954; x_wconf 88' lang='lat' dir='ltr'>Quoniam¹)</span> <span class='ocrx_word' id='word_1_394' title='bbox 1461 3891 1511 3952; x_wconf 90' lang='lat' dir='ltr'>ea,</span> <span class='ocrx_word' id='word_1_395' title='bbox 1536 3893 1602 3954; x_wconf 93' lang='lat' dir='ltr'>que</span> <span class='ocrx_word' id='word_1_396' title='bbox 1628 3872 1870 3938; x_wconf 88' lang='lat' dir='ltr'>rationabiliter</span> <span class='ocrx_word' id='word_1_397' title='bbox 1892 3877 1987 3956; x_wconf 85' lang='lat' dir='ltr'>gesta</span> <span class='ocrx_word' id='word_1_398' title='bbox 2012 3876 2101 3956; x_wconf 90' lang='lat' dir='ltr'>sunt,</span> 
     </span>
     <span class='ocr_line' id='line_1_32' title="bbox 82 3975 2102 4062; baseline 0.002 -23"><span class='ocrx_word' id='word_1_399' title='bbox 82 3995 232 4059; x_wconf 87' lang='lat' dir='ltr'>processu</span> <span class='ocrx_word' id='word_1_400' title='bbox 267 3975 429 4057; x_wconf 90' lang='lat' dir='ltr'>temporis</span> <span class='ocrx_word' id='word_1_401' title='bbox 460 3975 494 4039; x_wconf 91' lang='lat' dir='ltr'>in</span> <span class='ocrx_word' id='word_1_402' title='bbox 518 3975 719 4041; x_wconf 89' lang='lat' dir='ltr'>oblivionem</span> <span class='ocrx_word' id='word_1_403' title='bbox 742 3977 898 4058; x_wconf 91' lang='lat' dir='ltr'>prolapsa</span> <span class='ocrx_word' id='word_1_404' title='bbox 922 3976 1158 4060; x_wconf 90' lang='lat' dir='ltr'>calumpniosis</span> <span class='ocrx_word' id='word_1_405' title='bbox 1181 3997 1423 4060; x_wconf 89' lang='lat' dir='ltr'>nonnunquam</span> <span class='ocrx_word' id='word_1_406' title='bbox 1447 3978 1681 4060; x_wconf 89' lang='lat' dir='ltr'>questionibus</span> <span class='ocrx_word' id='word_1_407' title='bbox 1704 3981 1955 4062; x_wconf 91' lang='lat' dir='ltr'>perturbantur,</span> <span class='ocrx_word' id='word_1_408' title='bbox 1991 3980 2102 4046; x_wconf 92' lang='lat' dir='ltr'>solent</span> 
     </span>
     <span class='ocr_line' id='line_1_33' title="bbox 81 4081 2102 4169; baseline 0.001 -22"><span class='ocrx_word' id='word_1_409' title='bbox 81 4082 277 4166; x_wconf 92' lang='lat' dir='ltr'>plerumque</span> <span class='ocrx_word' id='word_1_410' title='bbox 301 4081 433 4164; x_wconf 89' lang='lat' dir='ltr'>negotia</span> <span class='ocrx_word' id='word_1_411' title='bbox 456 4083 647 4165; x_wconf 90' lang='lat' dir='ltr'>perpetuari</span> <span class='ocrx_word' id='word_1_412' title='bbox 670 4081 791 4146; x_wconf 90' lang='lat' dir='ltr'>litteris</span> <span class='ocrx_word' id='word_1_413' title='bbox 815 4085 848 4146; x_wconf 92' lang='lat' dir='ltr'>et</span> <span class='ocrx_word' id='word_1_414' title='bbox 870 4083 1005 4146; x_wconf 88' lang='lat' dir='ltr'>testium</span> <span class='ocrx_word' id='word_1_415' title='bbox 1028 4083 1228 4164; x_wconf 87' lang='lat' dir='ltr'>nominibus,</span> <span class='ocrx_word' id='word_1_416' title='bbox 1252 4086 1289 4148; x_wconf 93' lang='lat' dir='ltr'>ut</span> <span class='ocrx_word' id='word_1_417' title='bbox 1312 4083 1401 4147; x_wconf 92' lang='lat' dir='ltr'>omni</span> <span class='ocrx_word' id='word_1_418' title='bbox 1425 4084 1667 4149; x_wconf 90' lang='lat' dir='ltr'>dissentionum</span> <span class='ocrx_word' id='word_1_419' title='bbox 1691 4085 1831 4149; x_wconf 88' lang='lat' dir='ltr'>materia</span> <span class='ocrx_word' id='word_1_420' title='bbox 1854 4085 2102 4169; x_wconf 89' lang='lat' dir='ltr'>circumscripta</span> 
     </span>
     <span class='ocr_line' id='line_1_34' title="bbox 82 4187 2101 4274; baseline 0.004 -24"><span class='ocrx_word' id='word_1_421' title='bbox 82 4187 228 4254; x_wconf 90' lang='lat' dir='ltr'>homines</span> <span class='ocrx_word' id='word_1_422' title='bbox 265 4207 348 4271; x_wconf 93' lang='lat' dir='ltr'>pace</span> <span class='ocrx_word' id='word_1_423' title='bbox 381 4187 549 4270; x_wconf 87' lang='lat' dir='ltr'>gaudeant</span> <span class='ocrx_word' id='word_1_424' title='bbox 576 4190 609 4252; x_wconf 93' lang='lat' dir='ltr'>et</span> <span class='ocrx_word' id='word_1_425' title='bbox 638 4188 761 4272; x_wconf 91' lang='lat' dir='ltr'>quiete.</span> <span class='ocrx_word' id='word_1_426' title='bbox 808 4188 988 4274; x_wconf 74' lang='lat' dir='ltr'>Proinde2)</span> <span class='ocrx_word' id='word_1_427' title='bbox 1018 4189 1061 4254; x_wconf 92' lang='lat' dir='ltr'>ad</span> <span class='ocrx_word' id='word_1_428' title='bbox 1091 4187 1245 4253; x_wconf 87' lang='lat' dir='ltr'>notitiam</span> <span class='ocrx_word' id='word_1_429' title='bbox 1272 4193 1340 4254; x_wconf 91' lang='lat' dir='ltr'>tam</span> <span class='ocrx_word' id='word_1_430' title='bbox 1373 4189 1559 4254; x_wconf 87' lang='lat' dir='ltr'>futurorum</span> <span class='ocrx_word' id='word_1_431' title='bbox 1593 4209 1695 4273; x_wconf 89' lang='lat' dir='ltr'>quarn</span> <span class='ocrx_word' id='word_1_432' title='bbox 1716 4191 1923 4273; x_wconf 90' lang='lat' dir='ltr'>presentium</span> <span class='ocrx_word' id='word_1_433' title='bbox 1946 4193 2101 4258; x_wconf 90' lang='lat' dir='ltr'>volumus</span> 
     </span>
     <span class='ocr_line' id='line_1_35' title="bbox 83 4294 2101 4380; baseline 0.003 -24"><span class='ocrx_word' id='word_1_434' title='bbox 83 4295 265 4375; x_wconf 89' lang='lat' dir='ltr'>pervenire,</span> <span class='ocrx_word' id='word_1_435' title='bbox 292 4295 384 4377; x_wconf 90' lang='lat' dir='ltr'>quod</span> <span class='ocrx_word' id='word_1_436' title='bbox 408 4313 468 4358; x_wconf 91' lang='lat' dir='ltr'>nos</span> <span class='ocrx_word' id='word_1_437' title='bbox 492 4294 534 4358; x_wconf 89' lang='lat' dir='ltr'>de</span> <span class='ocrx_word' id='word_1_438' title='bbox 558 4295 725 4360; x_wconf 91' lang='lat' dir='ltr'>communi</span> <span class='ocrx_word' id='word_1_439' title='bbox 749 4295 886 4361; x_wconf 92' lang='lat' dir='ltr'>consilio</span> <span class='ocrx_word' id='word_1_440' title='bbox 911 4299 945 4360; x_wconf 90' lang='lat' dir='ltr'>et</span> <span class='ocrx_word' id='word_1_441' title='bbox 967 4315 1132 4362; x_wconf 88' lang='lat' dir='ltr'>consensu</span> <span class='ocrx_word' id='word_1_442' title='bbox 1160 4300 1230 4360; x_wconf 90' lang='lat' dir='ltr'>tam</span> <span class='ocrx_word' id='word_1_443' title='bbox 1253 4299 1364 4362; x_wconf 89' lang='lat' dir='ltr'>nostre</span> <span class='ocrx_word' id='word_1_444' title='bbox 1387 4295 1523 4362; x_wconf 89' lang='lat' dir='ltr'>maioris</span> <span class='ocrx_word' id='word_1_445' title='bbox 1547 4296 1685 4361; x_wconf 89' lang='lat' dir='ltr'>ecclesie</span> <span class='ocrx_word' id='word_1_446' title='bbox 1715 4297 1854 4379; x_wconf 88' lang='lat' dir='ltr'>capituli</span> <span class='ocrx_word' id='word_1_447' title='bbox 1877 4317 1977 4380; x_wconf 91' lang='lat' dir='ltr'>quam</span> <span class='ocrx_word' id='word_1_448' title='bbox 2001 4299 2101 4363; x_wconf 81' lang='lat' dir='ltr'>nuni-</span> 
     </span>
     <span class='ocr_line' id='line_1_36' title="bbox 83 4401 2099 4489; baseline 0.004 -28"><span class='ocrx_word' id='word_1_449' title='bbox 83 4401 262 4465; x_wconf 87' lang='lat' dir='ltr'>sterialium</span> <span class='ocrx_word' id='word_1_450' title='bbox 296 4403 488 4466; x_wconf 86' lang='lat' dir='ltr'>nostrorum</span> <span class='ocrx_word' id='word_1_451' title='bbox 516 4401 687 4485; x_wconf 72' lang='lat' dir='ltr'>urgentel)</span> <span class='ocrx_word' id='word_1_452' title='bbox 722 4401 872 4466; x_wconf 90' lang='lat' dir='ltr'>eiusdem</span> <span class='ocrx_word' id='word_1_453' title='bbox 900 4401 1038 4467; x_wconf 91' lang='lat' dir='ltr'>ecclesie</span> <span class='ocrx_word' id='word_1_454' title='bbox 1061 4402 1258 4467; x_wconf 84' lang='lat' dir='ltr'>necessitate</span> <span class='ocrx_word' id='word_1_455' title='bbox 1281 4402 1409 4468; x_wconf 92' lang='lat' dir='ltr'>inducti</span> <span class='ocrx_word' id='word_1_456' title='bbox 1434 4401 1548 4468; x_wconf 89' lang='lat' dir='ltr'>liberis</span> <span class='ocrx_word' id='word_1_457' title='bbox 1571 4402 1761 4467; x_wconf 91' lang='lat' dir='ltr'>hominibus</span> <span class='ocrx_word' id='word_1_458' title='bbox 1785 4403 1828 4468; x_wconf 87' lang='lat' dir='ltr'>de</span> <span class='ocrx_word' id='word_1_459' title='bbox 1851 4404 2007 4488; x_wconf 89' lang='lat' dir='ltr'>Bordere,</span> <span class='ocrx_word' id='word_1_460' title='bbox 2042 4407 2099 4489; x_wconf 92' lang='lat' dir='ltr'>qui</span> 
     </span>
     <span class='ocr_line' id='line_1_37' title="bbox 83 4505 2100 4591; baseline 0.004 -23"><span class='ocrx_word' id='word_1_461' title='bbox 83 4525 115 4568; x_wconf 90' lang='lat' dir='ltr'>se</span> <span class='ocrx_word' id='word_1_462' title='bbox 137 4526 211 4571; x_wconf 91' lang='lat' dir='ltr'>curn</span> <span class='ocrx_word' id='word_1_463' title='bbox 238 4505 308 4570; x_wconf 90' lang='lat' dir='ltr'>suis</span> <span class='ocrx_word' id='word_1_464' title='bbox 332 4506 491 4571; x_wconf 83' lang='lat' dir='ltr'>uxoribus</span> <span class='ocrx_word' id='word_1_465' title='bbox 515 4510 549 4572; x_wconf 90' lang='lat' dir='ltr'>et</span> <span class='ocrx_word' id='word_1_466' title='bbox 571 4507 693 4589; x_wconf 85' lang='lat' dir='ltr'>liberis,</span> <span class='ocrx_word' id='word_1_467' title='bbox 728 4507 826 4572; x_wconf 90' lang='lat' dir='ltr'>bonis</span> <span class='ocrx_word' id='word_1_468' title='bbox 850 4527 983 4591; x_wconf 90' lang='lat' dir='ltr'>quoque</span> <span class='ocrx_word' id='word_1_469' title='bbox 1007 4508 1170 4574; x_wconf 90' lang='lat' dir='ltr'>universis</span> <span class='ocrx_word' id='word_1_470' title='bbox 1198 4529 1265 4590; x_wconf 93' lang='lat' dir='ltr'>que</span> <span class='ocrx_word' id='word_1_471' title='bbox 1288 4509 1458 4573; x_wconf 90' lang='lat' dir='ltr'>habebant</span> <span class='ocrx_word' id='word_1_472' title='bbox 1491 4528 1566 4573; x_wconf 90' lang='lat' dir='ltr'>cum</span> <span class='ocrx_word' id='word_1_473' title='bbox 1590 4509 1752 4573; x_wconf 89' lang='lat' dir='ltr'>heredum</span> <span class='ocrx_word' id='word_1_474' title='bbox 1775 4529 1911 4574; x_wconf 92' lang='lat' dir='ltr'>suorum</span> <span class='ocrx_word' id='word_1_475' title='bbox 1934 4529 2100 4577; x_wconf 90' lang='lat' dir='ltr'>consensu</span> 
     </span>
     <span class='ocr_line' id='line_1_38' title="bbox 83 4611 2100 4698; baseline 0.004 -24"><span class='ocrx_word' id='word_1_476' title='bbox 83 4615 113 4675; x_wconf 91' lang='lat' dir='ltr'>et</span> <span class='ocrx_word' id='word_1_477' title='bbox 140 4611 385 4678; x_wconf 89' lang='lat' dir='ltr'>collaudatione</span> <span class='ocrx_word' id='word_1_478' title='bbox 419 4612 485 4677; x_wconf 89' lang='lat' dir='ltr'>iam</span> <span class='ocrx_word' id='word_1_479' title='bbox 521 4613 606 4678; x_wconf 90' lang='lat' dir='ltr'>dicte</span> <span class='ocrx_word' id='word_1_480' title='bbox 640 4613 777 4679; x_wconf 90' lang='lat' dir='ltr'>ecclesie</span> <span class='ocrx_word' id='word_1_481' title='bbox 810 4616 933 4694; x_wconf 91' lang='lat' dir='ltr'>nostre,</span> <span class='ocrx_word' id='word_1_482' title='bbox 968 4618 1007 4678; x_wconf 90' lang='lat' dir='ltr'>ut</span> <span class='ocrx_word' id='word_1_483' title='bbox 1029 4633 1106 4679; x_wconf 91' lang='lat' dir='ltr'>cum</span> <span class='ocrx_word' id='word_1_484' title='bbox 1128 4615 1309 4697; x_wconf 83' lang='lat' dir='ltr'>pretaxatis</span> <span class='ocrx_word' id='word_1_485' title='bbox 1336 4614 1433 4680; x_wconf 92' lang='lat' dir='ltr'>bonis</span> <span class='ocrx_word' id='word_1_486' title='bbox 1456 4617 1491 4680; x_wconf 91' lang='lat' dir='ltr'>et</span> <span class='ocrx_word' id='word_1_487' title='bbox 1514 4617 1667 4698; x_wconf 90' lang='lat' dir='ltr'>personis</span> <span class='ocrx_word' id='word_1_488' title='bbox 1692 4615 1736 4679; x_wconf 91' lang='lat' dir='ltr'>ad</span> <span class='ocrx_word' id='word_1_489' title='bbox 1758 4613 1809 4679; x_wconf 90' lang='lat' dir='ltr'>ius</span> <span class='ocrx_word' id='word_1_490' title='bbox 1833 4615 2100 4682; x_wconf 91' lang='lat' dir='ltr'>ministerialium</span> 
     </span>
     <span class='ocr_line' id='line_1_39' title="bbox 83 4719 2099 4804; baseline 0.005 -25"><span class='ocrx_word' id='word_1_491' title='bbox 83 4719 319 4800; x_wconf 88' lang='lat' dir='ltr'>reciperentur,</span> <span class='ocrx_word' id='word_1_492' title='bbox 354 4719 555 4784; x_wconf 88' lang='lat' dir='ltr'>unanimiter</span> <span class='ocrx_word' id='word_1_493' title='bbox 588 4721 811 4801; x_wconf 76' lang='lat' dir='ltr'>contulerunt,</span> <span class='ocrx_word' id='word_1_494' title='bbox 845 4720 934 4786; x_wconf 91' lang='lat' dir='ltr'>idem</span> <span class='ocrx_word' id='word_1_495' title='bbox 956 4721 1008 4784; x_wconf 89' lang='lat' dir='ltr'>ius</span> <span class='ocrx_word' id='word_1_496' title='bbox 1032 4721 1169 4803; x_wconf 87' lang='lat' dir='ltr'>prefatis</span> <span class='ocrx_word' id='word_1_497' title='bbox 1192 4722 1261 4785; x_wconf 87' lang='lat' dir='ltr'>tam</span> <span class='ocrx_word' id='word_1_498' title='bbox 1283 4720 1429 4804; x_wconf 90' lang='lat' dir='ltr'>capitulo</span> <span class='ocrx_word' id='word_1_499' title='bbox 1453 4741 1554 4804; x_wconf 89' lang='lat' dir='ltr'>quam</span> <span class='ocrx_word' id='word_1_500' title='bbox 1576 4721 1850 4787; x_wconf 86' lang='lat' dir='ltr'>ministerialibus</span> <span class='ocrx_word' id='word_1_501' title='bbox 1873 4723 1997 4788; x_wconf 90' lang='lat' dir='ltr'>nostris</span> <span class='ocrx_word' id='word_1_502' title='bbox 2021 4743 2099 4790; x_wconf 89' lang='lat' dir='ltr'>con-</span> 
     </span>
     <span class='ocr_line' id='line_1_40' title="bbox 83 4823 2099 4913; baseline 0.004 -27"><span class='ocrx_word' id='word_1_503' title='bbox 83 4823 302 4890; x_wconf 87' lang='lat' dir='ltr'>sentientibus</span> <span class='ocrx_word' id='word_1_504' title='bbox 325 4826 359 4889; x_wconf 91' lang='lat' dir='ltr'>et</span> <span class='ocrx_word' id='word_1_505' title='bbox 381 4825 416 4888; x_wconf 92' lang='lat' dir='ltr'>id</span> <span class='ocrx_word' id='word_1_506' title='bbox 439 4823 511 4888; x_wconf 84' lang='lat' dir='ltr'>fieri</span> <span class='ocrx_word' id='word_1_507' title='bbox 534 4826 749 4908; x_wconf 89' lang='lat' dir='ltr'>cupientibus</span> <span class='ocrx_word' id='word_1_508' title='bbox 773 4825 925 4891; x_wconf 69' lang='lat' dir='ltr'>dummus</span> <span class='ocrx_word' id='word_1_509' title='bbox 949 4827 1210 4908; x_wconf 90' lang='lat' dir='ltr'>concedendum,</span> <span class='ocrx_word' id='word_1_510' title='bbox 1235 4846 1431 4892; x_wconf 91' lang='lat' dir='ltr'>concessum</span> <span class='ocrx_word' id='word_1_511' title='bbox 1454 4847 1493 4892; x_wconf 91' lang='lat' dir='ltr'>ac</span> <span class='ocrx_word' id='word_1_512' title='bbox 1515 4827 1721 4910; x_wconf 89' lang='lat' dir='ltr'>recognitum</span> <span class='ocrx_word' id='word_1_513' title='bbox 1743 4830 1812 4892; x_wconf 89' lang='lat' dir='ltr'>tam</span> <span class='ocrx_word' id='word_1_514' title='bbox 1835 4829 1974 4894; x_wconf 89' lang='lat' dir='ltr'>anobis</span> <span class='ocrx_word' id='word_1_515' title='bbox 1998 4850 2099 4913; x_wconf 92' lang='lat' dir='ltr'>quam</span> 
     </span>
     <span class='ocr_line' id='line_1_41' title="bbox 83 4929 2100 5019; baseline 0.004 -25"><span class='ocrx_word' id='word_1_516' title='bbox 83 4929 120 4994; x_wconf 86' lang='lat' dir='ltr'>ah</span> <span class='ocrx_word' id='word_1_517' title='bbox 143 4932 301 4996; x_wconf 89' lang='lat' dir='ltr'>omnibus</span> <span class='ocrx_word' id='word_1_518' title='bbox 324 4931 524 5012; x_wconf 91' lang='lat' dir='ltr'>memoratis,</span> <span class='ocrx_word' id='word_1_519' title='bbox 547 4931 781 4997; x_wconf 91' lang='lat' dir='ltr'>nichilominus</span> <span class='ocrx_word' id='word_1_520' title='bbox 804 4931 1016 5016; x_wconf 89' lang='lat' dir='ltr'>presentibus</span> <span class='ocrx_word' id='word_1_521' title='bbox 1039 4932 1277 4998; x_wconf 89' lang='lat' dir='ltr'>confirmantes</span> <span class='ocrx_word' id='word_1_522' title='bbox 1300 4952 1339 4998; x_wconf 91' lang='lat' dir='ltr'>ac</span> <span class='ocrx_word' id='word_1_523' title='bbox 1363 4933 1588 5012; x_wconf 90' lang='lat' dir='ltr'>decernentes,</span> <span class='ocrx_word' id='word_1_524' title='bbox 1611 4934 1704 5016; x_wconf 92' lang='lat' dir='ltr'>ipsos</span> <span class='ocrx_word' id='word_1_525' title='bbox 1727 4933 1798 4999; x_wconf 85' lang='lat' dir='ltr'>fore</span> <span class='ocrx_word' id='word_1_526' title='bbox 1822 4933 1979 5019; x_wconf 86' lang='lat' dir='ltr'>deinceps</span> <span class='ocrx_word' id='word_1_527' title='bbox 2001 4937 2100 5002; x_wconf 92' lang='lat' dir='ltr'>mini·</span> 
     </span>
     <span class='ocr_line' id='line_1_42' title="bbox 84 5035 2099 5124; baseline 0.006 -28"><span class='ocrx_word' id='word_1_528' title='bbox 84 5035 228 5100; x_wconf 89' lang='lat' dir='ltr'>steriales</span> <span class='ocrx_word' id='word_1_529' title='bbox 264 5036 402 5101; x_wconf 91' lang='lat' dir='ltr'>ecclesie</span> <span class='ocrx_word' id='word_1_530' title='bbox 438 5040 552 5103; x_wconf 91' lang='lat' dir='ltr'>nostre</span> <span class='ocrx_word' id='word_1_531' title='bbox 588 5040 787 5122; x_wconf 88' lang='lat' dir='ltr'>nostrosque</span> <span class='ocrx_word' id='word_1_532' title='bbox 820 5042 853 5104; x_wconf 91' lang='lat' dir='ltr'>et</span> <span class='ocrx_word' id='word_1_533' title='bbox 885 5038 1127 5122; x_wconf 89' lang='lat' dir='ltr'>episcopomm,</span> <span class='ocrx_word' id='word_1_534' title='bbox 1162 5040 1220 5122; x_wconf 91' lang='lat' dir='ltr'>qui</span> <span class='ocrx_word' id='word_1_535' title='bbox 1251 5057 1312 5122; x_wconf 90' lang='lat' dir='ltr'>pro</span> <span class='ocrx_word' id='word_1_536' title='bbox 1348 5043 1498 5124; x_wconf 92' lang='lat' dir='ltr'>tempore</span> <span class='ocrx_word' id='word_1_537' title='bbox 1532 5039 1697 5105; x_wconf 90' lang='lat' dir='ltr'>Mindensi</span> <span class='ocrx_word' id='word_1_538' title='bbox 1732 5040 1870 5106; x_wconf 89' lang='lat' dir='ltr'>ecclesie</span> <span class='ocrx_word' id='word_1_539' title='bbox 1904 5043 2099 5124; x_wconf 88' lang='lat' dir='ltr'>prefuerint,</span> 
     </span>
    </p>
   </div>
   <div class='ocr_carea' id='block_1_9' title="bbox 82 5137 2100 5550">
    <p class='ocr_par' dir='ltr' id='par_1_9' title="bbox 82 5137 2100 5550">
     <span class='ocr_line' id='line_1_43' title="bbox 82 5137 2099 5229; baseline 0.004 -25"><span class='ocrx_word' id='word_1_540' title='bbox 82 5137 314 5227; x_wconf 76' lang='lat' dir='ltr'>feodatarios4)</span> <span class='ocrx_word' id='word_1_541' title='bbox 349 5162 410 5225; x_wconf 94' lang='lat' dir='ltr'>pro</span> <span class='ocrx_word' id='word_1_542' title='bbox 444 5145 514 5210; x_wconf 90' lang='lat' dir='ltr'>suis</span> <span class='ocrx_word' id='word_1_543' title='bbox 549 5144 675 5227; x_wconf 91' lang='lat' dir='ltr'>prediis</span> <span class='ocrx_word' id='word_1_544' title='bbox 710 5145 921 5229; x_wconf 72' lang='lat' dir='ltr'>supradictis</span> <span class='ocrx_word' id='word_1_545' title='bbox 957 5165 1022 5228; x_wconf 90' lang='lat' dir='ltr'>que</span> <span class='ocrx_word' id='word_1_546' title='bbox 1049 5145 1132 5228; x_wconf 91' lang='lat' dir='ltr'>ipsis</span> <span class='ocrx_word' id='word_1_547' title='bbox 1161 5147 1260 5210; x_wconf 90' lang='lat' dir='ltr'>erunt</span> <span class='ocrx_word' id='word_1_548' title='bbox 1287 5146 1360 5210; x_wconf 90' lang='lat' dir='ltr'>sine</span> <span class='ocrx_word' id='word_1_549' title='bbox 1393 5145 1484 5210; x_wconf 90' lang='lat' dir='ltr'>omni</span> <span class='ocrx_word' id='word_1_550' title='bbox 1513 5145 1667 5211; x_wconf 89' lang='lat' dir='ltr'>molestia</span> <span class='ocrx_word' id='word_1_551' title='bbox 1689 5149 1726 5211; x_wconf 91' lang='lat' dir='ltr'>et</span> <span class='ocrx_word' id='word_1_552' title='bbox 1748 5147 2008 5214; x_wconf 89' lang='lat' dir='ltr'>contradictione</span> <span class='ocrx_word' id='word_1_553' title='bbox 2037 5168 2099 5214; x_wconf 91' lang='lat' dir='ltr'>suo</span> 
     </span>
     <span class='ocr_line' id='line_1_44' title="bbox 82 5248 2100 5334; baseline 0.005 -25"><span class='ocrx_word' id='word_1_554' title='bbox 82 5248 228 5330; x_wconf 90' lang='lat' dir='ltr'>tempore</span> <span class='ocrx_word' id='word_1_555' title='bbox 252 5268 272 5314; x_wconf 92' lang='lat' dir='ltr'>a</span> <span class='ocrx_word' id='word_1_556' title='bbox 295 5249 391 5314; x_wconf 90' lang='lat' dir='ltr'>nobis</span> <span class='ocrx_word' id='word_1_557' title='bbox 414 5252 448 5315; x_wconf 88' lang='lat' dir='ltr'>et</span> <span class='ocrx_word' id='word_1_558' title='bbox 472 5252 514 5316; x_wconf 91' lang='lat' dir='ltr'>ab</span> <span class='ocrx_word' id='word_1_559' title='bbox 539 5252 666 5317; x_wconf 89' lang='lat' dir='ltr'>eisdem</span> <span class='ocrx_word' id='word_1_560' title='bbox 690 5251 855 5334; x_wconf 90' lang='lat' dir='ltr'>episcopis</span> <span class='ocrx_word' id='word_1_561' title='bbox 878 5251 965 5316; x_wconf 90' lang='lat' dir='ltr'>sicut</span> <span class='ocrx_word' id='word_1_562' title='bbox 987 5251 1060 5316; x_wconf 92' lang='lat' dir='ltr'>aliis</span> <span class='ocrx_word' id='word_1_563' title='bbox 1084 5251 1222 5317; x_wconf 90' lang='lat' dir='ltr'>ecclesie</span> <span class='ocrx_word' id='word_1_564' title='bbox 1246 5253 1360 5316; x_wconf 89' lang='lat' dir='ltr'>nostre</span> <span class='ocrx_word' id='word_1_565' title='bbox 1376 5251 1648 5317; x_wconf 90' lang='lat' dir='ltr'>ministerialibus</span> <span class='ocrx_word' id='word_1_566' title='bbox 1665 5253 1887 5319; x_wconf 90' lang='lat' dir='ltr'>concedenda.</span> <span class='ocrx_word' id='word_1_567' title='bbox 1928 5255 1972 5320; x_wconf 92' lang='lat' dir='ltr'>Ut</span> <span class='ocrx_word' id='word_1_568' title='bbox 1987 5256 2100 5320; x_wconf 90' lang='lat' dir='ltr'>autem</span> 
     </span>
     <span class='ocr_line' id='line_1_45' title="bbox 82 5352 2099 5441; baseline 0.004 -25"><span class='ocrx_word' id='word_1_569' title='bbox 82 5352 139 5417; x_wconf 89' lang='lat' dir='ltr'>hec</span> <span class='ocrx_word' id='word_1_570' title='bbox 165 5354 330 5437; x_wconf 88' lang='lat' dir='ltr'>premissa</span> <span class='ocrx_word' id='word_1_571' title='bbox 362 5356 592 5438; x_wconf 87' lang='lat' dir='ltr'>benigniorem</span> <span class='ocrx_word' id='word_1_572' title='bbox 626 5357 826 5422; x_wconf 88' lang='lat' dir='ltr'>sortirentur</span> <span class='ocrx_word' id='word_1_573' title='bbox 859 5357 1024 5433; x_wconf 83' lang='lat' dir='ltr'>effectum,</span> <span class='ocrx_word' id='word_1_574' title='bbox 1058 5357 1241 5441; x_wconf 86' lang='lat' dir='ltr'>nonaginta</span> <span class='ocrx_word' id='word_1_575' title='bbox 1273 5377 1401 5438; x_wconf 85' lang='lat' dir='ltr'>marcas</span> <span class='ocrx_word' id='word_1_576' title='bbox 1436 5358 1478 5424; x_wconf 95' lang='lat' dir='ltr'>ad</span> <span class='ocrx_word' id='word_1_577' title='bbox 1506 5358 1707 5424; x_wconf 89' lang='lat' dir='ltr'>solutionem</span> <span class='ocrx_word' id='word_1_578' title='bbox 1743 5359 1929 5426; x_wconf 87' lang='lat' dir='ltr'>debitorum</span> <span class='ocrx_word' id='word_1_579' title='bbox 1960 5360 2099 5425; x_wconf 89' lang='lat' dir='ltr'>ecclesie</span> 
     </span>
     <span class='ocr_line' id='line_1_46' title="bbox 83 5461 2099 5550; baseline 0.005 -30"><span class='ocrx_word' id='word_1_580' title='bbox 83 5462 191 5524; x_wconf 88' lang='lat' dir='ltr'>nostre</span> <span class='ocrx_word' id='word_1_581' title='bbox 211 5461 398 5544; x_wconf 91' lang='lat' dir='ltr'>recepimus</span> <span class='ocrx_word' id='word_1_582' title='bbox 414 5463 508 5528; x_wconf 89' lang='lat' dir='ltr'>datas</span> <span class='ocrx_word' id='word_1_583' title='bbox 533 5463 714 5530; x_wconf 90' lang='lat' dir='ltr'>liberaliter</span> <span class='ocrx_word' id='word_1_584' title='bbox 737 5465 778 5530; x_wconf 84' lang='lat' dir='ltr'>ab</span> <span class='ocrx_word' id='word_1_585' title='bbox 802 5464 937 5530; x_wconf 89' lang='lat' dir='ltr'>eisdem.</span> <span class='ocrx_word' id='word_1_586' title='bbox 983 5465 1070 5529; x_wconf 87' lang='lat' dir='ltr'>Rata</span> <span class='ocrx_word' id='word_1_587' title='bbox 1091 5464 1191 5547; x_wconf 86' lang='lat' dir='ltr'>igitur</span> <span class='ocrx_word' id='word_1_588' title='bbox 1213 5468 1247 5530; x_wconf 88' lang='lat' dir='ltr'>et</span> <span class='ocrx_word' id='word_1_589' title='bbox 1268 5463 1474 5546; x_wconf 89' lang='lat' dir='ltr'>inconvulsa,</span> <span class='ocrx_word' id='word_1_590' title='bbox 1497 5484 1572 5530; x_wconf 91' lang='lat' dir='ltr'>cum</span> <span class='ocrx_word' id='word_1_591' title='bbox 1597 5465 1659 5530; x_wconf 91' lang='lat' dir='ltr'>rite</span> <span class='ocrx_word' id='word_1_592' title='bbox 1682 5467 1925 5550; x_wconf 87' lang='lat' dir='ltr'>processerunt,</span> <span class='ocrx_word' id='word_1_593' title='bbox 1948 5467 2099 5533; x_wconf 87' lang='lat' dir='ltr'>volentes</span> 
     </span>
    </p>
   </div>
   <div class='ocr_carea' id='block_1_10' title="bbox 1817 5590 1883 5654">
    <p class='ocr_par' dir='ltr' id='par_1_10' title="bbox 1817 5590 1883 5654">
     <span class='ocr_line' id='line_1_47' title="bbox 1817 5590 1883 5654; baseline 0 0"><span class='ocrx_word' id='word_1_594' title='bbox 1817 5590 1883 5654; x_wconf 66' lang='lat'>26*</span> 
     </span>
    </p>
   </div>
   <div class='ocr_carea' id='block_1_11' title="bbox 0 0 2534 6788">
    <p class='ocr_par' dir='ltr' id='par_1_11' title="bbox 0 0 2534 6788">
     <span class='ocr_line' id='line_1_48' title="bbox 0 0 2534 6788; baseline 0 0"><span class='ocrx_word' id='word_1_595' title='bbox 0 0 2534 6788; x_wconf 95' lang='lat' dir='ltr'> </span> 
     </span>
    </p>
   </div>
  </div>
 </body>
</html>
