5174 6798
1111 469 1177 524 1221
2114 458 2160 522 09

241 668 446 753 C(onradus)
474 664 535 731 Dei
564 665 669 747 gratia
699 663 961 730 Hildesemensis
971 663 995 744 ¹)
1029 663 1219 746 episcopus,
1250 663 1529 750 W(illebrandus)
1559 664 1750 749 prepositus
1778 665 1985 752 C(onradus)
2013 669 2159 734 decanus

127 775 314 857 ‘totumque
336 773 486 840 eiusdem
510 770 648 837 ecclesie
673 771 855 855 capitulum
878 770 1033 837 omnibus
1049 770 1099 848 ,ad
1121 789 1207 853 quos
1230 771 1294 834 hoc
1317 788 1455 853 presens
1478 772 1640 855 scriptum
1662 773 1851 855 pervenerit
1873 773 2015 852 salutem
2029 775 2065 838 in
2079 759 2160 841 vero

128 880 282 946 salutari.
329 879 445 944 Abbas
469 879 502 942 et
525 877 643 942 fratres
666 877 772 942 sancti
795 876 987 942 Godehardi
1016 876 1213 942 auctoritate
1242 876 1410 942 alienandi
1432 898 1453 942 a
1475 877 1573 941 nobis
1597 879 1734 960 accepta
1757 879 1926 961 quoddam
1949 880 2101 964 predium
2124 881 2160 945 in

130 986 301 1051 Herledhe
331 983 476 1050 dominis
507 985 539 1048 et
568 982 726 1047 fratribus
756 982 880 1048 nostris
903 982 1131 1048 Mindensibus
1159 1002 1221 1066 pro
1250 983 1401 1048 ducentis
1423 984 1544 1048 marcis
1567 984 1790 1049 vendiderunt
1813 1005 1889 1050 cum
1912 986 2067 1052 onuribus
2089 986 2159 1051 suis

131 1091 360 1176 pertinenciis,
392 1092 457 1155 hoc
484 1092 535 1154 est
566 1089 662 1169 areis,
699 1088 847 1170 edificiis
881 1088 1067 1172 mancipiis,
1094 1089 1193 1153 terris
1223 1087 1319 1153 cultis
1348 1091 1380 1153 et
1406 1089 1549 1170 incultis,
1569 1089 1676 1172 agris,
1710 1090 1825 1174 pratis,
1854 1091 1997 1174 pascuis,
2021 1094 2158 1176 campis,

131 1197 270 1282 silvisi),
294 1197 389 1280 aquis
414 1198 546 1260 etcum
570 1194 661 1259 omni
683 1195 755 1260 iure
779 1197 813 1258 et
834 1195 988 1274 utilitate,
1013 1214 1078 1276 que
1102 1192 1171 1258 ullo
1194 1194 1295 1258 modo
1318 1195 1397 1259 inde
1420 1193 1578 1280 poteritss)
1600 1195 1786 1278 provenire,
1822 1197 1857 1262 in
1881 1198 2054 1281 proprium
2079 1219 2159 1262 con·

131 1304 356 1384 donaverunt,
380 1303 486 1366 libera
507 1301 611 1367 eciam
634 1301 752 1367 eadem
776 1301 865 1366 bona
888 1300 930 1366 ab
954 1300 1044 1366 omni
1067 1300 1138 1364 iure
1162 1300 1337 1365 advocacie
1361 1301 1534 1382 dederunt,
1559 1302 1596 1365 ut
1612 1300 1749 1367 ecclesia
1764 1303 1945 1368 Mindensis
1960 1305 2160 1387 potestatem

131 1408 258 1474 habeat
291 1407 488 1494 quidquidt)
523 1407 686 1490 placuerit
721 1408 762 1471 de
788 1407 871 1490 ipsis
899 1407 940 1471 ad
969 1406 1145 1472 utilitatem
1173 1407 1344 1491 propriam
1374 1405 1593 1494 ordinandi5).
1649 1409 1721 1473 Hec
1748 1412 1822 1474 acta
1848 1412 1928 1474 sunt
1952 1410 1988 1473 in
2015 1410 2159 1493 capitulo

131 1519 262 1597 nostro,
299 1516 332 1579 et
363 1515 462 1579 huius
490 1513 539 1578 rei
566 1513 794 1578 testimonium
832 1513 1048 1596 perhibemus
1078 1532 1167 1577 anno
1195 1511 1438 1577 incarnacionis
1467 1513 1631 1577 dominice
1664 1513 1881 1580 M⁰CC⁰XXI⁰.
1926 1516 1981 1580 Ad
2009 1516 2160 1581 eiusdem

130 1622 238 1686 eciam
269 1621 317 1685 rei
344 1621 504 1686 maiorem
534 1620 785 1686 observanciam
816 1618 883 1703 et⁶)
915 1619 1225 1685 corroboracionem
1253 1637 1403 1700 appensa
1433 1621 1511 1683 sunt
1541 1619 1647 1701 sigilla
1674 1621 1780 1684 sancti
1803 1620 1971 1686 Michaelis
1999 1624 2032 1686 et
2054 1623 2159 1688 sancti

131 1727 326 1793 Godehardi
350 1727 573 1792 ecclesiarum.

337 1821 642 1899 ¹¹)llildcnscmineasis
658 1832 690 1883 Α.
723 1831 746 1900 ²)
760 1831 836 1899 aquis
850 1829 924 1883 silvis
938 1829 969 1886 13.
1002 1828 1025 1900 ³)
1039 1833 1164 1898 poterunt
1178 1829 1211 1880 A.
1241 1829 1264 1896 ⁴)
1278 1829 1404 1898 quicquid
1417 1828 1449 1882 B.
1478 1830 1502 1897 ⁵)
1516 1831 1685 1883 convertendi
1700 1829 1731 1883 B.
1762 1831 1784 1900 ⁸)
1798 1831 1994 1885 observandam
2008 1836 2035 1885 ot
2039 1833 2113 1902 fehlt
2125 1832 2159 1886 A.

268 1935 357 2002 Noch
383 1939 439 2003 der
460 1937 622 2021 Absohmft
644 1938 697 2002 des
723 1937 773 2004 14.
799 1933 852 2001 ΙΙι.
876 1939 910 2000 ia
933 1936 1009 2000 Mac.
1040 1932 1114 2014 VH,
1137 1933 1236 2013 2401,
1263 1933 1298 2000 S.
1322 1934 1365 1999 45
1389 1935 1445 2022 (A)
1471 1937 1537 1999 und
1558 1937 1614 2010 der
1636 1938 1689 2001 des
1714 1933 1765 2001 16.
1788 1936 1839 2001 ΙΙι.
1864 1940 1898 2000 in
1921 1938 1997 2003 ilico.
2014 1935 2058 2017 II,
2084 1936 2158 2017 189,

349 2043 384 2110 S.
403 2042 446 2109 49
470 2044 530 2129 (B)
554 2047 598 2107 im
614 2043 688 2129 Kyl.
708 2041 814 2108 Sc-A.
834 2065 874 2106 zu
894 2042 1045 2106 Minatur.
1091 2040 1187 2106 Gedr.
1212 2033 1410 2123 Wardcuein,
1433 2039 1522 2106 Saba.
1540 2042 1615 2128 depol.
1639 2038 1691 2108 Vl.
1714 2040 1748 2106 8.
1764 2039 1840 2107 376.
1887 2041 2000 2130 Repe-ct
2021 2044 2097 2109 Meo.
2113 2043 2158 2123 ΙΙ,

349 2149 414 2215 189
438 2147 495 2216 Nr.
519 2147 595 2214 353.

1121 2310 1188 2386 99.

132 2439 240 2529 Grcf
262 2435 456 2512 Gottsclollc
483 2459 547 2509 ooo
576 2437 742 2526 Pyrmmcl
770 2437 942 2525 detondet,
977 2435 1060 2506 dosa
1095 2435 1282 2510 Widelc'od
1308 2435 1419 2507 Edler
1445 2457 1509 2506 ocu
1537 2435 1793 2526 Schwolecborp
1820 2437 1897 2510 dem
1925 2438 1984 2515 Kl.
2011 2438 2161 2510 Loccum

517 2543 626 2614 Galtcr
650 2549 802 2633 peccant
829 2541 1086 2614 Brodenhorst
1112 2541 1315 2632 dbcrtropco
1343 2541 1410 2612 hut.
1465 2546 1560 2614 1221
1587 2542 1783 2615 December.

268 2677 362 2744 Naol
384 2679 452 2743 dem
474 2678 553 2764 Kop.
571 2675 632 2756 ΙΙΙ,
659 2676 724 2743 130
748 2677 782 2742 S.
798 2675 844 2743 90
865 2681 909 2742 im
928 2677 1001 2763 1191.
1020 2675 1126 2741 sc-A.
1150 2698 1189 2740 zu
1211 2675 1378 2740 Hannooec·
1400 2676 1467 2740 uod
1488 2677 1556 2740 (133
1578 2675 1750 2742 Locccmea·
1771 2677 1852 2769 Kop.
1878 2677 1912 2743 S.
1928 2677 1996 2744 276
2017 2676 2078 2742 Nc.
2096 2679 2161 2746 400

345 2786 433 2871 pedr.
456 2808 482 2849 o.
511 2783 703 2871 Hodenberp,
730 2782 931 2877 Colmherpcr
958 2781 1029 2848 ΗΒ.
1054 2783 1151 2846 Acci.
1176 2779 1233 2844 ΙΙΙ
1261 2781 1295 2847 S.
1321 2782 1362 2845 41
1387 2780 1447 2847 Nr.
1472 2781 1525 2847 45.
1571 2783 1800 2850 Brodenhorst
1822 2788 1864 2848 iat
1886 2784 1935 2849 bei
1956 2785 2024 2850 dem
2045 2791 2160 2851 wacon

347 2891 518 2974 Meningen
547 2891 697 2955 zwiscdeu
730 2888 864 2954 Locoum
896 2889 963 2952 und
997 2886 1230 2973 Selilais-selburg}
1262 2911 1303 2952 zu
1336 2888 1458 2966 cuchen,
1496 2890 1558 2974 aql.
1593 2890 1642 2954 die
1676 2886 1755 2954 Nota
1786 2890 1805 2952 1
1840 2912 1879 2953 zu
1912 2915 1939 2955 o.
1969 2889 2157 2978 Hodeuberq

347 3019 377 3061 a.
402 3020 431 3061 a.
456 2994 494 3061 0.
518 2993 578 3062 Nc.
600 2994 632 3062 9.

128 3266 287 3357 Bischof
308 3267 459 3338 Kocrod
486 3289 550 3338 coc
580 3266 729 3337 Mindon
756 3265 926 3355 habundet,
954 3267 1038 3337 dass
1064 3156 1280 3356 000103ρεί
1307 3266 1367 3337 des
1396 3265 1457 3337 ΚΖ.
1482 3266 1676 3354 Ncnodorf
1696 3289 1761 3338 ooo
1788 3267 1854 3339 olen
1881 3268 2048 3340 Brclderu
2073 3269 2161 3341 Bloc

124 3381 232 3458 ,umor
270 3373 554 3464 Eutschddipunp
595 3373 658 3444 cler
697 3359 856 3443 Abtissio
896 3372 1262 3568 desyelfflfrlieilasattmei
1270 3373 1336 3550 9ch
1363 3373 1514 3444 Mindon
1554 3374 1628 3444 cicc
1669 3373 1769 3462 Rufe
1809 3374 1847 3444 in
1884 3373 2159 3470 Patientborpe

242 3616 418 3680 Conradus
434 3615 497 3679 Dei
511 3615 617 3698 gratia
633 3615 814 3681 Mindensis
831 3614 1009 3696 epismpus
1027 3614 1190 3680 universis
1207 3615 1398 3697 presentem
1414 3615 1571 3697 paginam
1587 3615 1788 3698 inspecturis
1805 3614 1946 3680 salutem
1961 3615 1997 3679 in
2008 3616 2160 3682 Domino.

129 3722 187 3786 Ab
210 3721 360 3786 humana
388 3720 516 3785 facilius
545 3720 704 3785 labuntur
732 3720 902 3800 memoria,
936 3741 1001 3802 que
1026 3740 1088 3785 nec
1112 3721 1235 3806 scripto
1266 3741 1327 3785 nec
1355 3740 1435 3786 voce
1464 3721 1600 3785 testium
1630 3721 1902 3785 determinantur.
1949 3722 2163 3787 Universitati

132 3828 236 3910 igitur
258 3829 328 3891 tam
352 3847 582 3892 successorum
606 3846 707 3909 quarn
731 3827 967 3891 modernorum
991 3829 1106 3890 notum
1129 3826 1387 3908 essevolumus,
1411 3828 1503 3909 quod
1517 3827 1686 3891 Walterus
1701 3827 1893 3911 prepositus
1910 3829 1952 3892 de
1968 3829 2162 3911 Nenthorpe

128 3952 289 3998 mansum
318 3934 353 3996 in
382 3934 623 4015 Patienthorpe
658 3953 716 3997 sex
736 3932 869 3996 'solidos
899 3933 1109 3998 denariorum
1138 3933 1309 3998 annuatim
1340 3933 1523 3998 solventem
1547 3953 1566 3996 a
1589 3933 1794 3998 Theoderico
1815 3933 1896 3998 Bloc
1919 3935 1953 3998 et
1976 3934 2162 3999 Giselberto

129 4041 236 4106 fratre
261 4039 332 4104 eius
356 4059 417 4103 sue
440 4039 645 4121 comparavit
668 4038 818 4120 ecclesie,
847 4058 947 4121 quem
973 4039 1063 4104 idem
1093 4038 1211 4104 fratres
1241 4041 1282 4104 de
1305 4059 1407 4104 manu
1431 4039 1600 4104 abbatisse
1629 4042 1742 4104 sancte
1769 4039 1871 4105 Marie
1894 4041 1929 4103 in
1951 4041 2065 4104 Minda
2090 4041 2162 4104 iure

130 4145 261 4210 feodali
283 4147 475 4210 tenuerunt.
510 4144 556 4209 Ut
572 4146 685 4209 autern
701 4144 842 4210 ecclesia
857 4145 923 4210 iam
941 4145 1026 4210 dicte
1043 4145 1212 4210 abbatisse
1227 4147 1439 4228 permaneret
1453 4145 1654 4227 indempnis,
1671 4144 1907 4210 Helembertus
1924 4149 1958 4210 et
1972 4146 2162 4211 Alexander

132 4251 257 4316 fratres
280 4252 322 4315 de
346 4251 537 4316 Holihusen
565 4251 654 4316 bona
677 4251 712 4314 in
737 4250 820 4316 Lese
845 4251 918 4314 octo
942 4251 1067 4316 solidos
1091 4251 1305 4316 denariorum
1328 4252 1493 4317 solventia
1518 4270 1538 4314 3
1559 4251 1754 4316 Wastmodo
1778 4253 1812 4314 et
1835 4251 1979 4317 Geroldo
2005 4251 2162 4318 iratribus
2188 4323 2191 4330 ,

133 4359 180 4422 de
203 4358 454 4440 Magethevelde
478 4360 712 4440 comparantes
734 4357 769 4422 in
792 4357 1100 4439 recompensatione
1124 4377 1260 4422 mansus
1283 4358 1317 4421 in
1342 4359 1581 4439 Pattenthorpe
1605 4357 1713 4421 eidem
1737 4358 1874 4421 ecclesie
1898 4358 1932 4422 in
1947 4357 2060 4422 Minda
2083 4378 2163 4422 con·

128 4463 295 4527 tulerunt.
350 4463 436 4526 Acta
464 4465 543 4528 sunt
574 4465 637 4528 hec
666 4482 754 4527 anno
781 4461 1020 4527 incarnationis
1044 4462 1207 4528 dominice
1230 4462 1457 4545 M⁰CC⁰XX⁰I.,
1486 4463 1666 4528 indictione
1689 4461 1789 4543 v111·,
1820 4462 2033 4545 pontificatus
2056 4464 2163 4529 nostri

132 4588 225 4632 anno
248 4567 351 4633 Vlll⁰.
397 4568 441 4633 Ut
465 4570 577 4633 autem
600 4568 725 4634 lactum
747 4569 838 4633 istud
861 4568 1008 4633 valorem
1033 4570 1067 4633 et
1089 4569 1190 4633 robur
1212 4568 1361 4634 obtineat
1388 4568 1563 4650 firmitatis,
1595 4570 1787 4650 presentem
1815 4569 1971 4651 paginam
1998 4571 2163 4636 conscribi

130 4675 276 4740 fecimus
301 4677 334 4738 et
357 4674 455 4758 sigilli
478 4674 584 4738 nostri
608 4675 813 4759 appensione
837 4674 929 4740 illam
951 4674 1108 4740 iussimus
1131 4675 1336 4740 communiri.
1385 4675 1494 4739 Huius
1517 4694 1596 4741 vero
1620 4674 1668 4739 rei
1690 4677 1794 4739 testes
1818 4678 1912 4740 sunt:
1936 4675 2162 4742 Theodericus

129 4781 283 4844 decanus
307 4781 414 4844 sancti
434 4781 577 4859 Martini,
599 4781 806 4846 Warnberus
824 4780 1014 4862 canonicus,
1038 4779 1244 4846 Thedericus
1260 4781 1440 4846 canonicus
1458 4781 1499 4844 de
1516 4782 1590 4862 See,
1613 4779 1770 4863 magister
1789 4781 1954 4845 Henricus
1971 4783 2162 4864 canonicus,

127 4886 303 4952 lohannes
326 4886 491 4970 plebanus
515 4887 557 4950 de
580 4889 696 4951 sancta
721 4887 835 4968 Maria,
864 4887 1061 4951 Thidericus
1086 4888 1128 4952 de
1151 4885 1259 4968 Ullen,
1286 4886 1445 4953 hibertus
1470 4886 1663 4968 Gogravius,
1688 4886 1850 4951 Ludolfus
1874 4889 1915 4952 de
1939 4888 2038 4970 Hille,
2063 4888 2162 4953 Lam-

130 4994 252 5058 bertus
277 4992 319 5057 de
334 4992 484 5074 Menede,
509 4992 756 5075 Hyngelbertus
780 4994 878 5073 Saxo,
903 4993 1070 5059 Gerardus
1094 4993 1191 5074 Sax0,
1214 4993 1323 5057 Adam
1347 4993 1444 5058 istius
1467 4994 1588 5076 pagine
1611 4993 1753 5075 scriptor
1776 4993 1889 5058 etalii
1913 4995 2161 5076 quamplures.

272 5113 368 5179 θοᾶν.
391 5114 471 5178 nacla
493 5115 562 5180 dem
585 5113 640 5181 Or.
664 5117 709 5178 im
730 5113 804 5201 qu.
830 5114 934 5181 Sc-A.
957 5137 998 5181 zu
1018 5113 1196 5195 Hannoocr,
1225 5139 1252 5182 o.
1275 5112 1473 5201 Hodcnberp,
1499 5113 1606 5202 Hoyer
1632 5113 1705 5180 UB.
1729 5113 1826 5180 Abit.
1855 5113 1909 5196 VI,
1940 5116 1974 5184 S.
1999 5116 2021 5184 7
2042 5115 2102 5185 Nr.
2125 5117 2165 5196 9,·

349 5219 427 5306 Rep.
459 5220 609 5286 Zeiaolr.
638 5221 669 5286 d.
693 5221 764 5286 hist.
794 5219 864 5286 Ver.
884 5221 918 5306 s.
942 5220 1190 5288 Ns'cdercucdaen
1219 5221 1273 5307 Jy,
1298 5219 1385 5287 1860
1415 5221 1450 5288 S.
1475 5219 1541 5286 103
1570 5221 1630 5288 Nr.
1653 5219 1708 5287 29.
1755 5224 1994 5308 Pallenthorpe
2015 5221 2165 5289 33313·

346 5323 523 5407 Nenadorf,
547 5325 641 5393 Laese
664 5325 702 5392 0.
727 5326 902 5394 Stoicenuu.
948 5327 1021 5392 Dos
1043 5325 1286 5406 chilctionsq'udr
1307 5334 1422 5395 mdeste
1445 5325 1498 5391 IX
1520 5329 1656 5404 lwiescm
1678 5329 1728 5394 dic
1744 5328 1876 5414 Anqabc
1891 5330 1947 5395 der
1961 5329 2164 5413 Pontffikats·

346 5429 434 5510 jadra
457 5431 533 5498 uber
553 5435 597 5497 iet
617 5433 733 5519 n'cdtiq
754 5434 836 5498 nack
859 5434 927 5499 (133
949 5455 989 5499 zu
1010 5431 1071 5500 Nr.
1095 5433 1139 5499 87
1162 5433 1328 5520 Gecapten.
