5058 6792
439 376 505 441 234
1432 389 1500 446 1263

389 541 390 544 ¹
444 585 620 652 Conradus
644 585 685 650 de
708 584 837 662 Uillerr,
872 583 1061 650 Richardus
1084 584 1224 666 Vulpes,
1260 583 1437 650 Heinricus
1465 584 1508 650 de
1536 584 1776 669 Dunggerden,
1805 585 2021 652 Gherhardus
2045 587 2086 652 de
2110 586 2250 654 Olileten
2270 591 2384 676 milites,
2403 599 2428 661 et

440 692 495 758 alii
519 711 620 776 quam
645 690 759 775 plures
782 689 845 755 viri
866 689 997 772 providi
1020 693 1053 756 et
1076 690 1219 756 honesti.
1258 691 1342 757 Acta
1366 693 1445 758 sunt
1468 691 1530 766 bec
1551 711 1640 757 anno
1656 691 1789 760 Domini
1811 692 1987 758 millesimo
2011 694 2236 760 ducentesimo
2257 701 2427 780 sexagesimo

440 798 548 877 tertio,
572 798 607 863 in
631 797 684 862 die
708 796 867 863 Gordiani
890 800 922 861 et
946 796 1118 879 Epimachi
1141 797 1323 863 martirum.

575 900 670 967 θεάν.
699 902 781 966 nach
810 899 1009 980 Wrirdlweia,
1041 901 1134 967 Sabe.
1163 903 1238 990 dipl.
1262 899 1323 982 XI,
1352 900 1385 970 S.
1409 903 1463 970 24.
1519 905 1583 966 Am
1612 902 1662 971 13.
1687 904 1758 968 Mai
1789 909 1929 970 vermem
1961 905 2098 971 deraelbe
2126 907 2184 972 den
2215 905 2362 994 Sepehcrd
2384 935 2429 976 coa

655 1007 802 1074 Dohasea
824 1031 867 1072 aa
889 1009 947 1074 dea
967 1007 1150 1075 Eracrihltea
1171 1031 1228 1073 con
1250 1009 1379 1074 Mindea
1402 1011 1451 1074 ala
1473 1009 1674 1076 Lehaaherm
1695 1012 1756 1095 apl.
1781 1036 1810 1078 o.
1828 1035 1858 1074 α.
1880 1010 1915 1077 O.
1942 1010 1976 1077 S.
1993 1011 2047 1077 25.
2093 1011 2207 1098 Rapere
2226 1013 2298 1081 Mac.
2314 1013 2352 1092 ll,
2371 1016 2428 1096 189,

653 1113 713 1180 Nr.
739 1112 903 1180 409-10.
955 1113 1057 1180 Ueber
1088 1116 1138 1181 die
1165 1138 1224 1180 oon
1250 1113 1449 1202 ffispelbostcl
1474 1117 1534 1202 cpi.
1559 1139 1616 1181 aon
1640 1115 1786 1182 Lcdcbar
1811 1121 1856 1182 im
1878 1116 1988 1183 Neam
2010 1119 2117 1187 vaterl.
2141 1118 2258 1184 Archia
2278 1121 2301 1202 f.
2322 1119 2429 1187 Nieder·

657 1222 785 1286 cochem
807 1221 860 1307 Jp.
888 1221 972 1286 1824
999 1221 1033 1287 S.
1056 1220 1123 1285 226
1137 1223 1167 1306 (j.
1190 1222 1257 1286 aad
1279 1222 1404 1309 Mooyer
1424 1226 1468 1286 im
1498 1220 1610 1290 Vaterl.
1635 1223 1755 1288 Archiv
1776 1223 1829 1310 Jy.
1855 1222 1942 1288 1836
1967 1224 2001 1290 S.
2026 1223 2100 1290 469.

1406 1457 1495 1535 782.

438 1583 635 1656 &wither
663 1584 763 1653 Korro
796 1605 862 1654 ooo
892 1583 1038 1655 Miadcn
1072 1584 1263 1674 adeleidam
1296 1585 1372 1655 ἀεηι
1406 1583 1624 1676 Domlcopitel
1657 1584 1712 1655 die
1747 1584 1862 1674 Voptci
1896 1585 1959 1655 der
1995 1584 2190 1656 Vtilitatioa
2222 1587 2259 1656 in
2286 1587 2430 1658 Dotenses.

754 1735 755 1738 =
1112 1689 1155 1761 ln
1185 1690 1294 1763 Novo
1324 1689 1457 1762 Castro
1492 1689 1587 1764 1263
1615 1691 1698 1762 Mar·
1725 1693 1783 1763 25.

545 1807 718 1873 Universis
742 1808 865 1891 quibus
881 1809 946 1873 hoc
969 1808 1129 1892 scripturn
1153 1809 1253 1874 fuerit
1275 1809 1458 1874 exiribitum
1482 1809 1577 1875 Gono
1601 1809 1663 1874 Dei
1685 1809 1791 1892 gratia
1805 1809 1987 1876 Mindensis
2010 1810 2150 1875 ecclesie
2173 1810 2295 1875 electus
2316 1811 2431 1875 salutem

438 1915 472 1979 in
496 1917 639 1980 Domino
664 1917 914 1998 sempiternam.
969 1915 1099 1981 Terrore
1129 1916 1337 1998 presentium
1367 1918 1520 1982 constare
1548 1915 1702 1998 cupimus
1733 1915 1908 1994 universis,
1943 1916 2044 1998 quod,
2079 1936 2154 1980 cum
2187 1917 2273 1982 inter
2299 1916 2431 1981 honestos

437 2022 527 2086 viros
550 2021 769 2103 prepositum,
793 2023 954 2086 decanum
980 2023 1014 2086 et
1029 2022 1214 2105 capitulum
1237 2025 1350 2088 nostre
1367 2023 1504 2087 maioris
1528 2022 1665 2087 ecclesie
1688 2041 1729 2087 ex
1744 2041 1812 2088 una
1833 2024 1929 2104 parte
1946 2024 1979 2086 et
1996 2022 2142 2087 nobilem
2157 2023 2266 2087 virum
2281 2022 2432 2088 Ludollum

438 2128 479 2194 de
502 2127 651 2193 Amhem
679 2147 719 2192 err
749 2129 852 2193 altera
888 2130 978 2192 esset
1005 2127 1150 2194 finaliter
1177 2132 1298 2211 actum,
1333 2131 1371 2193 ut
1399 2129 1488 2194 idern
1522 2127 1644 2193 nobilis
1679 2128 1886 2194 advocatiam
1920 2128 2134 2193 villicationis
2161 2127 2196 2194 in
2227 2129 2432 2206 Dudenhosen,

438 2254 540 2317 quarn
564 2234 605 2298 de
628 2253 730 2299 manu
764 2237 880 2300 nostra
907 2235 979 2299 iure
1011 2237 1121 2300 tenuit
1144 2235 1282 2314 feodali,
1318 2236 1415 2300 nobis
1448 2255 1522 2299 cum
1553 2235 1732 2300 heredibus
1762 2235 1831 2299 suis
1862 2235 1966 2300 libere
1993 2235 2191 2317 resignaret,
2229 2255 2290 2299 nos
2312 2235 2432 2298 eiusdem

438 2341 571 2420 nobilis,
594 2341 706 2405 uxoris
738 2361 798 2406 sue
822 2342 1037 2406 etheredum
1062 2361 1199 2407 suorum
1230 2342 1335 2407 libera
1363 2341 1586 2424 resignatione
1614 2343 1748 2426 recepta
1771 2341 1978 2406 advocatiam
2005 2341 2113 2426 ipsam
2141 2341 2232 2405 dicte
2254 2341 2433 2406 villicationis

438 2450 472 2513 et
495 2447 643 2512 omnium
667 2447 878 2512 attinentium
901 2448 1008 2512 beatis
1033 2450 1134 2514 Petro
1159 2451 1192 2513 et
1208 2449 1372 2532 Gorgonio
1395 2468 1526 2513 necnon
1550 2447 1710 2531 predictis
1727 2448 1852 2512 decano
1879 2449 1913 2512 et
1935 2447 2080 2530 capitulo
2096 2447 2263 2513 Mindensi
2284 2447 2434 2514 liberaliter

326 2593 337 2610 ι
439 2554 639 2620 contulimus
664 2574 778 2620 eorum
808 2555 979 2637 perpetuis
1008 2555 1124 2620 usibus
1151 2555 1376 2637 profuturam,
1408 2555 1563 2637 eoquod
1591 2554 1678 2620 dicta
1707 2554 1865 2619 villicatio
1893 2573 1970 2619 cunr
2001 2553 2155 2620 omnibus
2187 2554 2362 2620 attinentiis
2382 2553 2434 2616 suis

437 2661 480 2726 ad
504 2679 619 2725 eorum
642 2661 850 2743 prebendam
880 2660 1044 2743 pertineat
1072 2663 1172 2745 pleno
1203 2661 1284 2726 iure.
1330 2661 1379 2726 Ne
1403 2666 1516 2727 autem
1544 2661 1622 2726 huic
1645 2661 1748 2725 libere
1779 2681 1818 2726 ac
1847 2660 1974 2725 liberali
2002 2659 2171 2726 collationi
2201 2680 2264 2726 seu
2290 2658 2434 2725 donationi

437 2769 552 2832 nostre
583 2767 697 2848 aliqua
730 2767 950 2850 imposterum
985 2769 1181 2850 scrupulosa
1217 2768 1350 2850 questio
1377 2769 1488 2834 valeat
1516 2767 1668 2850 suboriri,
1708 2785 1847 2850 presens
1882 2767 2043 2849 scriplum
2070 2785 2173 2850 super
2201 2787 2244 2832 ea
2278 2765 2435 2831 conlectum

437 2877 552 2940 nostro
576 2892 615 2937 ac
639 2872 718 2937 dicti
742 2873 877 2956 capituli
902 2873 1016 2956 sigillis
1040 2874 1238 2940 communiri
1261 2873 1400 2939 fecimus
1423 2873 1461 2938 in
1484 2874 1585 2939 robur
1608 2877 1770 2956 perpetue
1793 2873 1970 2938 firmitatis
2017 2872 2135 2938 Testes
2158 2893 2239 2938 vero
2263 2875 2352 2938 sunt:
2371 2871 2435 2934 Otto

437 2980 542 3045 maior
565 2979 767 3062 prepositus,
797 2979 1019 3066 G(erhardus)
1050 2981 1207 3062 decanus,
1236 2981 1384 3063 Widego,
1416 2981 1596 3062 ArnolduS,
1626 2979 1792 3056 canonici;
1828 2979 2024 3063 Ludolphus
2059 2979 2253 3044 cellerarius
2275 2977 2435 3052 verdensis,

438 3085 676 3166 Theodericus,
700 3085 916 3150 Bernhardus
945 3085 1064 3151 fratres
1093 3086 1222 3152 nobiles
1254 3085 1333 3151 dicti
1368 3087 1409 3151 de
1433 3086 1491 3168 Lo,
1526 3087 1712 3169 Lippoldus
1744 3087 1785 3152 de
1809 3086 1991 3166 Mandeslo,
2028 3086 2244 3152 Hermannus
2276 3085 2315 3150 de
2337 3085 2436 3158 Buren,

435 3191 616 3256 Vrederich
633 3193 674 3256 de
691 3193 881 3274 Steygerde,
906 3191 1102 3274 Ludolphus
1125 3194 1167 3258 de
1188 3193 1418 3275 Nygenborch,
1443 3193 1635 3258 Gerhardus
1659 3193 1700 3258 de
1724 3192 1908 3274 Hornhem,
1932 3192 2093 3258 Ecbertus
2115 3192 2271 3274 Vriedag,
2293 3191 2399 3256 milites
2412 3190 2438 3251 el

435 3296 608 3363 castellani
640 3298 750 3364 etalii
779 3299 1027 3380 quamplures.
1073 3298 1158 3363 Acta
1190 3301 1268 3364 sunt
1298 3300 1360 3363 lrec
1394 3299 1428 3362 in
1464 3299 1559 3364 Novo
1589 3298 1707 3364 Castro
1742 3318 1831 3362 anno
1855 3297 1990 3363 Domini
2024 3297 2200 3363 millesimo
2237 3295 2438 3362 ducentesimo
2512 3343 2513 3360 2

436 3405 643 3488 sexagesimo
665 3405 773 3484 tertio,
797 3407 833 3469 in
857 3404 910 3470 die
933 3405 1022 3469 beati
1045 3404 1174 3469 Urbani
1197 3406 1408 3470 confessoris.

576 3508 671 3575 θεάν.
703 3508 900 3589 Wmdroetn,
934 3508 1021 3576 Saba.
1047 3511 1122 3596 deiri.
1147 3508 1210 3588 XI,
1237 3509 1271 3574 S.
1294 3508 1349 3576 26.
1374 3509 1487 3596 Repeat
1508 3511 1586 3576 Mac.
1611 3509 1656 3590 11,
1680 3508 1746 3574 189
1769 3508 1829 3574 Nr.
1855 3509 1917 3574 431
1947 3515 1991 3574 im
2017 3511 2090 3597 Kpl.
2117 3509 2222 3577 sa-A.
2253 3533 2291 3574 zu
2313 3509 2440 3571 dirivata.

1408 3727 1494 3805 783.

437 3855 635 3925 Erwdhlter
666 3851 761 3925 Kono
793 3877 858 3925 coa
898 3854 1048 3925 Miadca
1088 3854 1191 3944 rcpelt
1218 3854 1274 3925 dic
1302 3854 1646 3927 Stcacrvcrhdllaisse
1679 3853 1752 3925 aad
1781 3852 2020 3925 Gcrcchtsame
2048 3853 2111 3924 der
2139 3851 2390 3924 Ministeriolen
2415 3849 2443 3916 ia

1079 3957 1295 4036 Stemwede.
1352 3962 1501 4033 Manum
1530 3958 1632 4032 1263
1659 3961 1747 4032 «1αηί
1777 3957 1835 4032 18.

548 4079 641 4143 Cono
666 4078 726 4144 Dei
748 4079 854 4163 gratia
877 4079 1059 4144 Mindensis
1081 4079 1207 4144 electus
1231 4082 1265 4145 et
1288 4078 1501 4146 confirmatus
1525 4079 1687 4144 universis
1711 4078 1835 4145 Christi
1857 4078 2012 4144 fidelibus
2034 4082 2105 4144 tarn
2127 4078 2339 4162 presentibus
2360 4090 2445 4158 quam

440 4184 562 4250 futuris
586 4185 673 4249 banc
696 4185 842 4251 litteram
870 4186 1071 4268 inspecturis
1100 4186 1136 4248 in
1166 4205 1245 4251 vero
1276 4187 1415 4252 salutari
1444 4185 1594 4252 salutem.
1648 4187 1691 4252 Ut
1725 4204 1836 4249 rerum
1863 4188 2031 4268 gestarum
2060 4185 2185 4250 noticia
2214 4185 2344 4268 plenior
2370 4177 2446 4262 apud
2512 4177 2513 4184 ’

439 4293 592 4375 posteros
615 4291 789 4372 habeatur,
813 4311 951 4356 necesse
982 4296 1033 4356 est
1055 4292 1274 4357 imbecillitati
1297 4294 1443 4358 humane
1471 4292 1629 4358 memorie
1661 4292 1900 4376 scripturarum
1928 4291 2090 4357 beneficio
2114 4291 2294 4356 subveniri.
2340 4289 2447 4354 Notum

439 4397 539 4480 igilur
572 4417 645 4462 esse
670 4397 823 4480 cupimus
847 4399 1022 4479 universis,
1047 4399 1148 4480 quod,
1173 4419 1249 4464 cum
1279 4399 1382 4464 felicis
1412 4399 1651 4464 recordationis
1674 4397 1903 4464 Wedekindus
1927 4399 2106 4482 episcopus
2136 4398 2252 4462 noster
2275 4399 2447 4461 antecessor

439 4503 481 4568 ab
504 4503 626 4568 illustri
655 4504 806 4587 principe
834 4505 889 4589 pie
913 4506 1071 4570 memorie
1093 4505 1233 4570 Alberto
1263 4507 1346 4570 duce
1370 4505 1514 4570 Saxonie
1544 4505 1718 4569 cometiam
1741 4507 1775 4569 et
1797 4505 2038 4588 proprietatem
2064 4508 2153 4569 terre
2176 4503 2363 4569 Stemvvede
2384 4517 2447 4564 curn

438 4610 551 4675 liberis
581 4609 845 4676 inhabitantibus
873 4612 906 4675 et
933 4610 1031 4675 bonis
1059 4612 1209 4694 ipsorum
1238 4612 1439 4677 obtinuisset
1468 4612 1510 4676 ad
1538 4630 1657 4676 manus
1687 4611 1868 4676 Mindensis
1900 4611 2037 4677 ecclesie
2068 4611 2157 4676 bone
2188 4609 2346 4675 memorie
2376 4603 2447 4686 regis

437 4715 607 4781 Wilbelmi
629 4717 733 4798 gratie
756 4716 916 4798 resignari
939 4717 1095 4800 idemque
1118 4737 1176 4781 rex
1199 4738 1240 4783 ex
1262 4717 1365 4801 regali
1387 4716 1618 4783 munificentia
1641 4717 1803 4802 premissa
1827 4717 1941 4782 omnia
1956 4716 2120 4782 Mindensi
2142 4716 2280 4782 ecclesie
2299 4715 2449 4799 perpetua

439 4821 615 4888 devotione
649 4824 858 4905 contulisset,
895 4823 1070 4906 dictusque
1102 4825 1293 4889 antecessor
1324 4826 1436 4889 noster
1464 4824 1679 4907 postmodum
1709 4823 1921 4889 anobilibus
1950 4823 2029 4889 viris
2052 4824 2206 4889 iohanne
2237 4825 2271 4888 et
2293 4818 2448 4887 Gherardo

439 4928 618 4994 comitibus
642 4930 684 4994 de
708 4928 1001 4995 Schouwenborch
1029 4929 1203 5013 premissa,
1233 4932 1335 5012 prout
1365 4949 1385 4994 a
1408 4930 1536 5013 prelato
1568 4930 1712 4995 ducein
1736 4929 1834 4997 feodo
1861 4933 2050 5010 tenuerant,
2079 4928 2256 5012 emptionis
2282 4927 2376 4993 titulo
2396 4941 2448 5007 pro

438 5035 637 5116 octingentis
660 5036 782 5100 marcis
806 5039 1042 5119 comparasset,
1065 5056 1126 5103 nos
1151 5036 1363 5102 advertentes
1392 5056 1442 5118 ea,
1466 5056 1532 5119 que
1560 5036 1694 5119 pietatis
1717 5037 1840 5104 intuitu
1863 5036 1952 5103 facta
1975 5040 2177 5118 noscuntur,
2209 5037 2251 5101 ad
2282 5029 2448 5118 impietatis

438 5159 560 5228 noxam
583 5143 721 5208 tendere
745 5161 812 5206 non
836 5141 973 5225 debere,
1005 5162 1081 5208 cunr
1104 5142 1206 5208 iidem
1236 5143 1331 5208 liberi
1355 5147 1470 5209 contra
1496 5142 1704 5226 privilegium
1728 5143 1893 5209 libertatis
1926 5164 1986 5209 sue
2014 5140 2154 5208 diversis
2182 5140 2403 5208 exactionibus
2423 5135 2450 5198 et

437 5247 542 5314 talliis
551 5248 578 5332 ¹)
602 5248 716 5332 sepius
740 5248 889 5314 indebite
912 5251 1137 5331 gravarentur,
1168 5250 1209 5315 de
1238 5249 1405 5314 communi
1436 5249 1574 5333 capituli
1601 5249 1707 5316 nostri
1736 5251 1769 5314 et
1799 5249 2065 5315 ministerialium
2094 5247 2233 5316 consilio
2261 5249 2296 5313 et
2325 5257 2450 5310 assensu

441 5353 529 5440 ipsis
553 5354 652 5420 etiam
676 5353 790 5420 liberis
818 5355 1019 5420 instantibus
1043 5359 1076 5420 et
1100 5358 1218 5421 devote
1241 5355 1433 5438 petentibus
1459 5355 1518 5421 tali
1548 5356 1596 5420 eis
1619 5355 1767 5421 remedio
1791 5356 1946 5422 duximus
1974 5354 2227 5438 consulendum,
2255 5356 2292 5420 ut
2316 5347 2451 5418 videlicet
