5086 6768
1065 403 1133 458 1282
2059 389 2128 454 395

204 598 388 682 Volquinus
411 597 474 663 Dei
501 597 610 682 gracia
631 597 813 664 Mindensis
842 600 1021 683 episcopus
1049 600 1216 681 omnibns,
1247 599 1290 665 ad
1317 619 1403 682 quos
1425 601 1491 666 hoc
1514 598 1675 682 scriptum
1697 597 1896 680 pervenerit,
1926 599 2068 664 salutem
2090 599 2127 663 in

95 704 250 770 Domino.
287 703 451 770 Noverint
479 704 636 783 universi,
666 705 757 788 quod
780 725 841 770 nos
866 706 907 772 de
932 725 1100 771 consensu
1124 705 1263 790 capituli
1286 707 1393 771 nostri
1416 706 1580 772 decimam
1603 705 1636 770 in
1661 704 1766 770 Brase
1790 705 1961 787 quondam
1985 706 2027 770 ad
2050 725 2127 788 pre·

96 811 284 892 posituram
308 809 447 876 ecclesie
472 811 578 875 sancti
602 809 766 876 iohannis
788 811 1013 894 pertinentem
1039 812 1081 878 de
1104 832 1269 879 consensu
1286 812 1432 880 Conradi
1449 812 1598 877 eiusdem
1615 811 1754 876 ecclesie
1770 810 1933 894 prepositi
1950 811 2127 877 conventui

96 918 139 982 de
164 917 255 982 Lacu
280 921 396 983 sancte
419 916 523 983 Maria
546 917 649 981 libere
674 917 870 983 donavimus
893 918 928 982 in
950 922 1151 1003 perpetuum
1173 919 1419 1001 possidendam.
1459 918 1576 984 Dictus
1600 920 1711 982 autem
1735 919 1918 982 conventus
1941 916 1976 982 in
1999 937 2127 982 recom-

93 1042 236 1106 pensam
272 1022 363 1088 dedit
397 1023 486 1090 dicto
517 1023 689 1106 preposito
721 1024 891 1107 sexaginta
919 1044 1061 1106 marcas,
1095 1030 1133 1089 ut
1161 1025 1393 1109 indempnitati
1422 1024 1550 1108 pretate
1579 1024 1716 1089 ecclesie
1747 1023 1934 1090 consuleret
1962 1026 2126 1107 quantum

94 1131 220 1210 posset.
267 1128 316 1194 De
344 1129 468 1211 quibus
499 1128 671 1212 sexaginta
698 1130 817 1195 marcis
850 1130 939 1196 idem
973 1131 1164 1214 prepositus
1193 1132 1319 1213 recepit
1351 1131 1467 1212 viginti
1502 1133 1646 1214 quatuor
1679 1149 1808 1194 marcas
1838 1132 1872 1194 et
1899 1129 2061 1194 decimam
2091 1129 2129 1194 in

94 1233 244 1300 Govelde
273 1234 315 1300 de
342 1253 445 1299 manu
473 1235 581 1300 laicali
617 1235 769 1317 redemit,
803 1237 971 1302 residuam
1004 1239 1115 1302 autem
1149 1238 1325 1321 pecuniam
1361 1236 1397 1301 in
1428 1236 1698 1319 redempcionem
1733 1235 1951 1301 villicationis
1978 1235 2126 1318 wigravii

94 1339 267 1422 expendit.
312 1340 380 1406 Nos
409 1340 524 1423 itaque
554 1341 596 1406 de
625 1342 797 1407 voluntate
829 1346 863 1407 et
891 1362 1056 1408 consensu
1087 1344 1223 1427 capituli
1253 1345 1359 1410 nostri
1389 1343 1563 1409 ecclesiam
1594 1342 1700 1407 sancti
1729 1342 1891 1408 iohannis
1922 1342 2128 1424 sepedictam

93 1445 311 1529 indempnem
343 1447 484 1512 reddere
514 1447 691 1530 cupientes
720 1449 885 1531 prefatam
912 1449 1075 1514 decimam
1106 1450 1139 1514 in
1165 1450 1313 1516 Govelde
1337 1451 1500 1516 donamus
1523 1449 1672 1532 predicte
1696 1449 1834 1515 ecclesie
1858 1448 1995 1531 pacifice
2019 1449 2127 1532 possi-

93 1551 251 1632 dendam,
286 1552 349 1616 hoc
378 1555 491 1618 tamen
519 1555 649 1619 adiecto
680 1555 920 1638 moderamine,
956 1557 993 1620 ut
1021 1558 1302 1639 quandocumque
1325 1576 1387 1622 nos
1417 1557 1471 1622 vel
1499 1556 1619 1638 aliquis
1648 1556 1690 1620 de
1721 1555 1970 1620 successoribus
2005 1554 2128 1621 nostris

93 1658 286 1722 dederimus
321 1658 562 1742 quinquaginta
592 1660 740 1743 quinque
768 1681 907 1743 marcas,
943 1681 1002 1744 per
1028 1664 1164 1728 modum
1192 1663 1413 1745 reempcionis
1441 1681 1640 1744 recuperare
1668 1661 1853 1744 poterimus
1886 1661 2049 1726 decimam
2090 1661 2127 1725 in

93 1763 242 1829 Govelde
276 1766 492 1847 sepedictam.
554 1766 592 1831 In
631 1767 726 1832 cuius
761 1767 808 1832 rei
843 1767 1072 1833 testimonium
1106 1770 1169 1834 hoc
1203 1770 1364 1852 scriptum
1398 1768 1504 1851 sigillo
1539 1770 1653 1833 nostro
1688 1769 1721 1832 et
1755 1768 1868 1832 nostre
1904 1767 2043 1832 ecclesie
2077 1769 2128 1832 est

93 1869 272 1934 munitum.
320 1870 430 1936 Huius
455 1872 502 1936 rei
525 1874 631 1937 testes
655 1876 747 1938 sunt:
784 1873 863 1938 Otto
887 1874 1092 1958 prepositus
1120 1875 1259 1956 Widego
1286 1873 1477 1957 prepositus
1501 1873 1609 1937 sancti
1631 1874 1774 1952 Martini,
1802 1873 1971 1938 Aruoldus
1992 1874 2129 1938 thesau-

92 1975 216 2056 rarius
250 1977 420 2043 Arnoldus
455 1978 657 2060 cellerarius,
692 1979 878 2063 Volquinus
914 1980 1124 2062 scolasticus,
1160 1981 1349 2046 Harbertus
1386 1982 1426 2045 de
1453 1980 1635 2061 Mandeslo‚
1671 1979 1832 2045 Ludolfus
1868 1981 1910 2044 de
1943 1978 2128 2045 Bardeleve

90 2081 278 2146 Mindensis
302 2084 440 2149 ecclesie
463 2085 613 2150 canonici
636 2087 670 2150 et
693 2085 749 2150 alii
773 2106 873 2168 quam
897 2087 1024 2168 plures.
1072 2088 1196 2152 Datum
1227 2090 1261 2152 et
1285 2091 1396 2152 actum
1420 2086 1529 2152 Minde
1559 2105 1647 2151 anno
1672 2085 1805 2150 Domini
1828 2084 2129 2165 M⁰.CC.LXXXII.,

90 2187 171 2253 XVI
180 2189 215 2271 1).
240 2189 408 2254 Kalendas
432 2189 568 2273 Aprilis.

312 2310 334 2380 ¹)
353 2311 418 2366 XVI
431 2313 505 2382 fehlt
524 2313 558 2380 A,
578 2319 691 2384 erpdael
708 2315 777 2368 nacla
803 2314 837 2370 W.

233 2416 394 2498 Abechrn‘ft
413 2419 468 2486 dea
484 2418 536 2486 14.
552 2419 663 2486 latri.
688 2424 723 2485 in
738 2423 814 2488 Mac.
838 2419 912 2500 Vll,
927 2421 1026 2500 2401,
1046 2421 1079 2489 S.
1096 2421 1138 2485 54
1159 2422 1227 2518 (A).
1274 2420 1369 2487 Geor.
1395 2419 1592 2500 Wc'irdtwein,
1620 2421 1713 2487 Sabe.
1731 2422 1805 2506 dipl.
1822 2418 1884 2500 XI,
1911 2420 1944 2488 S.
1963 2419 2029 2485 102
2045 2419 2128 2508 (W).

310 2523 424 2611 Reqeet
445 2525 522 2591 Mac.
548 2524 595 2604 II,
621 2524 721 2605 189a,
748 2526 805 2594 Nr.
828 2525 906 2607 326,
939 2526 1044 2609 Weats.
1070 2527 1330 2593 Protrinzial-Bll.
1355 2526 1399 2607 ll,
1424 2528 1455 2606 4,
1482 2527 1517 2594 S.
1540 2527 1586 2592 56
1609 2526 1669 2593 Nr.
1695 2526 1770 2591 122.

1058 2764 1171 2840 1244.

88 2885 270 2956 Edcllzerr
288 2885 477 2958 Beralccrd
503 2909 568 2958 con
595 2889 647 2959 Lo
675 2888 748 2959 aad
774 2891 848 2960 scin
864 2887 1007 2961 Brnder
1028 2889 1103 2962 Otto
1129 2890 1293 2962 schenden
1321 2890 1398 2960 dem
1415 2886 1561 2976 Barchos
1591 2888 1734 2980 Volqua'n
1761 2909 1825 2959 voc
1843 2889 1994 2961 Mindon
2029 2890 2129 2960 einen

89 2992 173 3081 Hos
200 2993 237 3062 ln
258 2991 400 3064 Maneat
427 2993 500 3065 cad
526 2995 603 3066 aciat
621 2995 744 3084 Hufen
770 2997 808 3066 in
836 2996 978 3068 &dolen
1004 2998 1053 3067 im
1071 2997 1269 3088 Kirclaspa'el
1288 2995 1592 3085 Kirclrwutlinpen
1620 2996 1691 3066 und
1718 2995 1861 3066 aelmon
1887 2996 1936 3066 ste
1963 3017 2027 3066 oon
2054 2996 2128 3066 liam

741 3123 785 3173 zu
813 3102 919 3176 Lean.
975 3103 1125 3174 Mindon
1154 3101 1260 3174 1282
1290 3103 1396 3173 Mdra
1422 3104 1483 3172 23.

202 3234 394 3300 Bernardus
417 3236 477 3300 Dei
500 3237 609 3319 gracia
641 3237 762 3302 nobilis
790 3237 898 3303 dictus
932 3239 973 3303 de
1001 3238 1050 3302 Lo
1077 3239 1243 3320 omnibus
1268 3238 1310 3303 ad
1341 3257 1425 3320 quos
1455 3239 1519 3301 hoc
1548 3237 1709 3319 scriptum
1736 3236 1943 3320 pervenerit,
1973 3237 2129 3302 salutem.

88 3340 258 3404 Noverint
292 3341 451 3423 universi,
483 3343 574 3424 quod
602 3363 663 3408 nos
696 3343 737 3408 de
768 3363 934 3410 consensu
963 3344 1097 3410 Ottonis
1130 3345 1239 3410 fratris
1267 3343 1373 3408 nostri
1408 3363 1446 3408 ac
1480 3343 1629 3407 omnium
1660 3343 1823 3407 heredum
1857 3345 1891 3406 et
1922 3343 2124 3409 coheredum

87 3447 284 3511 nostrorum
320 3449 563 3531 proprietatem
591 3449 682 3514 curie
710 3452 824 3515 nostre
854 3450 890 3514 in
924 3450 1074 3516 Munesle
1107 3470 1184 3515 cum
1219 3449 1373 3515 omnibus
1402 3449 1585 3514 attinentiis
1616 3448 1686 3512 suis
1716 3451 1750 3513 et
1777 3447 2015 3532 proprietatem
2045 3451 2121 3515 octo

87 3572 290 3617 mansorum
313 3551 454 3619 sitorum
479 3554 615 3620 invilla
647 3555 805 3621 Stochem
832 3557 866 3620 in
896 3558 1054 3640 parochia
1076 3556 1204 3638 Walige
1228 3577 1305 3622 cum
1335 3555 1491 3621 omnibus
1519 3554 1703 3621 attinentiis
1727 3554 1814 3636 suis,
1844 3554 2000 3619 videlicet
2023 3555 2125 3637 areiS,

86 3659 201 3741 aquis,
225 3658 343 3741 pratis
374 3661 508 3743 pascuis
533 3664 567 3726 et
597 3663 800 3744 nemoribus,
834 3663 895 3727 viis
923 3666 956 3728 et
985 3663 1093 3746 inviis,
1128 3663 1309 3728 venerabili
1345 3663 1478 3728 domino
1501 3661 1667 3744 Volquino
1697 3660 1861 3725 Mindensi
1899 3661 2057 3745 episcopo
2094 3663 2128 3726 et

87 3765 233 3829 ecclesie
262 3785 322 3830 sue
345 3764 447 3831 libere
483 3768 678 3833 donavimus
709 3772 743 3834 et
773 3769 937 3835 donamus
970 3771 1181 3854 presentium
1209 3768 1400 3835 testimonio
1433 3767 1630 3848 litterarum,
1669 3769 1702 3831 et
1733 3767 1821 3831 dieta
1844 3766 1934 3831 bona
1967 3765 2004 3831 in
2026 3767 2126 3832 feodo

87 3871 282 3954 recepimus
307 3873 501 3938 abeodem.
549 3875 588 3939 ln
617 3875 711 3940 cuius
739 3875 787 3941 rei
816 3877 1045 3942 testimonium
1071 3897 1212 3960 presens
1241 3876 1400 3959 scripturn
1432 3874 1616 3957 sigillorum
1648 3875 1839 3938 nostrorum
1867 3873 2052 3937 munimine
2076 3875 2132 3938 est

86 3975 273 4042 firmatum.
321 3979 444 4045 Datum
466 3980 580 4045 Minde
604 4001 692 4046 anno
716 3982 848 4048 Domini
871 3981 1151 4047 M⁰.CC⁰.LXXX⁰.
1176 3983 1332 4062 secundo,
1357 3981 1485 4046 decimo
1508 3981 1679 4044 Kalendas
1705 3978 1841 4062 Aprilis

232 4081 287 4148 Or.
311 4087 354 4147 im
378 4083 450 4170 Kpl.
476 4083 582 4149 Sc-A.
606 4107 645 4150 zu
667 4086 818 4165 Mainater,
843 4086 998 4152 Frirrtent.
1023 4087 1151 4153 Minden
1173 4085 1235 4152 Nr.
1251 4087 1306 4152 52.
1344 4085 1407 4150 Die
1429 4083 1534 4150 beiden
1558 4107 1600 4149 aa
1618 4083 1922 4170 Perqamermtrcifen
1945 4084 2129 4170 idapendm

313 4187 417 4276 Sieqel
446 4195 480 4255 in
501 4195 639 4257 meterem
670 4191 780 4256 Woclls
810 4195 883 4257 sind
910 4192 1101 4278 berchddiyt,
1134 4195 1237 4258 tossen
1266 4193 1342 4258 aber
1371 4194 1430 4256 dur
1460 4189 1595 4276 Wappen
1621 4189 1699 4253 noch
1726 4189 1890 4254 erkenncn:
1927 4189 1995 4254 Der
2017 4187 2128 4254 solitu

309 4297 419 4380 petella,
444 4300 487 4360 im
510 4296 621 4362 cheren
642 4295 738 4363 Felde
760 4302 809 4364 ein
831 4299 932 4364 recita
955 4298 1159 4364 aelreiaader
1182 4297 1287 4377 dee,
1311 4299 1370 4361 das
1391 4310 1498 4363 catere
1519 4294 1601 4361 Feld
1621 4294 1787 4360 riebenmal
1807 4296 1975 4381 perpellere.
2024 4293 2121 4360 θεάν.

317 4399 513 4476 Wrirdtwer'n,
547 4400 635 4468 Sabe.
659 4404 735 4489 dipl.
759 4402 823 4483 XI,
850 4404 884 4470 S.
910 4403 984 4471 104.
1009 4404 1123 4491 Reqest
1150 4405 1229 4472 Mac.
1254 4402 1298 4484 ll,
1324 4403 1415 4469 189a
1437 4402 1497 4469 Nr.
1523 4401 1598 4470 146.
1647 4399 1778 4467 stechen
1800 4399 1859 4466 Kr.
1888 4398 2128 4487 Fallinybortel.

1055 4654 1169 4734 1245.

83 4794 239 4884 Bischos
254 4796 400 4888 Volquin
417 4819 481 4868 voa
499 4797 649 4870 Mindon
665 4799 860 4889 dionynse
877 4799 955 4872 dem
980 4798 1036 4876 Kl.
1054 4803 1205 4874 Loccnm
1237 4801 1303 4872 dea
1321 4801 1473 4872 Zelnlen
1500 4801 1538 4870 ia
1555 4797 1737 4888 Hornem,
1764 4797 1831 4869 den
1850 4797 1952 4887 Graf
1964 4797 2130 4870 Gerhurd·

84 4925 156 4975 vora
186 4903 422 4993 Sclauumburp
447 4925 510 4975 von
536 4904 608 4975 iam
633 4928 676 4976 aa
703 4904 802 4978 Lehn
825 4913 988 4997 petrcpen
1014 4908 1086 4999 lat,
1118 4908 1191 4979 aad
1218 4909 1395 4998 empldnpt
1422 4904 1531 4994 dofa'c'r
1557 4927 1622 4976 von
1648 4904 1715 4976 den
1741 4901 1907 4975 Brtldern
1931 4905 2130 4977 Bernhard

144 5009 221 5080 und
251 5010 325 5080 Ono
351 5009 548 5082 Edelllerrn
573 5033 639 5082 voa
666 5011 760 5083 Lolre
786 5013 863 5084 aciat
889 5013 1075 5102 Hetereio
1102 5014 1249 5089 nuclea
1275 5013 1348 5085 und
1374 5014 1448 5084 nter
1474 5014 1513 5084 in
1539 5009 1693 5083 Musaei.
1742 5008 1849 5083 1282
1876 5009 1984 5084 Μανῆ
2012 5014 2072 5086 25.

229 5143 284 5208 Or.
301 5148 346 5208 ἐφη
361 5145 478 5209 Archiv
501 5147 554 5210 dea
569 5145 622 5213 Kl.
639 5143 774 5211 Leccam
787 5150 846 5212 mit
861 5145 965 5232 saper
986 5150 1040 5213 dea
1054 5149 1201 5236 Bischofe
1216 5153 1283 5216 aad
1296 5151 1439 5236 Kapitela
1453 5152 1487 5213 in
1505 5145 1831 5231 Perpamentetrcifcn.
1870 5141 1965 5208 Neci
1981 5147 2049 5211 dem
2069 5144 2122 5213 Or.

307 5252 394 5337 pede.
411 5275 438 5315 v.
462 5249 653 5339 Rodanum,
673 5251 874 5338 Calendarper
893 5253 925 5318 U
926 5253 966 5320 B.
983 5255 1077 5322 Aba.
1103 5254 1166 5336 III,
1192 5256 1227 5325 S.
1242 5255 1310 5321 263
1329 5255 1388 5325 Nr.
1405 5257 1481 5325 418.
1518 5258 1668 5322 Hornem
1684 5253 1757 5318 oder
1773 5251 1888 5316 Horne
1912 5249 2061 5337 Wasamq
2086 5252 2120 5319 S.

310 5357 484 5444 Nienburp.
536 5355 603 5445 Vqr.
633 5361 712 5424 auch
737 5384 765 5426 c.
790 5358 977 5447 Hodenberq
1005 5385 1035 5428 α.
1059 5387 1088 5430 a.
1117 5361 1153 5429 O.
1181 5361 1242 5430 Nr.
1266 5362 1341 5430 417.
1389 5367 1453 5430 Am
1474 5363 1528 5431 23.
1552 5366 1650 5454 April
1682 5375 1822 5438 oerweiat
1858 5371 1950 5456 Graf
1978 5373 2130 5440 Gerhard.

1839 5498 1907 5564 50*
