5062 6806
1025 478 1093 534 1245
2018 466 2082 532 115

197 673 292 740 deur.
316 673 430 752 Mare,
454 671 591 738 Oanobr.
619 671 798 738 Geachiclrtc
821 670 884 752 ΙΙΙ,
910 671 945 740 S.
968 669 1045 752 360,
1070 671 1319 738 Moser-Abekeu
1347 670 1436 754 VIII,
1462 671 1496 738 S.
1512 671 1580 737 270
1601 671 1663 739 Nr.
1680 671 1757 752 214,
1783 672 1943 760 Suudboffi
1968 675 2082 742 Autrht.

275 778 393 845 omas.
417 780 487 845 eccl.
512 789 660 864 respect.
685 778 729 858 ΙΙ,
764 776 902 866 Deplorat.
928 777 963 844 S.
989 777 1063 844 106.
1108 778 1200 844 Juttu
1228 802 1298 844 war
1323 781 1374 846 die
1401 777 1527 846 Toclar
1549 780 1603 845 dea
1625 779 1749 858 Groseu
1775 777 1844 845 Otto
1864 801 1923 846 ooo
1946 780 2085 848 Recens·

275 885 349 972 berg
373 888 442 970 (ooo
470 881 588 968 Vlotlud
620 884 687 948 uod
708 885 765 950 der
789 882 899 971 Sophia
921 906 979 950 oon
1005 883 1194 970 Oldcnburp.
1248 883 1315 971 Vqr.
1340 885 1421 951 auch
1442 885 1492 964 die
1520 883 1912 952 Urk.oon1248M‹iaer
1935 910 1964 951 α.
1989 910 2019 950 o.
2044 885 2082 952 0.

275 990 310 1057 8.
333 989 410 1070 373,
444 990 527 1055 noch
557 991 614 1056 der
641 1012 717 1054 mon
747 991 917 1056 dunelmen
946 989 1066 1072 donate,
1102 991 1178 1055 dora
1208 993 1252 1056 ech
1281 992 1377 1056 achon
1410 988 1529 1056 Wittme
1558 1012 1635 1056 coar.
1681 989 1776 1056 Dicae
1803 988 1882 1056 Urk.
1912 995 1969 1057 wie
1991 1003 2084 1058 anan

274 1096 335 1167 Nr.
353 1095 397 1161 46
400 1095 419 1162 7
443 1097 600 1176 demetam,
625 1097 701 1161 duas
723 1097 773 1162 die
794 1119 853 1162 oon
873 1095 993 1184 Lomey
1015 1097 1242 1184 ooqezcocifelte
1262 1095 1329 1162 Ele
1351 1096 1502 1162 zwisalten
1517 1095 1607 1161 Jutto
1621 1097 1687 1160 uod
1701 1094 1848 1162 Heinrich
1864 1118 1923 1162 von
1941 1094 2084 1164 Tecklen·

273 1204 351 1290 burg
379 1204 559 1268 totsciclrliclr
593 1205 747 1289 codzogcn
774 1203 897 1268 worden
919 1206 969 1282 iot,
1005 1203 1177 1289 ollerdr'upa
1198 1225 1238 1267 zu
1260 1205 1344 1268 οἰκον
1368 1202 1447 1280 Zeit,
1483 1205 1518 1266 cic
1540 1203 1596 1268 dar
1616 1201 1707 1267 Iutta
1728 1203 1803 1267 noch
1825 1207 1875 1269 ein
1896 1202 1985 1267 Kirtd
2005 1225 2082 1268 war.

276 1310 331 1378 Sic
354 1311 498 1377 hauteu
520 1313 624 1396 epam
645 1310 704 1375 den
726 1308 903 1374 Edellrcm
931 1306 1071 1373 Walram
1093 1331 1152 1374 uon
1174 1307 1325 1396 Monp'oyc
1354 1309 1421 1372 und
1442 1306 1515 1374 leba
1536 1309 1613 1372 noch
1636 1306 1731 1375 1302.
1784 1305 1853 1396 Vpl.
1876 1333 1904 1374 c.
1928 1306 2083 1386 Lcdcbur,

274 1417 386 1484 Gcach.
409 1418 465 1483 der
490 1415 585 1481 stadt
605 1416 672 1479 und
693 1413 841 1481 Heruach.
873 1412 980 1481 Vtoclo
1004 1413 1039 1481 S.
1062 1412 1117 1494 36,
1141 1415 1266 1502 Mooyer
1287 1417 1322 1478 in
1350 1411 1457 1493 Weatt.
1483 1412 1711 1481 Preciae-Bit.
1737 1410 1798 1492 ΙΙΙ,
1823 1413 1854 1492 l,
1881 1412 1916 1481 S.
1942 1413 2016 1479 122.

79 1745 144 1820 Ilus
172 1741 391 1833 Moricnetilt
418 1743 456 1814 in
486 1741 635 1816 Mindan
668 1738 829 1830 vertum
855 1739 932 1812 dem
960 1740 1019 1814 Iti.
1032 1613 1337 1830 &uunquam
1364 1739 1474 1811 timer
1499 1740 1538 1810 iu
1565 1738 1860 1811 Ronwordesssn
1886 1739 1961 1810 und
1988 1737 2086 1811 Ver·

728 1847 869 1922 dassen.
925 1846 1074 1918 Miuulec
1102 1843 1207 1917 1245
1233 1844 1339 1936 April
1366 1849 1418 1916 11.

53 1989 56 1994 ·
169 1967 351 2052 adheidis)
372 1966 434 2031 Dei
455 1964 566 2048 gracia
587 1965 767 2046 abbatissa,
792 1966 828 2030 F.
845 1965 981 2046 decana,
1005 1955 1205 2048 Jo(hannes)
1222 1965 1256 2028 et
1270 1963 1495 2048 W(olbertus)
1516 1963 1699 2048 can(0nici)
1714 1965 1890 2046 totumque
1912 1963 2087 2047 collegium

80 2074 203 2142 ecclesie
225 2075 342 2138 sancte
364 2071 467 2136 Maris
490 2069 525 2134 in
548 2070 661 2134 Minda
692 2069 848 2136 omnihus
880 2089 1019 2154 presens
1043 2069 1204 2153 scriptum
1226 2068 1474 2153 inspectoribus
1498 2069 1641 2134 salutem
1663 2069 1698 2133 in
1721 2069 1874 2135 Domino.
1921 2068 2087 2147 Quoniam

78 2184 120 2248 en'
147 2179 317 2264 prolixitas
351 2175 541 2242 monalium
575 2176 721 2260 negociis
752 2177 878 2259 scripto
902 2195 971 2241 non
994 2176 1232 2259 conprehensis
1255 2175 1457 2241 oblivionem
1480 2175 1618 2257 inducit,
1653 2175 1803 2271 veritatis
1826 2175 1985 2241 memoria
2007 2195 2087 2241 con·

77 2289 184 2373 scripta
206 2306 285 2352 cum
307 2282 442 2349 testium
465 2282 674 2365 congruitate
698 2282 824 2348 eisdem
847 2283 972 2348 utiliter
996 2282 1131 2348 accedit·
1178 2283 1293 2348 Sciant
1308 2283 1407 2364 igitur
1422 2283 1569 2348 universi
1583 2284 1653 2346 tam
1668 2284 1840 2365 presentes
1856 2301 1958 2365 quam
1972 2281 2087 2366 futuri,

77 2395 154 2479 quod
173 2413 233 2458 nos
254 2393 298 2456 de
313 2387 483 2455 communi
506 2408 673 2455 consensu
697 2392 731 2455 et
755 2389 892 2455 consilio
915 2389 1153 2473 proprietatem
1176 2388 1340 2454 bonorum
1361 2389 1397 2455 in
1413 2389 1681 2455 Renwordessen
1695 2389 1837 2453 sitorum
1853 2391 1886 2454 et
1901 2389 2088 2455 Verdessen

77 2521 141 2568 cum
170 2499 259 2564 omni
296 2497 485 2579 integritate
516 2498 549 2560 et
577 2494 731 2561 libertate
762 2495 854 2573 iuris,
889 2497 981 2577 quod
1007 2496 1043 2559 in
1071 2495 1119 2560 eis
1149 2496 1368 2577 habebamus,
1403 2515 1479 2560 curn
1509 2515 1676 2560 consensu
1700 2494 1849 2560 Heinrici
1872 2497 1905 2560 et
1926 2494 2087 2561 Iohannis

77 2607 212 2686 fratrum,
235 2603 386 2668 filiorum
410 2601 563 2682 Helmici‚
587 2621 717 2667 necnon
741 2603 774 2666 et
797 2621 935 2667 suorum
958 2600 1233 2666 consobrinorum
1256 2603 1395 2668 cenobio
1419 2603 1516 2667 beate
1539 2601 1644 2666 Maria
1670 2601 1704 2666 in
1721 2601 1985 2667 Wulvinchusen
2009 2621 2088 2668 con-

75 2713 205 2778 tulhnus.
253 2711 294 2777 In
318 2710 411 2776 cuius
435 2710 484 2774 rei
507 2708 736 2775 testimonium
759 2707 937 2773 Heinricus
960 2709 1109 2773 eiusdem
1133 2708 1263 2773 cenobii
1285 2709 1479 2792 prepositus
1502 2708 1600 2773 nobis
1624 2709 1739 2773 decern
1760 2708 1887 2774 talenta
1911 2707 2088 2774 Hildense-

76 2819 224 2884 mensium
255 2817 470 2882 denariorum
500 2814 601 2896 dedit,
636 2834 721 2898 quos
744 2815 779 2879 in
803 2814 979 2879 utilitatem
1002 2816 1161 2881 maiorem
1184 2815 1322 2881 ecclesie
1346 2818 1459 2880 nostre
1483 2815 1759 2882 commutavimus
1793 2814 1918 2881 scilicet
1940 2815 1976 2878 in
1998 2815 2089 2879 bona

75 2925 104 2989 in
118 2925 344 3006 Hegerhusen.
384 2921 429 2987 Ut
445 2923 556 2986 autem
573 2921 635 2986 hec
649 2919 746 2986 firma
761 2923 989 3004 permaneant,
1012 2923 1202 3004 presentem
1225 2921 1381 3004 paginam
1405 2920 1543 2987 ecclesie
1568 2924 1682 2986 nostre
1706 2920 1812 3003 sigillo
1836 2920 1973 2986 lecimus
1997 2940 2088 2984 com-

76 3033 193 3096 muniri.
231 3029 353 3095 Testes
370 3030 483 3094 autem
499 3027 598 3093 hrrius
614 3029 693 3092 sunt
710 3027 772 3092 rei:
795 3027 975 3109 A(lheidis)
999 3028 1170 3110 quondam
1186 3028 1366 3110 abbatissa,
1390 3027 1425 3092 F.
1443 3029 1578 3109 decana,
1601 3027 1803 3111 J(ohannes)
1819 3029 1853 3093 et
1867 3027 2088 3110 W(olbertus)

76 3136 208 3202 canonici
232 3155 367 3202 necnon
391 3137 425 3199 et
446 3137 538 3199 totus
563 3135 745 3201 conventus
770 3133 907 3199 ecclesie
931 3135 1046 3199 sancte
1069 3134 1172 3200 Marie
1196 3139 1231 3201 et
1254 3134 1417 3201 Geroldus
1440 3135 1536 3200 miles
1561 3136 1602 3200 de
1618 3134 1786 3200 Venehike
1809 3136 1841 3198 et
1857 3135 2088 3216 quamplures

77 3242 123 3308 alii
143 3242 249 3308 clerici
275 3245 309 3306 et
332 3241 418 3308 laici.
465 3241 588 3306 Datum
611 3239 722 3306 Minde
746 3259 833 3305 anno
857 3240 992 3306 Domini
1007 3240 1270 3322 M⁰.CC⁰.XLV⁰.,
1294 3242 1394 3306 tertio
1411 3242 1489 3307 Idus
1506 3241 1641 3325 Aprilis.
1690 3241 1834 3325 Insuper
1849 3240 1935 3306 dicte
1951 3240 2089 3307 ecclesie

76 3369 106 3413 se
126 3351 164 3413 ad
185 3349 330 3415 invicem
353 3347 584 3431 obligaverunt
607 3346 650 3412 ad
673 3348 822 3412 mutuam
846 3346 1082 3432 confrariam1)
1105 3351 1272 3430 perpetuo
1296 3349 1505 3415 servandam.

277 3453 299 3514 ¹)
318 3453 356 3507 So
375 3453 424 3507 dur
444 3453 490 3506 Or.

195 3541 251 3608 Or.
283 3545 329 3607 im
359 3541 432 3628 Kpl.
466 3541 572 3609 sc-A.
603 3563 643 3605 zu
665 3539 842 3621 Honuooer,
885 3539 1137 3626 Wrilfinplrausen
1166 3534 1226 3604 Nr.
1250 3539 1304 3608 23.
1353 3540 1458 3627 Sc'epel
1487 3542 1674 3629 obpesallen.
1721 3542 1817 3609 θεάν.
1840 3567 1867 3609 c.
1892 3541 2089 3628 Hodenberq,

280 3647 487 3735 Calendarper
515 3645 583 3714 UB.
609 3646 700 3712 Atat.
732 3644 820 3714 VIII.
849 3646 881 3713 S.
908 3645 950 3711 19
972 3645 1032 3712 Nr.
1053 3645 1097 3711 21
1121 3647 1204 3712 nach
1226 3648 1295 3712 dean
1318 3647 1375 3714 Or.
1414 3648 1690 3734 ¹Renwurdessen
1713 3649 1897 3735 ehemalipea
1918 3648 2095 3716 fflrcldorf

275 3753 324 3820 bei
336 3752 497 3840 Eldopaen
520 3751 578 3818 Kr.
598 3750 741 3839 Spongia,
765 3755 983 3838 Hegerhusen
1005 3753 1261 3820 wolrecleiolo'clr
1283 3752 1506 3842 Hoyerlroucen
1529 3756 1574 3818 im
1588 3753 1646 3820 Kr.
1664 3755 1784 3836 Alfeld,
1808 3753 1881 3820 uider
1902 3756 2091 3822 Verdessen

276 3883 302 3928 c.
327 3860 403 3926 oben
425 3857 485 3927 Nr.
510 3858 586 3938 loo,
609 3863 644 3923 in
666 3860 722 3924 der
743 3857 901 3925 Helmahuc
921 3861 989 3925 und
1012 3858 1113 3926 Silue
1136 3859 1178 3926 de
1201 3859 1472 3926 Renwordessen
1492 3871 1630 3946 genennt
1650 3861 1782 3926 werden.

1026 4040 1118 4118 438.

76 4167 209 4256 Bisclto(
233 4167 375 4240 Joharm
399 4189 465 4238 coo
492 4166 644 4239 Miudco
675 4166 838 4238 belamin
870 4166 937 4239 dell
965 4166 1077 4255 Kouf
1097 4168 1188 4238 aues
1216 4167 1357 4238 Houses
1384 4168 1422 4238 ia
1449 4163 1709 4261 Eidenthorpe
1744 4167 1852 4239 durch
1878 4165 1948 4238 Aba
1974 4167 2090 4239 Beru-

551 4272 643 4343 lurd
670 4272 729 4344 cles
757 4272 987 4362 Moriastiftcs
1014 4294 1074 4344 vor
1102 4273 1260 4344 Mindon.
1317 4271 1418 4345 1245
1446 4273 1529 4344 Mol
1556 4276 1610 4345 19.

170 4389 341 4457 lohannes
365 4389 426 4456 Dei
448 4389 559 4474 gracia
581 4389 765 4456 Mindensis
788 4390 965 4474 episcopus
989 4389 1152 4457 universis
1176 4389 1300 4456 Christi
1323 4389 1479 4456 fidelibus
1503 4391 1646 4456 salutem
1669 4391 1703 4454 in
1726 4389 1879 4457 Domino.
1925 4389 2090 4456 Omnibus

79 4499 182 4561 notum
209 4497 254 4562 sit
283 4498 371 4561 hanc
398 4496 545 4562 litteram
574 4497 792 4578 intuentihus,
827 4498 917 4580 quod
945 4499 1099 4562 dominus
1121 4496 1337 4562 Bernhardus
1361 4497 1466 4561 abbas
1490 4498 1524 4562 et
1548 4498 1731 4562 conventus
1754 4495 1860 4561 sancti
1882 4497 2031 4562 Mauricii
2055 4497 2090 4562 in

80 4599 180 4667 lnsula
191 4603 360 4669 Mindensi
378 4602 577 4669 aWinando
594 4603 636 4667 de
651 4602 844 4668 Bunzenem
858 4607 973 4669 nostro
989 4603 1198 4669 ministeriali
1215 4605 1247 4668 et
1262 4623 1366 4669 uxore
1382 4622 1443 4666 sua
1458 4595 1681 4668 Ermentrude
1697 4605 1730 4667 et
1746 4603 1896 4684 ipsorum
1908 4591 2089 4668 ¹heredibus

78 4707 202 4774 ecclesie
231 4711 348 4774 sancte
378 4708 561 4794 Mauriciil)
591 4707 863 4774 ministerialibus
897 4709 1066 4791 quandam
1101 4710 1237 4775 domurn
1265 4711 1299 4775 in
1324 4709 1551 4791 Eidenthorpe
1581 4728 1655 4772 cum
1691 4709 1822 4774 duobus
1856 4707 1981 4773 mansis
2012 4709 2090 4775 atti-

79 4814 223 4880 nentibus
248 4815 465 4899 —ipsorum
495 4814 583 4879 enim
611 4817 683 4880 erat
705 4814 906 4892 beneficium
929 4851 971 4862 -
995 4835 1056 4898 pro
1081 4815 1125 4880 IX
1152 4817 1271 4881 marcis
1289 4795 1588 4899 comparaverunt.
1634 4813 1814 4879 Constituti
1844 4834 1923 4880 vero
1950 4815 1987 4880 in
2014 4835 2091 4898 pre·

79 4919 174 4984 sentia
196 4923 312 4986 nostra
334 4921 369 4984 in
393 4940 478 4986 nova
501 4920 601 4986 domo
624 4921 745 5003 prelati
768 4921 985 5005 W(inandus)
1009 4924 1042 4987 et
1057 4941 1139 4986 uxor
1155 4921 1226 4988 eius
1242 4922 1505 5008 E(rmentrudis)
1528 4924 1563 4986 et
1582 4922 1731 5005 ipsorum
1752 4921 1891 4986 heredes
1907 4920 2091 5004 predictam

77 5023 201 5091 domum
237 5028 337 5092 nobis
370 5029 404 5092 et
432 5027 566 5092 domino
595 5025 824 5112 B(ernhardo)
858 5027 972 5092 abbati
1002 5032 1036 5094 et
1064 5028 1221 5095 fratribus
1250 5029 1319 5093 suis
1344 5027 1488 5094 Geroldo
1522 5028 1625 5113 priori
1649 5031 1683 5093 et
1706 5027 1847 5110 Gerlago
1882 5027 2022 5092 diacono
2045 5027 2089 5092 ad

78 5147 185 5196 manus
208 5132 349 5198 ecclesie
372 5151 432 5197 sue
455 5132 704 5214 resignaverunt
728 5133 769 5198 de
786 5133 952 5197 communi
976 5153 1143 5198 consensu
1159 5136 1193 5198 et
1207 5134 1312 5199 libera
1326 5135 1509 5200 voluntate.
1549 5133 1635 5213 Quia
1650 5153 1729 5198 vero
1745 5132 1868 5199 nostris
1883 5131 2091 5217 temporibus

78 5237 170 5303 multe
204 5237 354 5304 ecclesiis
385 5239 573 5322 irrogantur
606 5239 737 5321 iniuria,
772 5258 815 5304 ne
844 5239 920 5320 quis
951 5240 1015 5304 hoc
1044 5241 1168 5306 factum
1198 5240 1233 5304 in
1262 5243 1435 5326 posterum
1464 5241 1573 5323 possit
1595 5239 1783 5322 infringere,
1815 5259 1877 5304 nos
1901 5238 2091 5322 sepedicta

79 5342 204 5409 ecclesie
231 5343 268 5408 in
292 5343 440 5411 futurum
462 5347 640 5429 precavere
662 5345 813 5411 volentes
844 5346 931 5410 hanc
953 5344 1110 5430 paginam
1133 5345 1296 5412 conscribi
1319 5346 1457 5411 lecimus
1481 5345 1547 5429 ipsi
1571 5345 1708 5412 ecclesie
1731 5345 1829 5428 sigilli
1853 5345 1959 5412 nostri
1979 5343 2091 5409 muni·
2205 5405 2209 5413 .

78 5447 156 5513 mirre
186 5450 391 5516 roboratam.
436 5451 544 5517 Huius
575 5451 624 5517 rei
653 5453 757 5517 testes
788 5453 882 5518 sunt:
917 5451 1091 5518 Conradus
1119 5455 1152 5518 et
1174 5451 1360 5537 Lippoldus
1384 5453 1426 5517 de
1449 5452 1631 5534 Mandeslc‚
1665 5451 1878 5518 Hermannus
1901 5452 1944 5516 de
1967 5449 2091 5532 Buren,
