5058 6792
1032 419 1098 474 1267
2027 407 2096 472 265

78 623 164 686 sunt:
198 617 298 700 prior,
333 618 499 698 supprior,
535 615 654 681 tratres
683 616 763 680 Otto
795 618 828 680 et
857 617 1071 681 Hermannus
1108 615 1235 680 ordinis
1271 616 1520 682 predicatorum
1555 616 1674 680 domus
1709 616 1902 698 Mindensis,
1938 617 2093 685 dominus

78 725 235 792 Arnoldus
260 725 301 790 de
325 723 456 801 Semne,
488 723 524 787 G.
550 722 743 805 capellanus
767 723 808 786 de
832 724 944 807 Monte
968 721 1169 804 Widegonis,
1194 722 1357 787 Wiscelus
1381 723 1422 786 de
1446 722 1603 802 Ratbere,
1628 722 1707 787 civis
1731 723 1925 789 Mindensis.
1972 725 2090 791 Amen.

200 828 254 894 Or.
285 833 328 893 ira
356 829 474 893 Archia
503 829 556 892 des
584 827 636 891 Kc.
666 825 812 892 Locrum.
862 827 966 910 Siepel
993 827 1042 890 bis
1072 828 1135 912 asaf
1159 826 1277 892 kleinen
1307 827 1380 891 Reat
1414 850 1470 891 oon
1498 829 1556 891 den
1583 830 1710 892 crassen
1738 827 1914 913 Honffdden
1946 833 2091 895 oerloren.

283 933 377 1000 Gedr.
401 960 426 1000 a.
453 933 649 1018 Hodenberp,
676 933 882 1018 Colenberprr
910 933 977 996 UB.
1003 933 1099 998 Abel.
1125 931 1187 1011 ΙΙΙ,
1215 932 1248 998 8.
1276 933 1340 996 188
1364 931 1421 998 Nr.
1445 932 1521 998 279.
1570 933 1631 998 Dic
1657 934 1840 1020 Schenkunp
1863 937 1916 1001 dec
1943 935 2094 1020 Biacdcffc

279 1042 355 1107 oben
379 1039 441 1104 Nr.
465 1040 540 1105 824.

1030 1132 1124 1211 868.

77 1265 275 1354 Dompropst
311 1264 386 1335 Otto
419 1284 482 1332 oon
516 1259 665 1330 Mindon
699 1258 836 1330 schenkl
870 1258 946 1329 clem
979 1256 1035 1335 Kl.
1071 1260 1191 1331 Lolcde
1227 1259 1283 1330 die
1314 1260 1385 1330 tam
1417 1282 1491 1330 oorn
1524 1262 1640 1332 Ritter
1676 1260 1837 1332 Ocsortas
1871 1263 2098 1352 resipntertan

596 1366 705 1438 Gara
730 1367 767 1436 in
797 1365 950 1454 Qcaetrcn.
1006 1365 1156 1438 Mindon
1184 1365 1290 1437 1267
1317 1365 1477 1436 Febroor
1503 1365 1562 1441 20.

174 1491 254 1555 Otto
277 1490 337 1554 Dei
369 1487 472 1572 gratia
496 1485 631 1549 maioris
667 1484 804 1549 ecclesie
838 1483 1021 1549 Mindensis
1055 1487 1246 1568 prepositus
1281 1484 1444 1549 universis
1478 1490 1668 1566 presentem
1703 1487 1857 1569 paginam
1893 1487 2094 1572 inspecturis

77 1600 205 1663 salutem
240 1597 275 1662 in
312 1596 462 1660 omnium
485 1592 632 1657 salutari.
679 1592 730 1656 Ne
759 1590 891 1655 labatur
915 1611 989 1654 cum
1023 1593 1174 1673 tempore
1198 1592 1289 1674 quod
1323 1591 1485 1672 contingit
1514 1592 1549 1656 in
1586 1595 1752 1676 tempore,
1788 1593 1891 1674 fragili
1922 1595 2095 1660 hominum

78 1705 224 1769 memorie
251 1704 335 1768 solet
357 1705 425 1766 tam
450 1699 612 1782 scripture
635 1697 846 1780 possessione
870 1717 970 1778 quam
994 1697 1131 1762 testium
1155 1697 1398 1780 subscriptione
1422 1698 1562 1780 provida
1585 1700 1770 1764 subvenire.
1810 1700 1897 1765 Hinc
1920 1703 1980 1781 est,
2005 1703 2095 1782 quod

77 1832 165 1875 nosse
187 1810 343 1874 volumus
367 1809 515 1888 singulos
539 1807 572 1870 et
596 1805 778 1884 universos,
803 1804 892 1885 quod
916 1803 1152 1886 proprietatem
1170 1805 1332 1868 bonorum
1356 1805 1390 1869 in
1414 1804 1624 1882 Quedelsem,
1648 1825 1790 1887 quorum
1807 1805 1943 1870 collacio
1967 1808 2095 1872 ratione

78 1916 378 1983 amministrationis
402 1913 612 1997 prepositure
638 1913 680 1975 ad
703 1931 765 1974 nos
789 1911 939 1992 spectare
956 1910 1149 1990 dinoscitur,
1172 1913 1251 1992 post
1274 1911 1468 1993 simplicem,
1492 1910 1630 1975 liberam
1654 1915 1686 1976 et
1702 1915 1922 1993 spontaneam
1947 1914 2094 1996 resigna·

77 2026 192 2089 tionem
217 2022 355 2088 Cesarei
371 2021 483 2086 militis
507 2022 540 2084 et
564 2038 699 2083 suorum
717 2017 927 2097 coheredum,
951 2016 1007 2097 qui
1030 2016 1121 2080 bona
1137 2017 1330 2097 possederat
1353 2020 1547 2098 memorata,
1572 2018 1675 2082 libere
1698 2016 1899 2083 conserimus
1916 2020 2094 2084 conventui

78 2131 288 2209 dominarum,
313 2149 378 2211 que
401 2128 436 2191 in
459 2127 536 2190 villa
554 2124 668 2190 Lodhe
691 2124 832 2189 Domino
857 2123 1008 2187 famulari
1033 2123 1182 2200 student,
1206 2122 1306 2204 pleno
1329 2123 1401 2186 iure
1424 2122 1459 2187 in
1481 2126 1683 2206 perpetuum
1706 2125 1956 2206 possidendam.
1997 2126 2094 2189 Unde

76 2242 107 2301 ut
128 2237 257 2319 prelata
280 2235 464 2299 eorundem
486 2233 650 2298 bonorum
674 2231 814 2295 donacio
844 2229 1036 2294 omnimoda
1059 2227 1218 2293 firmitate
1242 2229 1401 2294 consistat
1432 2233 1464 2294 et
1487 2231 1610 2295 nullius
1641 2250 1779 2314 prorsus
1803 2231 2094 2313 inpugnacionem,

76 2343 304 2425 inpeticionem
338 2361 398 2405 seu
432 2339 656 2421 calumpniam
689 2338 857 2416 vereatur,
893 2355 1075 2400 consensus
1110 2336 1309 2401 venerabilis
1341 2337 1467 2402 domini
1499 2337 1645 2404 Cononis
1681 2337 1839 2420 episcopi,
1875 2339 1955 2402 dum
1987 2338 2095 2402 adhuc

75 2450 198 2527 vireret,
229 2451 266 2512 et
288 2447 396 2513 tocius
426 2446 563 2530 capituli
598 2445 703 2508 nostri
733 2443 914 2526 requisitus
950 2445 1001 2507 est
1024 2447 1057 2508 et
1080 2443 1226 2523 habituS,
1260 2447 1359 2527 prout
1388 2444 1424 2508 in
1452 2444 1681 2509 instrumentis
1709 2464 1810 2528 super
1838 2446 1902 2509 hoe
1935 2444 2095 2510 confectis

76 2556 218 2637 apercius
245 2555 442 2619 declaratur.
482 2553 520 2616 In
544 2551 643 2617 huius
668 2551 714 2616 rei
737 2548 967 2615 testimonium
987 2552 1177 2632 presentem
1201 2549 1354 2632 paginam
1378 2550 1486 2631 sigillo
1511 2554 1624 2616 nostro
1641 2550 1795 2615 duximus
1819 2551 2089 2634 consignandam.

76 2663 183 2726 Testes
215 2664 330 2725 autem
359 2662 451 2725 sunt:
486 2659 643 2741 magister
665 2657 834 2722 Arnoldus
860 2657 900 2720 de
924 2657 1064 2736 Scinne,
1100 2658 1345 2722 concanonicus
1376 2661 1505 2737 noster,
1542 2658 1660 2722 tratres
1683 2657 1880 2738 Jolhannes)
1913 2658 2020 2742 prior,
2055 2659 2093 2724 B.

75 2768 233 2852 supprior,
260 2767 339 2832 Otto
364 2769 405 2832 de
429 2766 535 2845 Hoya,
559 2765 782 2844 Hermannus,
807 2764 848 2828 de
873 2763 989 2828 ordine
1014 2763 1265 2828 predicatorum
1289 2763 1407 2829 domus
1424 2764 1620 2842 Mindensis,
1645 2763 1681 2828 G.
1708 2763 1899 2847 capellanus
1923 2765 1965 2828 de
1981 2765 2095 2831 Monte

74 2875 273 2956 Widegonis,
297 2873 461 2938 Wizcclos
485 2873 527 2937 de
550 2871 708 2948 Ratbere‚
743 2869 822 2934 ciris
844 2869 1037 2948 Mindensis,
1074 2873 1107 2933 et
1142 2869 1197 2933 alii
1226 2887 1328 2951 quam
1355 2869 1477 2952 plures.
1535 2871 1658 2934 Datum
1693 2870 1804 2935 Minde
1839 2890 1927 2936 anno
1962 2872 2096 2937 Domini

75 2980 341 3058 ll⁰CC⁰LXVlI⁰.,
364 2981 399 3044 in
424 2977 591 3043 dominica
614 2997 681 3059 qua
705 2978 858 3041 cantatur
881 2976 1037 3058 Exsurge.

202 3085 260 3148 Or.
287 3090 331 3150 im
356 3085 473 3148 Archiv
503 3085 556 3148 des
583 3082 636 3147 ΙΙΙ.
660 3080 795 3145 Locrum
827 3085 886 3145 mit
912 3079 1041 3146 kleinem
1068 3078 1235 3163 Siepelrest
1264 3103 1306 3144 on
1332 3085 1459 3147 moeson
1481 3081 1669 3167 Honffd'den.
1719 3080 1814 3148 θεάν.
1844 3108 1872 3149 o.
1897 3083 2096 3172 Hodenberp,

285 3191 490 3276 Colenberper
529 3188 600 3254 ΠΒ.
636 3187 729 3254 Aba.
763 3185 825 3266 ΙΙΙ,
859 3186 892 3252 8.
925 3186 988 3251 188
1022 3185 1083 3252 Nr.
1111 3185 1188 3251 280.
1234 3186 1306 3251 Dan
1328 3187 1665 3253 Dominikonermo‘nod
1691 3188 1855 3256 Hemone
1888 3193 1956 3256 tro
1983 3191 2097 3272 dicke,

287 3296 424 3383 Unpedr.
448 3293 770 3375 Dominilconerbn'efe
800 3294 834 3358 8.
857 3292 902 3356 23
930 3291 1017 3370 Note,
1050 3293 1108 3366 fair
1134 3293 1287 3358 identmelr
1315 3297 1375 3358 mit
1400 3296 1469 3359 darn
1498 3300 1640 3380 epdteren
1671 3295 1851 3362 Proainzc‘ot
1881 3300 1934 3364 des
1964 3298 2096 3379 Ordens,

282 3402 446 3470 Hermann
474 3428 501 3467 v.
526 3404 664 3480 Mindon,
702 3423 786 3485 ,que
809 3402 851 3465 de
875 3403 982 3484 Seyne
1007 3398 1173 3480 (seranna)
1202 3420 1343 3485 propere
1367 3401 1476 3468 dictus
1500 3407 1570 3468 esu
1602 3415 1674 3489 coyt
1696 3401 1803 3470 Hem.
1828 3427 1855 3472 v.
1882 3403 2021 3470 Lerbeck
2051 3407 2099 3473 hei

281 3509 417 3590 balaa,
437 3509 550 3595 Scapt.
574 3531 635 3574 rer.
649 3508 796 3572 anew.
822 3505 865 3585 ΙΙ,
891 3505 1018 3571 8183.
1053 3504 1133 3570 Eine
1157 3505 1251 3571 Rene
1273 3529 1330 3588 oon
1343 3507 1473 3591 Briefen
1487 3509 1588 3574 doses
1606 3508 1767 3574 Hermann
1784 3510 1833 3576 bet
1845 3509 1946 3577 Frate
1962 3536 1993 3578 a.
2010 3537 2039 3579 o.
2057 3513 2096 3578 0.

278 3621 401 3703 possim
422 3619 489 3682 und
510 3617 588 3681 siber
608 3615 665 3680 idn
687 3613 786 3679 Frate
809 3637 838 3678 a.
864 3637 894 3678 a.
919 3611 955 3679 O.
983 3612 1017 3678 8.
1041 3611 1086 3674 22
1097 3613 1127 3696 (i
1162 3613 1229 3676 aad
1263 3613 1412 3680 Zeitsclrr.
1438 3613 1501 3677 451
1527 3615 1560 3681 8.
1588 3615 1651 3680 120
1656 3616 1704 3701 ff,
1741 3615 1869 3702 Demflc,
1902 3619 2020 3683 Archiv
2032 3620 2099 3704 fair

286 3723 461 3788 Ia'tterotur
482 3747 513 3788 a.
538 3721 774 3807 Kirclsenpeecd,
799 3718 843 3798 ΙΙ,
866 3717 943 3796 232,
968 3716 1047 3784 Note
1070 3717 1102 3782 2.

1038 3881 1129 3958 869.

75 4012 169 4103 Grof
188 4011 379 4085 Burclord
409 4035 474 4084 oon
510 4011 631 4102 Wo'lpe
665 4009 871 4101 oerpfdndet
905 4009 961 4079 dte
997 4007 1112 4098 Voptei
1142 4008 1226 4080 atbar
1254 4010 1362 4082 Gara·
1396 4009 1455 4080 aas
1481 4007 1538 4085 ΙΙΙ.
1575 4011 1753 4083 Walsrode
1795 4012 1923 4084 desem
1956 4013 2098 4085 Klostcr

73 4121 139 4191 und
165 4121 371 4212 versprr'clrt,
406 4119 490 4189 dass
517 4118 604 4188 auct
634 4119 727 4188 scine
753 4113 893 4186 Bra'tder
920 4113 1136 4186 Bernardus
1169 4114 1382 4210 prepositus
1411 4114 1624 4186 Bremensis
1653 4116 1806 4189 ecclesie
1840 4123 1879 4189 et
1913 4117 2005 4190 Otto
2034 4143 2096 4192 ca-

74 4227 224 4298 nonicus
253 4225 462 4298 Mindensis
499 4225 555 4296 dic
590 4223 841 4314 Verpfdadunp
867 4221 1082 4292 oncrkcnnen
1108 4221 1252 4294 werden.
1307 4222 1424 4314 Apud
1454 4220 1580 4292 villam
1609 4221 1746 4295 Elethe
1780 4224 1820 4296 in
1854 4224 1937 4318 ripa
1965 4224 2097 4297 Allero

924 4324 1026 4399 1267
1054 4327 1161 4398 Matre
1188 4331 1246 4402 25.

200 4449 372 4530 Abschrift
398 4449 451 4512 dea
480 4448 532 4511 15.
555 4447 669 4511 Jalrt.
698 4450 733 4510 in
757 4443 827 4530 Cop.
852 4442 912 4523 IX,
940 4442 1057 4522 2601,
1075 4446 1134 4530 fol.
1162 4444 1226 4508 12υ
1254 4447 1320 4509 und
1346 4446 1399 4510 des
1423 4443 1474 4510 16.
1499 4444 1614 4511 Jalrt.
1640 4469 1670 4510 a.
1695 4469 1724 4508 a.
1749 4445 1786 4510 0.
1819 4443 1881 4525 ΙΙΙ,
1898 4448 1961 4533 fol.
1987 4446 2030 4511 13
2052 4451 2095 4512 im

282 4554 357 4641 Kpl.
384 4553 490 4619 sc-A.
518 4576 558 4617 aa
579 4552 757 4618 Hanaover.
799 4549 894 4616 θεάν.
922 4573 948 4618 υ.
973 4549 1169 4637 Hodenbergy,
1194 4549 1393 4637 Mmburper
1422 4549 1488 4619 ΠΒ.
1519 4551 1614 4619 Aba.
1639 4549 1716 4631 XV,
1742 4550 1775 4619 S.
1799 4551 1843 4616 54
1871 4551 1932 4617 Nr.
1955 4554 2010 4618 58.
2033 4557 2095 4641 aql.

283 4661 351 4724 dos.
376 4661 425 4725 die
447 4658 528 4725 Note
550 4682 652 4745 coepere
676 4657 759 4723 Era
786 4681 828 4722 on
850 4658 906 4722 der
928 4659 1029 4722 Alter.
1086 4657 1148 4722 Dia
1176 4655 1405 4742 Anerkennunp
1432 4658 1488 4723 der
1516 4656 1741 4745 Verpjdndonq
1770 4659 1870 4724 duret
1904 4661 1953 4725 die
1989 4659 2096 4726 beiden

285 4765 412 4831 Brrtder
433 4789 458 4833 s.
483 4789 512 4830 α.
538 4791 567 4832 α.
592 4764 629 4830 0.
654 4762 714 4827 Nr.
737 4762 797 4840 59,·
820 4765 880 4850 vyr.
905 4763 986 4828 corb
1008 4763 1057 4828 die
1079 4761 1226 4828 Urkoodc
1247 4785 1305 4828 oon
1322 4761 1408 4828 1268
1421 4764 1544 4850 Asperat
1556 4763 1599 4827 12
1622 4766 1721 4848 (nicht
1734 4763 1804 4850 20),
1822 4789 1851 4831 a.
1865 4790 1895 4834 o.
1913 4765 1949 4832 0.
1966 4764 2026 4833 Nr.
2039 4767 2096 4831 61.

1040 4945 1129 5023 870.

72 5071 144 5144 Dos
169 5074 351 5146 minderwr
378 5073 597 5164 Domlcopttel
624 5071 786 5144 bekaadet
813 5072 869 5144 dte
896 5070 1055 5162 Stiftunp
1082 5072 1145 5144 der
1172 5073 1343 5144 Memoria
1370 5071 1429 5143 des
1453 5072 1687 5144 onatmbcncn
1715 5072 1942 5146 Domcontors
1971 5075 2097 5148 Brae-

767 5201 830 5250 oon
858 5177 1052 5269 Spenthooe.
1107 5176 1209 5252 1267
1234 5179 1341 5270 April
1366 5182 1399 5251 8.

175 5299 257 5364 Otto
279 5299 339 5364 Dei
362 5300 470 5382 gratia
492 5298 697 5381 prepositus,
726 5298 950 5382 G(erhardus)
977 5298 1123 5363 decanus
1145 5300 1321 5380 totumque
1344 5297 1517 5364 Mindense
1547 5298 1730 5381 capitulum
1758 5299 1922 5364 universis
1952 5318 2093 5382 presens

72 5405 231 5489 scriptum
254 5405 374 5470 visuris
397 5407 547 5470 eternam
569 5403 605 5470 in
627 5403 769 5470 Domino
786 5404 938 5470 salutem.
984 5404 1033 5470 Ne
1049 5405 1217 5486 gestarum
1240 5423 1353 5468 rerum
1376 5403 1537 5468 memoria
1551 5423 1711 5487 processu
1733 5405 1892 5487 temporis
1916 5409 2096 5472 evanescat

175 5543 471 5588 messura-aueum.
1835 5529 1879 5594 34
