5058 6792
436 427 502 490 254
1431 440 1500 497 1265

435 635 564 702 decima
589 636 681 702 vobis
705 635 863 719 competit
887 656 907 701 a
929 636 1091 719 priorissa
1115 635 1185 701 sive
1207 639 1374 702 conventu
1396 636 1515 720 prefati
1538 637 1602 704 loci
1626 638 1659 702 et
1682 657 1750 704 non
1773 637 1815 702 ab
1839 637 1904 702 alio
1921 637 2090 722 requirere
2104 659 2166 704 vos
2181 641 2319 723 oportet,
2341 643 2372 706 et
2385 641 2442 708 hoc

433 742 532 828 sigilli
554 742 660 808 nostri
684 743 847 827 appensio
870 741 1070 807 manifestat.

652 849 673 915 ¹)
691 847 730 900 Im
748 846 794 901 Or.
813 846 862 900 das
882 848 899 900 h
916 846 983 901 iiber
1002 848 1051 900 der
1069 847 1155 901 Zetlc.

569 935 624 1004 Or.
648 940 692 1000 im
718 936 834 1000 Archiv
856 937 910 1001 dec
933 935 985 1003 Kb.
1005 935 1148 1001 Leccam.
1197 934 1300 1022 Siegel
1320 957 1378 1001 von
1401 937 1468 1002 dem
1491 958 1549 1001 con
1571 938 1627 1002 der
1647 935 1798 1002 Urburrde
1819 939 2045 1024 pescbuittcnea
2069 936 2380 1024 Pergamentctreisea
2399 941 2441 1006 cb.

652 1041 747 1108 Oedr.
771 1067 797 1109 u.
823 1040 1013 1128 Hodeffierp,
1039 1041 1245 1129 Oclenberger
1265 1041 1338 1108 ΠΒ.
1364 1042 1456 1108 Abtb.
1474 1040 1536 1122 III,
1563 1042 1597 1110 S.
1618 1042 1682 1109 172
1702 1041 1763 1110 Nr.
1780 1042 1856 1111 254.
1902 1043 2016 1130 Regem
2045 1041 2155 1129 chtf.
2177 1044 2391 1114 Persica-Bb.
2406 1044 2444 1124 ll,

651 1148 681 1228 1,
708 1147 742 1214 S.
767 1147 811 1212 46
834 1147 893 1216 Nr.
918 1147 972 1214 80.

1404 1295 1492 1372 831.

433 1422 590 1511 Biccbof
615 1423 713 1492 Koro
740 1445 805 1493 corr
836 1422 985 1494 Mirrclerc
1012 1423 1186 1511 ribertrdpt
1213 1421 1289 1493 dem
1317 1423 1468 1493 Mbrrer
1496 1422 1666 1494 Heinrich
1691 1445 1754 1493 rou
1785 1423 1967 1512 Nicaburg
1993 1423 2050 1494 dic
2079 1423 2209 1495 Mr'c'rcre
2235 1425 2274 1494 irc
2303 1423 2446 1496 blindan.

1157 1529 1307 1600 Miuderr
1335 1527 1435 1600 1265
1464 1529 1658 1620 September
1685 1532 1742 1600 30.

543 1647 637 1712 Cono
673 1647 734 1712 Dei
768 1647 878 1730 gracia
911 1647 1093 1712 Mindensis
1127 1647 1265 1712 ecclesie
1300 1648 1478 1730 episcopus
1512 1647 1667 1712 omnibus
1701 1648 1788 1712 hanc
1822 1649 1983 1713 cartulam
2013 1647 2214 1732 inspecturis
2248 1647 2387 1713 salutem
2416 1648 2446 1712 iu

436 1754 578 1820 Domino
602 1755 851 1837 sempiternam.
900 1754 1024 1819 Notum
1049 1775 1120 1818 esse
1144 1754 1299 1836 cupimus
1323 1753 1498 1835 universis,
1522 1754 1614 1837 quod
1638 1773 1698 1818 nos
1722 1757 1891 1818 monetam
1916 1755 2065 1820 nostram
2087 1755 2123 1820 in
2139 1754 2252 1819 Minda
2275 1754 2446 1819 cudendum

437 1861 575 1925 Hinrico
606 1861 790 1926 monetario
820 1861 862 1924 de
889 1861 1078 1925 Nienborch
1114 1859 1339 1924 commisimus
1370 1862 1433 1925 suh
1462 1860 1559 1925 certis
1589 1859 1735 1925 articulis
1769 1860 1829 1926 tali
1857 1861 1969 1926 medio
1996 1860 2156 1926 limitetis.
2203 1860 2347 1940 Denarii,
2377 1880 2448 1942 quos

438 1967 548 2044 cudet,
573 1967 648 2031 talis
673 1970 772 2031 erunt
794 1967 952 2050 ponderis
977 1968 1010 2031 et
1032 1966 1199 2050 puritatis,
1236 1972 1274 2033 ut
1297 1967 1445 2050 quinque
1468 1966 1615 2032 fertones
1638 1967 1844 2050 inpendere
1869 1987 2014 2032 marcam
2039 1967 2217 2033 examinati
2241 1968 2366 2050 argenti
2386 1965 2446 2030 effi-

437 2075 538 2152 ciant,
562 2074 590 2137 si
614 2073 810 2138 conflentur.
859 2075 942 2138 Item
963 2073 1080 2138 XXVII
1104 2073 1199 2138 solidi
1219 2078 1252 2139 et
1267 2073 1314 2139 111
1339 2073 1466 2139 denarii
1488 2093 1590 2138 unam
1613 2093 1759 2138 marcam
1782 2074 2026 2156 ponderabunt.
2074 2075 2158 2139 ltem
2182 2073 2299 2155 uiginti
2320 2075 2447 2155 quatuor

439 2180 536 2244 solidi
568 2200 629 2263 pro
660 2180 768 2245 usuali
798 2200 909 2244 marca
936 2181 1004 2244 sive
1028 2179 1176 2261 gravium
1200 2179 1416 2245 denariorum
1440 2181 1509 2244 sive
1534 2180 1725 2244 Bremensis
1750 2179 1876 2262 argenti
1898 2180 2102 2263 recipientur
2124 2199 2144 2244 a
2167 2180 2320 2263 quolibet
2342 2185 2372 2244 et
2394 2178 2449 2243 sol·

438 2289 567 2368 ventur,
604 2287 666 2352 hoc
693 2289 804 2350 tamen
836 2287 938 2367 salvo,
973 2288 1064 2369 quod
1092 2286 1164 2370 ipse
1188 2287 1392 2351 monetarius
1417 2287 1615 2351 cambiendo
1644 2306 1705 2369 pro
1728 2305 1840 2351 marca
1864 2288 1972 2351 usuali
1995 2286 2110 2370 viginti
2134 2291 2202 2352 tres
2225 2286 2351 2351 solidos
2373 2304 2449 2348 com·

438 2393 591 2472 mutabit,
616 2395 707 2475 quod
732 2393 760 2456 si
784 2414 844 2457 nos
869 2394 1023 2457 decanos
1046 2393 1152 2476 ipsius
1177 2395 1417 2458 examinandos
1440 2393 1512 2458 tolli
1536 2393 1740 2473 iusserimus,
1764 2412 1832 2458 non
1848 2392 1884 2458 in
1900 2392 2037 2472 fabrica,
2060 2395 2120 2458 sed
2137 2393 2172 2457 in
2187 2392 2261 2456 loco
2280 2391 2449 2457 concambii

437 2501 563 2582 publici
599 2500 702 2582 recipi
737 2500 906 2566 faciemus.
959 2501 1079 2565 Nullus
1103 2501 1203 2564 etiarn
1225 2501 1358 2583 publice
1383 2499 1614 2564 concambium
1637 2500 1737 2564 iaciat
1760 2501 1873 2582 preter
1895 2499 2015 2582 ipsum.
2073 2499 2174 2564 Nulla
2202 2499 2305 2565 etiam
2334 2501 2451 2563 moneta

438 2608 588 2690 dyocesis
625 2610 736 2672 nostre
771 2627 831 2691 pro
861 2607 973 2672 dativa
1001 2605 1181 2689 recipietur
1215 2606 1279 2671 nisi
1307 2607 1370 2670 sub
1399 2625 1487 2688 pena
1511 2607 1625 2670 decem
1648 2606 1810 2670 librarum
1833 2625 1894 2688 per
1917 2605 2134 2670 fideiussores
2159 2607 2307 2688 ydoneos
2331 2606 2371 2668 de
2392 2603 2451 2668 eius

438 2714 583 2778 valentia
618 2714 802 2777 secundum.
839 2713 1116 2777 consuetudinem
1150 2714 1317 2777 caveatur.
1376 2713 1472 2776 Hanc
1498 2711 1599 2795 igitur
1628 2711 1840 2777 collationem
1874 2712 1943 2775 sive
1974 2712 2245 2777 commissionem
2283 2732 2386 2795 usque
2416 2711 2450 2772 ad

438 2839 564 2884 annum
598 2822 673 2902 post
700 2821 841 2884 mortem
871 2821 1021 2882 nostram
1045 2819 1238 2883 duraturam
1261 2821 1376 2882 tenore
1399 2820 1609 2901 presentium
1633 2817 1697 2883 sibi
1721 2818 1987 2900 recognoscimus
2022 2836 2084 2900 pro
2109 2837 2167 2883 sex
2190 2821 2325 2883 tantum
2347 2815 2450 2882 marcis

439 2945 528 2990 anno
551 2925 703 3008 quolibet
726 2925 965 3007 persolvendis,
991 2945 1134 3009 quarum
1158 2945 1225 2990 una
1249 2926 1283 2989 et
1306 2926 1444 2990 dimidia
1467 2924 1650 3007 Stephane,
1674 2944 1742 2988 una
1766 2927 1799 2988 et
1823 2924 1959 2989 dimidia
1975 2925 2110 2990 Hinrico
2129 2925 2249 3007 Crispo
2265 2923 2449 3000 monetario,

437 3032 563 3114 relique
586 3034 654 3095 tres
679 3031 813 3095 domino
837 3032 1011 3112 oann0m1)
1034 3032 1257 3096 Wichmauno
1282 3032 1323 3095 de
1346 3031 1485 3112 Remhe,
1508 3030 1655 3095 iohanni
1672 3031 1822 3114 Sapienti
1839 3035 1874 3097 et
1888 3031 2034 3096 lohanni
2052 3033 2093 3096 de
2110 3032 2216 3096 Domo
2238 3030 2373 3112 lapidea
2387 3049 2450 3112 per-

438 3139 617 3203 solventur.
665 3138 709 3202 Ut
731 3141 842 3202 autem
867 3138 928 3201 hec
951 3157 971 3201 a
993 3140 1207 3221 posterorum
1228 3139 1390 3202 memoria
1413 3157 1481 3201 non
1506 3137 1672 3217 recedant,
1696 3139 1850 3203 dedimus
1875 3138 1905 3202 ei
1928 3157 2067 3221 presens
2090 3137 2250 3221 scriptum
2275 3134 2451 3220 superbiis

437 3243 625 3309 confectum
651 3244 749 3324 sigilli
775 3245 879 3309 nostri
902 3245 1085 3309 munimine
1109 3245 1313 3308 roboratum.
1360 3244 1478 3307 Testes
1495 3244 1613 3309 horum
1630 3249 1723 3309 sunt:
1747 3244 1971 3330 G(erhardus)
1987 3245 2145 3325 decanus
2169 3245 2344 3328 Wi(deg0)
2360 3241 2451 3307 sancti

437 3351 569 3415 Martini
585 3353 617 3414 et
633 3350 838 3434 C(onradus)
863 3350 967 3415 sancti
983 3350 1144 3416 iohannis
1168 3349 1339 3433 prepositi,
1364 3349 1570 3434 L(udoldus)
1592 3350 1786 3416 scolasticus
1809 3352 1842 3414 et
1857 3349 2047 3433 L(udollus)
2070 3352 2188 3415 cantor
2204 3351 2314 3416 etalii
2330 3349 2452 3416 ecclesie

438 3460 551 3521 nostre
575 3457 738 3534 canonici,
764 3455 937 3540 Lippollus
961 3457 1003 3521 de
1027 3457 1175 3520 Maneslo
1199 3457 1305 3536 milae,
1329 3455 1494 3521 Wiscelus
1519 3456 1560 3521 de
1576 3457 1722 3540 Rapber,
1746 3457 1956 3522 Borchardus
1974 3457 2014 3523 de
2031 3457 2236 3538 Nienborch‚
2261 3459 2452 3542 Stephanus,

437 3563 604 3629 Bertollus
638 3563 730 3628 Gloie
765 3567 797 3627 et
828 3563 882 3628 alii
914 3581 1015 3645 quam
1049 3564 1161 3645 plures
1191 3562 1374 3628 Mindensis
1409 3563 1550 3628 civitatis
1585 3564 1739 3628 consules
1767 3567 1802 3628 et
1829 3564 2022 3647 burgenses,
2073 3563 2198 3628 Datum
2231 3564 2345 3629 blinde
2379 3579 2453 3626 anuo

434 3670 572 3735 Domini
594 3669 818 3735 M⁰.CC⁰.LX⁰.
843 3671 970 3752 quinte,
996 3671 1037 3734 Il.
1062 3670 1230 3734 Kalendas
1254 3667 1418 3732 Octobris

654 3778 674 3842 ¹)
693 3774 731 3828 So
750 3775 798 3827 doc
818 3775 864 3827 Or.
883 3783 950 3827 ctott
967 3776 1111 3827 canonico?

572 3863 628 3928 Or.
651 3868 696 3927 irc
719 3863 790 3948 qu.
818 3861 908 3929 Scri.
932 3886 971 3926 au
995 3863 1144 3940 Mbncter,
1169 3861 1326 3926 Fbrstent.
1351 3863 1479 3928 Mimlcrc
1502 3859 1562 3930 Nr.
1586 3863 1639 3931 39.
1686 3863 1748 3930 Die
1770 3866 1840 3930 drei
1863 3863 1967 3950 Sr'eqel
1988 3887 2045 3929 voa
2067 3865 2126 3928 den
2150 3861 2456 3949 Perycmentctreifcu

652 3969 703 4034 cb.
749 3968 811 4034 Die
839 3967 998 4048 Orloanda,
1021 3971 1108 4055 pedr.
1135 3968 1285 4033 Zeiteclu·.
1311 3967 1355 4046 12,
1382 3967 1415 4034 S.
1439 3968 1516 4048 327,
1540 3975 1581 4034 iet
1605 3971 1684 4034 cucb
1707 3970 1835 4035 deebalb
1861 3969 2120 4049 bencerlceasrcert,
2144 3971 2213 4034 weil
2235 3973 2280 4035 cie
2306 3971 2356 4033 ote
2381 3967 2456 4031 lion·

582 4066 584 4072 ’
651 4087 719 4162 cept
740 4099 779 4140 zu
802 4078 870 4143 dero
891 4077 1030 4162 plcicbea
1059 4073 1206 4162 Vertrapc
1229 4099 1286 4140 ron
1310 4074 1396 4142 1297
1421 4076 1491 4140 buli
1512 4075 1554 4140 24
1578 4078 1701 4163 periberet
1723 4077 1779 4140 bct
1806 4078 1872 4141 aad
1893 4077 1994 4141 dieser
2016 4099 2075 4141 aas
2098 4077 2206 4163 obiqer
2232 4074 2316 4138 Urk.
2341 4076 2458 4140 wieder·-

652 4184 823 4268 berpeutcltt
844 4184 966 4248 werden
990 4183 1107 4248 bonam.

1405 4328 1496 4406 832.

436 4453 585 4544 Biscbof
607 4453 735 4546 (lieno)
762 4456 834 4526 rod
860 4456 917 4527 die
946 4456 1076 4526 Kircbe
1102 4478 1164 4526 ron
1194 4456 1343 4528 Minderc
1377 4458 1510 4545 ciriaca
1542 4457 1613 4527 stcb
1645 4457 1708 4527 mit
1736 4456 1801 4526 den
1830 4454 1967 4542 Grates
1994 4476 2058 4525 roa
2086 4455 2265 4526 Erersteio
2301 4453 2386 4524 aber
2410 4453 2459 4523 die

562 4562 890 4633 bobeitsrecbtlicbcn
927 4562 1158 4633 Verbdlbrc‘ssc
1183 4585 1247 4633 ron
1275 4562 1361 4650 Stift
1389 4563 1460 4633 und
1488 4564 1588 4634 Stortt
1620 4563 1774 4638 Hcmelrc.
1831 4561 1981 4633 Mirrderr
2008 4558 2108 4633 1265
2137 4559 2279 4633 Oktober
2312 4565 2344 4636 9.

548 4681 665 4745 Testes
689 4681 787 4746 huius
812 4681 859 4744 rei
883 4685 975 4745 sunt:
1011 4681 1139 4745 nobiles
1161 4680 1226 4745 viri
1250 4701 1360 4746 comes
1385 4681 1560 4747 Conradus
1584 4681 1626 4746 de
1649 4681 1821 4762 Eversten,
1857 4679 2013 4744 dominus
2036 4677 2255 4744 Widelrindus
2280 4678 2458 4744 advocatus

438 4788 480 4852 de
503 4788 627 4868 Monte,
663 4787 856 4852 Gerhardus
879 4789 1034 4862 decanus,
1065 4787 1237 4853 Ludoldus
1262 4789 1468 4869 scolasticus,
1498 4787 1659 4852 Ludolfus
1683 4786 1935 4852 archidiaconus
1957 4786 1992 4850 iu
2016 4784 2117 4867 Osen,
2147 4784 2314 4850 Ludolfus
2339 4786 2458 4860 cantor,

436 4893 575 4976 Widego
598 4894 705 4958 sancti
729 4896 861 4959 Martini
884 4897 918 4960 et
942 4895 1116 4959 Conradus
1138 4895 1245 4960 sancti
1267 4895 1428 4961 iohannis
1451 4893 1622 4977 prepositi,
1646 4893 1760 4959 Bruno
1784 4891 1825 4957 de
1848 4892 2052 4974 Spenthove,
2075 4890 2243 4956 Jordanus
2266 4891 2311 4956 de
2336 4889 2459 4954 Callen-

438 5000 552 5082 dorpe,
587 5000 761 5065 Albertus
781 5001 887 5084 Spric,
923 5002 1114 5067 Gerhardus
1149 5001 1191 5065 de
1226 5001 1424 5082 Hervordia,
1459 5000 1630 5065 Arnoldus
1666 5000 1707 5063 de
1742 4998 1876 5078 Scinna,
1915 4997 2109 5065 Florencius
2145 4997 2254 5062 dictus
2290 4996 2459 5072 Boleman,

437 5105 608 5172 Arnoldus
632 5107 750 5188 Knike,
774 5107 957 5172 Mindensis
982 5109 1119 5172 ecclesie
1143 5108 1292 5173 canonici
1317 5111 1350 5172 et
1373 5106 1505 5189 prelati3
1537 5106 1658 5172 milites
1681 5125 1760 5172 vero
1784 5109 1819 5170 et
1841 5103 2091 5170 ministeriales:
2114 5101 2312 5168 Florencius
2337 5102 2460 5184 Wigra·

437 5211 521 5292 vius,
545 5212 719 5278 Conradus
743 5215 777 5278 et
799 5213 995 5279 Thidericus
1020 5216 1061 5279 de
1084 5213 1192 5293 Utlen,
1217 5213 1391 5279 Conradus
1414 5213 1600 5278 sculthetus
1625 5212 1666 5278 de
1690 5212 1864 5291 Hamelen,
1889 5209 2066 5276 Heinricus
2083 5212 2118 5274 et
2132 5209 2330 5276 Florencius
2346 5209 2458 5274 fratres

438 5318 480 5382 de
498 5320 709 5403 Duugerden,
733 5319 846 5384 Bruno
870 5324 902 5385 et
926 5319 1119 5385 ltleintridus
1136 5320 1177 5384 de
1194 5321 1398 5404 Spenthove,
1423 5319 1614 5384 Gerhardus
1637 5318 1778 5402 dapifer,
1803 5316 1980 5383 Heinricus
2001 5320 2042 5383 de
2064 5315 2222 5397 Lerbeke,
2248 5315 2458 5381 Hermanuus

437 5424 479 5489 de
519 5425 781 5507 Haddenhusen,
819 5425 990 5491 lohannes
1029 5427 1070 5492 de
1107 5425 1300 5492 Barchusen
1341 5430 1374 5492 et
1413 5425 1470 5490 alii
1507 5445 1609 5508 quam
1647 5425 1760 5508 plures
1797 5424 2030 5489 ministeriales
2070 5407 2209 5488 ecclesie
2244 5424 2278 5486 et
2313 5419 2460 5496 vassalli,
