5062 6776
1042 620 1110 676 1272
2035 611 2104 676 313

1008 810 1140 896 Ι1007.

78 953 228 1028 Dechurtt
254 951 327 1022 aad
354 947 572 1040 Dornlmpitet
607 969 669 1019 von
707 947 854 1019 Miedea
890 945 1106 1019 eatscbeidca
1140 948 1237 1018 einen
1272 946 1379 1018 Streit
1411 947 1471 1018 des
1507 946 1609 1037 Stifts
1640 947 1774 1020 Leueru
1809 952 1871 1020 mit
1906 951 2100 1024 Hetembert

116 1058 321 1130 Ktimmerer
346 1077 459 1148 erepere
487 1055 597 1127 (aeter
625 1056 663 1124 in
693 1054 877 1130 Btertreim.
927 1052 971 1124 ln
1000 1052 1165 1124 claustro
1193 1052 1346 1124 maioris
1374 1052 1527 1125 ecclesie
1555 1053 1673 1130 Mind.
1704 1055 1800 1126 1272
1831 1055 1972 1129 Olctober
1999 1057 2057 1129 25.

185 1193 406 1276 G(erhardus)
446 1192 508 1258 Dei
546 1193 652 1275 gratia
690 1191 837 1257 decanus
876 1191 909 1256 et
947 1188 1129 1273 capitulum
1169 1189 1307 1255 ecclesie
1345 1190 1526 1256 Mindensis
1564 1192 1720 1257 omnibus
1758 1195 1931 1275 presentes
1970 1192 2099 1258 litteras

77 1301 274 1384 inspecturis
297 1299 441 1366 salutem
464 1298 499 1363 in
523 1298 677 1364 Domino.
724 1297 864 1380 Propter
891 1297 1026 1362 brevem
1049 1295 1153 1360 vitam
1180 1297 1353 1362 hominum
1382 1299 1416 1361 et
1442 1296 1579 1362 labilem
1610 1296 1803 1364 memoriam
1826 1298 2009 1364 eorundem
2032 1319 2099 1383 que

78 1405 283 1472 laudabiliter
307 1409 450 1488 aguntur
472 1405 692 1488 intempore,
722 1422 764 1468 ne
792 1422 853 1486 per
876 1400 1082 1486 calumpnias
1111 1405 1169 1468 aut
1198 1402 1344 1467 malicias
1367 1422 1602 1486 perversorum
1633 1403 1669 1469 in
1699 1403 1844 1470 recidive
1873 1404 2099 1471 contentionis

78 1513 268 1596 scrupulum
291 1513 496 1592 relabantur,
519 1511 703 1576 litterarum
727 1510 836 1576 solent
859 1511 892 1574 et
914 1508 1035 1574 merito
1059 1509 1183 1574 debent
1205 1508 1357 1593 apicibus
1381 1511 1538 1577 eternari.
1580 1510 1634 1574 Ad
1656 1514 1801 1576 vestram
1824 1510 1923 1594 igitur
1946 1510 2099 1594 cupimus

78 1619 247 1705 pervenire
272 1619 439 1700 noticiam,
463 1617 566 1701 quod,
596 1636 671 1682 cum
701 1615 787 1681 inter
810 1615 983 1680 dominum
1004 1613 1265 1700 B(urchardum)
1295 1617 1505 1698 prepositum
1536 1635 1574 1681 ac
1603 1616 1806 1681 abbatissam
1839 1619 1872 1682 et
1899 1618 2100 1682 conventum

77 1725 281 1790 inLeveren
305 1723 531 1788 Cistersiensis
555 1722 681 1788 ordinis
704 1721 887 1787 Mindensis
912 1721 1063 1800 dyocesis
1087 1724 1247 1805 exparte
1272 1740 1349 1803 una,
1378 1725 1412 1788 et
1440 1723 1696 1788 Helembertum
1720 1722 1847 1788 dictum
1871 1723 2099 1789 Camerarium

78 1830 208 1896 mititem
232 1850 274 1896 ex
298 1830 401 1895 altera
424 1850 525 1914 super
548 1829 748 1912 quibusdam
771 1827 866 1893 bonis
890 1828 925 1892 in
948 1827 1070 1894 Blasne
1093 1831 1184 1894 mota
1206 1828 1325 1894 fuisset
1346 1828 1552 1911 aliquamdiu
1576 1829 1714 1894 materia
1742 1829 1939 1912 questionis,
1964 1829 2099 1894 demum

79 1936 161 2003 dicto
184 1937 357 2021 preposito
381 1936 514 2002 nomine
536 1935 729 2002 monasterii
753 1955 813 2019 per
835 1933 1009 2018 privilegia
1032 1938 1065 1998 et
1080 1935 1247 2000 autentica
1269 1936 1490 2002 instrumenta
1512 1936 1687 2018 probante,
1711 1936 1804 2018 quod
1825 1936 1913 2002 bone
1936 1936 2096 2000 memorie

78 2043 275 2127 Ctonradus)
300 2043 483 2108 Mindensis
508 2041 685 2126 episcopus
709 2041 846 2125 capituli
869 2041 921 2107 sui
944 2041 1123 2106 accedente
1139 2060 1304 2107 consensu
1327 2042 1566 2126 proprietatem
1583 2043 1765 2107 eorundem
1788 2043 1955 2108 bonorum
1979 2042 2099 2106 libera-

78 2149 147 2214 liter
169 2149 367 2214 contulisset
381 2149 584 2215 monasterio
600 2150 796 2230 memorato,
819 2148 976 2231 quodque
999 2146 1090 2212 omni
1112 2146 1185 2229 iuri,
1209 2149 1237 2214 si
1261 2148 1343 2230 quid
1365 2149 1474 2214 eidem
1499 2147 1688 2214 Camerario
1712 2147 1924 2232 competebat
1947 2148 1981 2213 in
2006 2148 2100 2232 ipsis,

77 2256 115 2320 ab
138 2275 176 2319 eo
199 2255 429 2320 renunciatum
455 2255 572 2321 luisset
595 2255 741 2337 omnino,
765 2256 866 2337 prout
888 2255 924 2318 in
947 2253 1068 2319 litteris
1091 2254 1292 2320 venerabilis
1321 2253 1426 2337 patris
1451 2255 1577 2320 domini
1600 2253 1707 2319 nostri
1731 2255 1894 2339 Ot(tonis)
1917 2254 2099 2320 Mindensis

77 2362 230 2446 episcopi,
256 2381 368 2428 coram
392 2381 459 2446 quo
480 2363 542 2428 hec
568 2361 779 2428 renunciacio
802 2359 890 2426 iacta
912 2360 984 2438 fuit,
1017 2360 1148 2443 plenius
1179 2361 1376 2442 continetur,
1413 2362 1521 2426 dictus
1545 2361 1754 2427 Camerarius
1778 2361 1907 2444 prefato
1930 2362 2099 2445 preposito

76 2469 106 2532 in
130 2469 296 2534 delectum
320 2490 456 2536 suarum
479 2468 729 2552 probacionum,
754 2487 838 2551 quas
854 2465 1096 2532 insufficientes
1120 2467 1271 2548 asseruit,
1295 2467 1415 2535 detulit
1430 2468 1674 2551 iusiurandum,
1698 2468 1790 2552 quod
1812 2467 1948 2533 tandem
1971 2469 2100 2533 remisit

76 2575 178 2640 eidem
201 2576 327 2640 nostris
351 2577 384 2641 et
407 2575 548 2642 aliorum
570 2576 754 2658 proborum
782 2573 955 2640 hominum
979 2573 1124 2639 consiliis
1154 2574 1378 2656 acquiescens.
1431 2575 1500 2639 Nos
1524 2573 1623 2659 igitur
1651 2575 1767 2641 habito
1797 2595 1899 2658 super
1926 2574 2099 2658 premissis

77 2681 218 2764 diligenti
242 2685 387 2748 tractatu
410 2702 485 2748 cum
514 2682 720 2765 sapientibus
745 2683 779 2746 et
802 2679 955 2746 discretis
982 2679 1154 2745 iudiciaria
1183 2681 1345 2762 gravitate
1373 2684 1507 2747 servata
1530 2680 1777 2746 sentencialiter
1801 2679 1996 2747 diffiniendo
2020 2699 2099 2763 pro-

78 2788 315 2870 nunciavimus,
339 2789 505 2873 predictas
528 2788 741 2873 probationes
766 2786 929 2853 exhibitas
953 2786 1087 2851 nomine
1109 2787 1302 2852 monasterii
1329 2806 1441 2853 coram
1464 2789 1561 2853 nobis
1584 2787 1708 2852 habere
1736 2787 1819 2852 tanti
1841 2787 1972 2853 roboris
1994 2785 2102 2850 tirmi-

79 2897 188 2976 tatem,
213 2915 253 2960 ac
277 2895 305 2960 si
329 2899 417 2961 esset
440 2915 460 2960 a
482 2895 652 2979 preposito
669 2894 838 2978 sepedicto
854 2893 1032 2958 iuramenti
1048 2891 1206 2975 religione
1221 2890 1399 2975 firmatum,
1424 2893 1513 2976 quod
1531 2893 1634 2959 series
1658 2891 1705 2957 rei
1721 2894 1813 2977 geste
1836 2893 1928 2957 iuxta
1951 2893 2100 2976 ipsarum

75 3000 311 3082 probationum
334 3001 578 3068 continenciam
601 3001 828 3085 processisset.
875 3000 961 3065 Acta
984 3005 1064 3065 sunt
1086 3000 1149 3064 hec
1177 2999 1212 3066 in
1235 3000 1380 3064 claustro
1403 2999 1538 3066 maioris
1567 2999 1705 3064 ecclesie
1728 2998 1928 3080 Mindensis,
1960 3017 2102 3081 presen-

75 3107 157 3171 tibus
183 3107 341 3173 omnibus
365 3108 530 3174 canonicis
555 3107 687 3173 maioris
717 3107 855 3173 ecclesie
879 3105 1064 3171 Mindensis
1096 3108 1130 3169 et
1153 3106 1331 3183 militibus,
1361 3106 1512 3172 videlicet
1535 3105 1705 3171 Richardo
1729 3105 1852 3188 Vulpe,
1885 3104 2042 3169 Heinrico
2066 3106 2100 3168 et

75 3211 242 3279 Florencio
265 3212 424 3279 fratribus
448 3215 490 3279 de
507 3215 718 3297 Dungerden,
742 3212 893 3278 iohanne
910 3213 1061 3294 Selecop,
1086 3212 1257 3280 Gerhardo
1282 3215 1315 3277 et
1331 3213 1487 3277 Conrado
1511 3211 1669 3278 fratribus
1687 3212 1727 3277 de
1745 3211 1916 3292 Lutteren,
1939 3209 2100 3275 Bruuone

76 3319 112 3382 de
134 3319 339 3403 Spenthove,
362 3320 513 3385 Johanne
537 3322 578 3386 de
602 3319 795 3385 Barchusen
819 3323 853 3384 et
876 3319 948 3384 aliis
968 3339 1069 3403 quam
1094 3318 1248 3401 pluribus
1276 3319 1414 3384 ecclesie
1438 3321 1552 3384 nostre
1576 3319 1737 3384 militibus
1760 3321 1794 3383 et
1816 3316 1979 3396 vassallis,
2008 3335 2101 3381 anno

75 3426 199 3491 Domini
223 3425 511 3492 M⁰.CC⁰.LXXll⁰.
535 3426 636 3492 Vlll⁰.
660 3427 829 3493 Kalendas
854 3426 1062 3492 Novembris.

202 3566 259 3632 Or.
284 3571 327 3631 im
343 3566 416 3652 qu.
436 3565 543 3634 St-A.
567 3590 606 3632 zu
623 3567 772 3649 hleiaater,
796 3565 915 3632 Leoerrr
940 3565 999 3634 Nr.
1015 3563 1059 3630 91
1063 3619 1069 3633 .
1115 3563 1219 3652 Siepel
1233 3566 1287 3630 dee
1301 3563 1514 3650 Dornlcopitetr
1534 3587 1601 3629 corn
1616 3562 1931 3650 Perpammtatreesen
1951 3565 2101 3628 cerloren.

1021 3801 1139 3879 1008.

74 3927 264 3999 Erredlrltcr
284 3927 432 3998 Koarad
450 3949 512 3999 von
535 3926 733 3999 Osnubm'tct
759 3927 915 4016 beatdtipt
938 3929 1004 3999 dere
1022 3925 1126 4016 Kauf
1138 3929 1202 3999 der
1228 3927 1343 4017 Voptei
1360 3929 1397 3998 iu
1421 3925 1629 3999 Riesenbect
1647 3927 1755 3998 durch
1774 3927 1839 3998 dos
1858 3927 1920 4000 Kl.
1941 3927 2100 3999 Graven-

337 4035 429 4105 horst
455 4055 530 4104 vom
558 4033 694 4123 Grofen
724 4033 799 4106 Otto
825 4055 889 4104 eon
916 4034 1144 4124 Rouerwberp.
1201 4032 1397 4106 emoleret
1431 4032 1530 4104 1272
1560 4033 1748 4105 November
1775 4038 1829 4104 16.

174 4171 350 4237 Conradus
380 4170 441 4235 Dei
467 4170 574 4252 gratia
609 4169 875 4253 osnabrugensis
909 4171 1034 4235 electus
1069 4174 1102 4235 et
1131 4168 1348 4236 confirmatus
1379 4169 1545 4237 universis
1577 4169 1701 4235 Christi
1732 4168 1906 4250 fidelibus;
1942 4169 1984 4233 ad
2012 4188 2102 4251 quos

75 4293 207 4357 presens
231 4277 392 4359 scriptum
405 4276 431 4360 ¹)
455 4277 654 4359 pervenerit,
677 4277 713 4342 in
735 4277 877 4342 Domino
901 4278 1053 4341 salutem.
1100 4275 1208 4341 Officii
1239 4276 1345 4341 nostri
1375 4276 1524 4342 debitum
1548 4275 1775 4358 exsequimur,
1805 4295 1881 4341 cum
1908 4275 2099 4358 indempni-

75 4383 194 4448 tatibus
230 4382 445 4448 ecclesiarum
469 4387 581 4449 nostre
605 4383 755 4466 dyocesis
778 4386 995 4466 precaventes
1018 4402 1132 4448 earum
1155 4385 1255 4466 prout
1275 4402 1456 4465 possumus
1479 4383 1702 4466 prospicimus
1724 4381 1948 4447 incrementis.
1996 4382 2104 4464 lgitur

76 4489 115 4550 ad
136 4489 293 4556 noticiam
315 4491 383 4554 tam
408 4489 596 4555 futurorum
620 4509 719 4573 quam
742 4489 947 4572 presentium
970 4491 1146 4571 pervenire
1170 4489 1339 4572 cupimus,
1367 4489 1459 4572 quod
1481 4508 1543 4554 nos
1569 4488 1772 4572 emptionem
1796 4488 1967 4553 advocatie
1992 4488 2099 4553 bono-

74 4613 141 4658 rum
165 4597 199 4660 et
221 4595 438 4680 proprietatis
469 4597 624 4661 universe
652 4615 728 4660 cum
752 4595 822 4661 suis
846 4595 1036 4661 attinenciis
1058 4596 1093 4660 in
1117 4596 1325 4678 Rysenbelre,
1358 4615 1460 4678 quam
1485 4595 1620 4661 domina
1644 4595 1834 4660 ..abbatissa
1857 4597 1891 4658 et
1914 4597 2098 4660 conventus

75 4700 264 4766 ancillarum
293 4701 418 4766 Christi
452 4702 584 4767 novelle
610 4701 826 4784 plantationis
854 4702 889 4766 in
912 4701 1139 4768 Gravenhorst
1172 4703 1215 4768 ab
1246 4702 1367 4767 illustri
1390 4702 1460 4767 viro
1485 4701 1610 4767 Ottone
1641 4700 1761 4766 comite
1791 4701 1832 4766 de
1855 4699 2095 4765 Ravensberch

75 4823 143 4870 cum
166 4827 334 4874 consensu
358 4811 392 4872 et
406 4810 577 4874 voluntate
600 4808 714 4873 fratris
738 4809 789 4873 sui
813 4808 1003 4874 Lodhewici
1016 4808 1178 4893 prepositi
1201 4809 1309 4874 sancti
1331 4808 1494 4874 iohannis
1518 4827 1649 4873 necnon
1673 4807 1795 4872 nobilis
1819 4806 1953 4872 domine
1970 4807 2098 4872 Hathe-

74 4911 161 4994 vigis
184 4913 353 4979 comitisse
376 4915 592 4997 omniumque
616 4914 778 4980 heredum
801 4934 937 4979 suorum
961 4935 1021 4998 pro
1045 4917 1177 4980 centum
1200 4915 1318 4980 marcis
1335 4916 1548 4980 denariorum
1572 4913 1699 4980 usualis
1724 4916 1857 4979 monete
1881 4913 2097 4996 comparavit,

75 5019 176 5084 ratam
200 5039 239 5084 ac
263 5023 390 5103 gratam
412 5023 565 5086 tenentes
589 5020 699 5104 ipsam
721 5021 926 5087 auctoritatis
949 5022 1063 5086 nostre
1085 5021 1269 5088 munimine
1291 5021 1327 5086 in
1351 5021 1485 5088 nomine
1502 5020 1634 5088 Domini
1657 5019 1893 5086 confirmamus
1918 5018 2098 5084 districtius

75 5125 131 5189 sub
166 5126 299 5191 vinculo
334 5127 555 5192 anathematis
590 5127 789 5208 inhibentes,
820 5147 863 5191 ne
897 5127 972 5210 quis
1006 5127 1132 5193 dictum
1165 5127 1339 5211 collegium
1376 5128 1411 5191 in
1447 5128 1675 5194 Gravenhorst
1704 5127 1740 5191 in
1765 5126 1895 5210 prefata
1927 5126 2099 5208 emptione

75 5237 241 5311 presumat
274 5233 485 5316 aliquatenus
520 5233 707 5300 molestare.
758 5234 879 5299 Datum
918 5232 1111 5318 Osenbruge
1150 5254 1239 5300 anno
1273 5234 1406 5299 Domini
1441 5231 1755 5314 M⁰.CC⁰.LXX⁰II⁰.‚
1793 5231 1893 5298 xv10.
1928 5231 2103 5297 Kalendas

73 5334 271 5404 Decembris.

285 5463 306 5533 ¹)
329 5462 417 5517 Ueber
434 5463 483 5516 der
501 5463 586 5519 Zeita.

202 5585 257 5653 Or.
281 5591 325 5650 im
347 5587 420 5673 Kpl.
447 5585 551 5652 se-A.
575 5607 615 5650 zu
638 5586 789 5668 Mamer,
812 5584 1025 5652 &ramlera
1047 5582 1108 5650 Nr.
1133 5581 1185 5647 19.
1235 5581 1339 5668 Siepel
1359 5603 1427 5647 acm
1450 5581 1764 5669 Perpammtetreifen
1785 5584 1931 5649 verteres.

175 5743 471 5790 wordum-sucum.
1838 5727 1882 5792 lo
