5044 6816
1040 430 1109 485 1258
2036 419 2099 484 199

99 633 202 703 nobilis
224 631 262 695 de
284 629 412 694 Arnem
434 629 470 693 in
492 627 664 711 presentia
693 628 810 690 nostra
833 625 1034 690 constitutus
1057 626 1222 692 decimam
1249 627 1284 690 in
1307 626 1533 710 Eidentborpe
1563 647 1638 692 cum
1670 627 1740 692 suis
1769 628 1967 711 attinentiis,
1998 650 2101 714 quam

96 739 217 808 anobis
238 737 273 801 in
295 736 395 802 feodo
417 734 582 814 tenuerat,
613 751 689 798 eum
718 751 886 798 consensu
916 731 1028 796 uxoris
1059 751 1118 796 sue
1142 733 1277 797 domine
1300 731 1512 798 Mecbtbildis
1544 736 1577 798 et
1603 733 1768 800 heredum
1797 754 1934 802 suorum
1957 736 2099 819 Ludolfi,

100 843 235 925 Conradi,
257 839 405 906 Heinrici
427 839 461 906 in
484 858 603 905 manus
627 840 760 904 nostras
783 837 888 903 libere
911 838 1099 922 resignavit.
1138 837 1208 903 Nos
1224 859 1303 904 vero
1326 839 1483 922 precibus
1505 840 1711 906 honorabilis
1733 840 1795 904 viri
1815 840 1946 926 Gerlagi
1969 843 2099 909 abbatis

92 1059 236 1137 censetur,
264 1056 305 1121 de
336 1072 440 1120 manu
474 1053 635 1118 laicorum
667 1051 709 1115 ad
749 1069 847 1115 usum
877 1049 1110 1132 religiosorum
1139 1070 1381 1133 revocaremus,
1416 1052 1655 1136 proprietatem
1685 1054 1876 1136 supradicte
1908 1055 2036 1121 decime
2064 1057 2100 1121 in

97 1163 301 1245 Eidenthorpe
329 1179 406 1225 cum
429 1157 585 1223 omnibus
608 1157 678 1222 suis
702 1155 887 1223 attinentiis
910 1157 1112 1221 monasterio
1135 1157 1242 1222 sancti
1265 1158 1416 1223 Mauricii
1444 1158 1479 1222 in
1503 1159 1618 1224 Insula
1642 1159 1821 1225 liberaliter
1844 1161 2043 1226 contulimus
2067 1164 2103 1228 et

97 1268 243 1336 absolute.
290 1267 329 1332 ln
353 1267 449 1332 cuius
473 1264 520 1330 rei
542 1264 771 1330 testimonium
794 1282 933 1347 presens
957 1262 1118 1346 scriptum
1142 1262 1262 1328 exinde
1287 1263 1475 1328 consectum
1498 1265 1681 1331 munimine
1709 1265 1805 1348 sigilli
1833 1268 1939 1332 nostri
1962 1267 2100 1333 fecimus

95 1372 280 1442 communiri.
326 1372 445 1438 Testes
468 1371 567 1437 buius
591 1371 640 1436 rei
662 1373 755 1435 sunt:
785 1368 1003 1434 Widelu'ndus
1031 1367 1154 1435 nobilis
1185 1369 1365 1436 advocatus
1389 1371 1431 1436 de
1455 1371 1583 1450 Monte,
1607 1370 1812 1437 Wernherus
1835 1372 2000 1454 decanuS,
2032 1373 2100 1440 Lu·

93 1481 187 1548 dolius
209 1480 300 1561 Post,
324 1477 503 1544 Heinrieus
527 1478 569 1543 de
592 1477 684 1558 Slon,
709 1476 901 1542 Gerbardus
926 1479 1052 1557 cantor,
1076 1474 1253 1540 Conradus
1277 1477 1423 1541 decanus
1447 1477 1555 1541 sancti
1569 1477 1703 1544 Martini
1726 1478 1877 1544 canonici
1892 1479 2099 1558 Mindenses;

93 1585 261 1653 bichardus
277 1586 415 1668 Vulpes,
439 1582 614 1650 Conradus
639 1587 671 1648 et
695 1581 890 1648 Thiderieus
913 1582 1033 1647 fratres
1056 1581 1098 1646 de
1123 1581 1244 1662 Ufilen,
1268 1581 1438 1647 lohannes
1453 1583 1612 1664 Westval,
1638 1583 1862 1650 Helenbertus
1879 1585 2101 1666 Camerarius,

90 1691 247 1757 Heinrieus
273 1692 314 1756 de
337 1691 550 1771 Vorenbolte,
575 1689 754 1754 Heinrieus
779 1689 820 1754 de
844 1688 1036 1768 Bardeleve,
1060 1688 1249 1764 Richardus
1274 1689 1411 1769 ParuuS,
1440 1688 1613 1754 Conradus
1637 1692 1670 1754 et
1696 1690 1892 1756 Lodewicus
1916 1691 2034 1758 fratres
2059 1693 2101 1757 de

90 1797 263 1880 Bardeleve,
288 1797 428 1876 milites3
460 1795 624 1861 Wiscelus
649 1796 690 1860 de
713 1794 870 1876 Ratbcre,
897 1794 1084 1859 Friderious
1109 1794 1150 1858 de
1173 1793 1276 1858 Hasle
1300 1796 1483 1876 burgenses
1506 1795 1541 1858 in
1564 1795 1686 1876 Minda,
1716 1799 1749 1860 et
1772 1797 1828 1862 alii
1852 1798 2098 1882 quamplures.

87 1905 160 1970 Aeta
181 1906 257 1968 sunt
282 1904 344 1970 beo
367 1922 456 1968 anno
479 1901 613 1968 Domini
637 1899 943 1978 M⁰.CC⁰.L⁰.VHI⁰.,
966 1902 1002 1965 in
1027 1902 1080 1966 die
1104 1902 1208 1965 sancti
1233 1900 1346 1966 Blasii.

206 2007 258 2074 Or.
285 2012 331 2072 im
353 2007 426 2094 K9r.
454 2006 557 2074 sa-A.
582 2010 617 2071 in
640 2007 790 2084 Mirator,
815 2005 916 2070 Moriz
943 2005 1010 2084 und
1033 2003 1158 2072 Simon
1187 2009 1221 2068 in
1244 2007 1372 2070 Mindon
1399 2004 1459 2072 Nr.
1483 2005 1536 2070 25.
1587 2006 1781 2072 amoniaca
1808 2009 1861 2072 dea
1889 2007 2102 2094 manmena

285 2113 405 2200 sepeli
420 2137 463 2178 an
479 2111 804 2199 Pergamentrtreefen.
852 2111 948 2177 θεάν.
972 2111 1124 2176 Zeitacltn
1148 2113 1202 2176 dea
1218 2112 1289 2179 diet.
1314 2110 1440 2177 Vereins
1447 2115 1513 2198 fair
1527 2110 1777 2178 Nedarsaelsen
1795 2113 1849 2199 Jy.
1868 2113 1954 2178 1853
1971 2112 2007 2180 S.
2024 2114 2099 2181 102.

284 2219 400 2306 Repeti
427 2217 536 2300 Weatf.
563 2217 822 2285 ProrinzialBil.
847 2215 895 2296 ΙΙ,
921 2218 940 2280 4
966 2217 1000 2283 8.
1025 2216 1070 2281 42
1092 2216 1152 2283 Nr.
1175 2217 1229 2281 64.
1284 2217 1383 2284 Urber
1406 2219 1635 2303 Eidentborpe
1658 2243 1682 2286 a.
1708 2219 1784 2284 oben
1806 2218 1866 2286 Nr.
1889 2219 1965 2286 438.
2004 2219 2101 2285 Dom-

285 2327 358 2391 tar
382 2325 509 2405 Lndols
527 2324 610 2402 Post,
634 2325 703 2390 bier
724 2347 795 2388 aaran
818 2326 924 2390 arzon
946 2325 1031 2388 Male
1053 2324 1201 2401 erwidnt,
1226 2323 1319 2388 etirbt
1343 2325 1425 2388 nach
1451 2325 1518 2390 dem
1546 2326 1707 2391 mindam
1729 2323 1885 2411 Nekrolop
1909 2327 1998 2410 (Mac.
2030 2325 2058 2390 V
2055 2326 2099 2406 II,

282 2431 372 2496 2602
396 2430 431 2497 8.
456 2430 534 2508 103)
561 2454 613 2495 arn
634 2430 666 2494 2.
692 2428 870 2522 September
892 2431 1070 2512 (Antonini
1093 2431 1214 2515 mart).

1037 2609 1127 2688 688.
1216 2684 1217 2689 ,

84 2738 216 2829 Baelo!
248 2740 438 2814 Widclrind
464 2761 528 2811 verr
556 2739 706 2812 Mindon
737 2739 873 2811 sobenlrt
900 2740 976 2811 darn
1005 2739 1065 2812 Kl.
1101 2737 1283 2809 Wnlsrode
1310 2738 1375 2808 den
1402 2737 1554 2809 Zebnten
1581 2740 1620 2810 in
1646 2739 1864 2830 BerMinpen,
1895 2740 2001 2812 Oibns
2029 2741 2101 2811 nnd

81 2846 267 2920 Flottwedal
295 2847 370 2919 and
388 2849 485 2919 einen
503 2847 590 2917 Zins
616 2869 680 2918 nna
698 2847 780 2918 arrei
798 2847 962 2918 Hdnsern
988 2847 1026 2916 in
1044 2844 1151 2916 Horst
1169 2845 1241 2916 and
1259 2843 1477 2934 Beclrlinpen,
1505 2844 1562 2916 die
1589 2845 1660 2916 ilem
1678 2847 1734 2917 dia
1752 2846 1894 2918 Brider
1912 2847 2100 2918 Bernbard

81 2954 144 3024 and
161 2953 365 3027 Alexander
382 2975 447 3026 von
465 2952 608 3026 aetnam
625 2974 668 3023 an
689 2951 845 3024 Gnnsien
863 2951 924 3023 des
944 2951 1102 3022 Klosters
1120 2951 1303 3036 rosionicrt
1320 2949 1436 3020 haben.
1473 2949 1518 3021 In
1537 2948 1647 3023 Novo
1667 2949 1800 3022 Castro
1821 2950 1923 3026 4258
1942 2953 2048 3024 Mira
2068 2957 2099 3024 9.

176 3072 300 3137 Testes
327 3071 425 3136 buius
450 3071 497 3136 rei
521 3073 613 3136 sunt:
639 3071 853 3136 Hermannus
877 3071 918 3136 de
935 3069 1031 3152 Hoya
1047 3069 1226 3133 canonicus
1242 3068 1437 3149 Mindensis,
1463 3068 1626 3135 Ludolsus
1643 3071 1747 3134 sancti
1763 3070 1895 3135 Martini
1911 3071 2101 3150 canonicuS,

85 3177 239 3260 Nycolaus
263 3179 435 3258 sacerdos,
458 3176 650 3242 Bernardus
674 3178 715 3242 de
739 3176 799 3257 Lo,
824 3176 1010 3260 Lippoldus
1035 3176 1076 3240 de
1099 3174 1282 3256 Mandes10‚
1311 3175 1492 3252 Tydericus
1517 3177 1557 3241 de
1581 3175 1723 3257 Uffclen,
1747 3176 1908 3241 Ludolsus
1933 3178 1974 3242 de
1990 3177 2102 3260 Nyen-
2159 3167 2160 3170 ¹

84 3285 186 3366 borch,
210 3284 391 3350 Conradus
416 3286 448 3348 et
472 3284 664 3350 Gerbardus
686 3282 806 3347 fratres
831 3282 872 3347 de
897 3282 1068 3364 Lutteren,
1092 3281 1283 3346 Gerhardus
1308 3282 1348 3346 de
1373 3282 1500 3364 Horne,
1523 3282 1655 3348 milites.

196 3389 252 3454 Or.
279 3393 328 3454 ina
349 3388 425 3474 Kyr.
451 3387 556 3454 sc-A.
580 3411 620 3452 zu
642 3389 791 3467 Minater,
815 3385 971 3454 Firatent.
996 3387 1124 3451 Minden
1147 3384 1207 3452 Nr.
1222 3384 1276 3450 29.
1325 3385 1429 3471 Siepel
1451 3389 1517 3450 and
1540 3387 1744 3474 Refertiqnny
1768 3387 1819 3466 ab,
1844 3390 1894 3452 dic
1914 3385 1994 3454 Urlr.
2012 3388 2099 3452 stark

281 3497 409 3560 onear
422 3495 488 3559 and
501 3517 598 3580 pepon
612 3495 672 3559 den
689 3492 820 3558 Sallues
836 3495 978 3558 teilwerirc
992 3493 1187 3557 nnleaerliclr.
1226 3491 1366 3557 Garine.
1384 3489 1581 3578 Hodenbery,
1598 3493 1805 3579 Linebnrper
1825 3492 1856 3557 U
1856 3494 1895 3557 B.
1912 3493 2006 3559 Abra.
2024 3492 2099 3574 XV,

282 3599 319 3666 8.
346 3599 388 3666 47
412 3598 471 3667 Nr.
498 3599 541 3665 49
575 3600 657 3664 narb
680 3597 804 3686 Kopion
827 3597 888 3677 IX,
912 3597 979 3664 260
1002 3595 1046 3676 II,
1070 3600 1125 3678 fol.
1153 3597 1215 3661 irio
1238 3602 1282 3661 ina
1304 3596 1378 3684 qu.
1406 3597 1510 3664 sa-A.
1534 3622 1574 3662 aa
1596 3598 1774 3679 Hannooer,
1804 3601 1871 3664 nnd
1899 3598 2100 3680 Windnoein,

278 3705 375 3771 Saba.
400 3707 474 3792 dipl.
505 3703 557 3784 VI,
584 3704 617 3772 8.
644 3705 718 3784 443,
743 3704 858 3791 Reqeot
878 3730 905 3768 a.
928 3703 1123 3790 Hodenbergj,
1148 3702 1255 3790 Hoyer·
1283 3701 1350 3768 UB.
1377 3703 1466 3767 Acri.
1497 3701 1586 3783 VIII,
1613 3703 1648 3770 S.
1671 3704 1716 3768 68
1740 3703 1801 3770 Nr.
1825 3704 1879 3774 67.

1034 3883 1128 3962 689.

74 4012 161 4101 Grai
192 4013 373 4086 Heinrich
406 4011 478 4084 nnd
515 4012 638 4101 Grdfin
670 4012 850 4084 Elisabeth
884 4035 947 4083 von
983 4013 1174 4103 Oldenbnrp
1214 4011 1379 4082 sobenkcn
1412 4011 1475 4082 dar
1511 3999 1668 4083 Miliaria
1704 4013 1854 4101 Heilwip
1887 4013 1961 4085 and
1995 4013 2101 4085 deren

74 4118 277 4192 Schwestern
316 4119 374 4191 die
408 4119 474 4191 alte
507 4114 606 4208 Bwrp
640 4117 819 4208 Seperrtbal
851 4118 904 4190 bei
945 4119 1060 4190 Vlotbo
1092 4141 1157 4189 aar
1191 4115 1346 4207 Stislnnp
1378 4120 1469 4188 eines
1502 4114 1658 4189 Klosters
1691 4119 1764 4189 and
1796 4118 1945 4191 dotieren
1979 4121 2100 4191 dieses.

922 4228 1023 4298 1258
1052 4227 1159 4296 Mira
1187 4223 1249 4295 46.

166 4345 239 4429 Ego
265 4343 487 4428 Heinrieus1)
514 4363 625 4410 comes
655 4344 697 4408 de
729 4343 993 4429 Aldenborch2),
1024 4343 1196 4409 Elizabeth
1227 4343 1396 4408 comitissa
1427 4343 1583 4407 omnibus
1613 4345 1700 4408 hanc
1723 4344 1867 4409 litteram
1890 4343 2099 4407 intuentibus

70 4449 204 4516 salutem
228 4453 265 4515 in
290 4468 375 4515 vero
397 4449 578 4532 salutarit).
625 4447 828 4533 Quoniam4)
852 4469 891 4514 ea
915 4469 981 4534 que
1008 4453 1178 4532 geruntur,
1208 4448 1236 4512 si
1261 4449 1393 4532 scriptis
1423 4468 1493 4514 non
1521 4449 1645 4516 suerint
1673 4449 1913 4530 commendata,
1947 4469 1988 4513 ex
2012 4448 2101 4513 sacili

74 4553 110 4617 ab
131 4556 315 4622 bominum
340 4555 500 4621 memoria
522 4554 691 4638 labuntur,
727 4556 802 4620 ideo
831 4554 998 4640 siquidem
1026 4575 1155 4638 eaque
1183 4556 1322 4621 fecimus
1346 4555 1423 4620 huic
1446 4557 1568 4638 pagine
1592 4555 1728 4638 dignum
1751 4555 1905 4621 duximus
1928 4554 2098 4619 intitulari.

74 4659 187 4728 Notum
212 4663 260 4728 sit
284 4661 390 4746 igitur
412 4662 586 4744 universiS,
610 4662 703 4746 quod
726 4682 788 4726 nos
813 4663 923 4727 divina
953 4663 1136 4746 inspirante
1163 4663 1267 4744 gratia
1296 4661 1541 4727 communicato
1570 4661 1710 4727 consilio
1739 4662 1848 4726 locum
1883 4661 2051 4744 quendam
2059 4659 2099 4744 ⁵),

68 4767 119 4847 qui
148 4769 333 4835 dicebatur
362 4769 536 4852 antiquum
560 4769 714 4833 Castrum
745 4769 780 4832 in
802 4767 1002 4854 vlotower),
1031 4769 1082 4833 cui
1110 4788 1233 4832 nomen
1262 4765 1441 4854 inditum⁷)
1471 4771 1505 4832 et
1533 4767 1636 4832 Vallis
1663 4768 1896 4848 beneditionis,
1932 4766 2099 4832 abbatisse

71 4872 262 4960 Helewigiss)
301 4877 338 4940 et
366 4874 437 4940 suis
472 4875 707 4940 consororibus
743 4873 971 4940 Cisterciensis
999 4874 1126 4940 ordinis
1154 4874 1336 4939 Mindensis
1367 4875 1509 4940 diocesis
1519 4873 1547 4960 9)
1578 4875 1613 4940 in
1635 4876 1770 4940 nomine
1799 4874 1924 4940 domini
1948 4873 2051 4938 nostri
2060 4871 2098 4954 ¹⁰)

67 4977 212 5066 Jhesufl)
230 4981 366 5047 Christi
390 4980 537 5046 crucifixi
562 4981 604 5046 ad
627 4981 789 5046 bonorem
812 4981 909 5046 beate
925 4981 1060 5063 virginis
1076 4980 1177 5046 Marie
1202 4984 1234 5045 et
1257 4981 1400 5064 gloriose
1423 4981 1576 5066 Annae)
1601 4982 1752 5047 eiusdem
1774 4981 1910 5064 virginis
1933 4979 2098 5063 genitricis

68 5085 162 5152 libere
186 5087 400 5154 contulinrus
423 5087 675 5172 possidendum,
700 5089 747 5152 ita
771 5090 807 5152 ut
822 5086 971 5171 predicte
995 5087 1129 5153 domine
1153 5091 1187 5152 et
1212 5107 1327 5153 earum
1350 5090 1531 5170 posteritas
1554 5091 1720 5173 perpetuo
1736 5087 1818 5152 inibi
1834 5086 1976 5152 Domino
1992 5084 2099 5149 lamu-

66 5192 217 5260 larentur.
271 5194 434 5260 Preterea
457 5195 494 5258 ut
517 5213 537 5256 a
560 5193 656 5260 nobis
680 5193 791 5277 aliqua
814 5193 1060 5258 sustentatione
1083 5195 1278 5277 gauderent,
1307 5194 1481 5260 ecclesiam
1504 5196 1539 5258 in
1562 5193 1820 5276 Valendorpeffl)
1844 5212 1919 5256 cum
1943 5190 2098 5256 omnibus

67 5301 129 5365 suis
153 5300 363 5380 attinentiis,
387 5298 617 5365 molendinum
640 5299 731 5383 quod
753 5298 895 5365 vicinius
919 5299 1047 5366 adiacet
1070 5302 1226 5380 claustro,
1251 5302 1377 5364 curiam
1403 5298 1710 5382 Hebneyxburg14),
1740 5317 1839 5381 agros
1861 5298 1920 5382 qui
1944 5297 2098 5363 dicuntur

66 5404 276 5492 Coppeleffi),
303 5407 431 5470 terram
440 5404 479 5490 ¹⁶)
504 5406 674 5489 quandam
682 5403 723 5488 17)
753 5427 819 5491 que
831 5404 871 5486 ¹⁸)
903 5403 1023 5470 dieitur
1046 5405 1134 5469 Brolr
1165 5407 1206 5470 de
1234 5409 1336 5490 ponte
1368 5426 1477 5488 usque
1501 5407 1544 5471 ad
1567 5405 1678 5471 locum
1701 5405 1759 5487 qui
1783 5405 1901 5469 dieitur
1924 5401 2098 5486 Stowe19),
