4992 6786
1015 395 1082 448 1276
1986 378 2051 442 335

165 597 215 659 Or.
237 597 280 656 im
303 593 377 677 Kpl.
404 591 510 657 Sl.-A.
534 613 573 653 zu
596 591 747 671 Milnoter,
775 587 924 668 Grafacfr.
949 587 1150 674 Raoeooberp
1173 587 1233 653 Nr.
1252 587 1303 655 16.
1340 590 1394 652 Aa
1411 587 1724 675 Perqomentatrcifcn
1747 593 1780 653 16
1802 589 1920 676 6611616
1943 588 2055 656 Wacfra

235 701 294 763 dae
321 699 457 763 verietate
485 699 570 761 66616
600 695 702 782 816661
732 697 785 760 dee
811 694 956 778 Biecdofs
982 698 1040 758 mil
1069 693 1262 779 Rrickaiepel.
1315 692 1382 780 Vqr.
1413 697 1462 759 dic
1490 694 1569 760 Ura.
1599 693 1706 774 Wcatf.
1735 694 1767 758 U
1768 695 1807 762 B.
1833 695 1898 775 ΙΙΙ,
1928 695 1960 762 S.
1984 697 2052 762 518

235 805 294 872 Nn.
318 805 394 871 997.
441 807 578 870 11166666
601 804 660 868 6661
682 801 776 867 111166
802 799 879 866 sW.
905 800 1050 879 11661666,
1074 799 1245 866 (16161661
1266 803 1426 869 Modewic
1449 825 1487 867 zu
1510 803 1631 869 666166.

982 967 1092 1043 1071.

46 1102 121 1186 0661
150 1099 221 1168 0116
249 1119 314 1166 666
333 1095 551 1184 1166660666
577 1093 737 1181 66616611
763 1095 826 1162 mit
844 1093 1083 1181 Zaatimmaup
1110 1095 1221 1164 661666
1240 1093 1400 1164 Bruders
1420 1095 1576 1184 1616616,
1606 1096 1769 1186 Propstes
1788 1118 1851 1166 666
1870 1119 1894 1173 a.
1913 1098 2052 1170 Jolrona

47 1210 74 1276 16
100 1203 296 1289 0666166161,
330 1201 570 1273 6616661166
598 1200 745 1289 Hcdwip
778 1200 849 1270 6661
881 1201 993 1269 661666
1028 1199 1167 1270 Kindcr
1194 1202 1384 1290 Hermann,
1413 1200 1571 1291 16611616,
1603 1200 1686 1290 0116,
1714 1199 2051 1296 Romanarum,

204 1310 289 1398 0616,
319 1309 444 1399 sopore
471 1309 533 1378 der
560 1303 835 1378 stadilianum
862 1306 928 1377 dea
955 1307 1036 1392 Hos
1056 1304 1207 1376 11161666.
1271 1307 1484 1380 0661666661
1513 1305 1619 1378 1276
1648 1308 1789 1380 0116666
1816 1308 1876 1381 12.

137 1478 142 1492 .
168 1478 207 1492 ..
240 1427 454 1512 presentibus
483 1428 667 1491 Remberto
697 1426 739 1489 de
767 1425 916 1504 Busche,
952 1424 1142 1489 Everhardo
1173 1426 1214 1490 de
1242 1427 1473 1508 Varentborpe
1501 1426 1674 1507 militibus;
1710 1427 1852 1494 Ludolfo
1882 1430 1990 1495 iudice
2018 1432 2053 1496 in

45 1538 203 1616 Bekehem,
245 1536 407 1599 Lutberto
438 1536 479 1599 de
507 1533 676 1608 Beveren,
716 1532 918 1596 Godescalco
942 1532 1088 1610 Scaden,
1127 1531 1317 1596 Everbardo
1348 1532 1388 1596 de
1411 1531 1613 1614 Anedopen‚
1653 1534 1823 1598 Gerhardo
1854 1536 1896 1599 de
1921 1536 2053 1618 Olethe,

46 1645 155 1708 Thoma
178 1643 218 1706 de
242 1642 448 1725 Lippeburg,
473 1640 623 1720 famulis;
658 1640 853 1704 Hermanno
883 1639 923 1703 de
947 1638 1252 1718 Tbunninchusen,
1284 1637 1436 1703 iohanne
1466 1640 1506 1702 de
1530 1638 1687 1719 Polhem,
1715 1641 1838 1705 Tizone
1862 1643 1902 1706 de
1925 1644 2052 1724 Wersa,

46 1751 222 1831 Engelberto
245 1749 343 1828 Bote,
367 1748 505 1812 Hinrico
530 1750 564 1812 et
579 1747 809 1812 Hildebrando
834 1746 931 1809 dictis
956 1746 997 1808 de
1013 1744 1241 1826 Weseldoren,
1267 1745 1583 1827 Gerhard0Weten,
1607 1747 1790 1810 ratmannis
1812 1749 1853 1812 de
1869 1748 2052 1831 Bekehem;

47 1857 231 1938 thincgravio
257 1857 298 1920 de
322 1854 548 1936 Ravensberg,
573 1853 769 1919 Giselberto.

158 1961 252 2026 Gedr.
279 1959 434 2038 bedebur,
460 1959 578 2023 Arabio
601 1956 666 2036 III,
693 1958 727 2023 S.
751 1957 828 2036 308,
862 1955 965 2040 Weetf.
995 1954 1023 2019 U
1028 1955 1067 2023 B.
1094 1954 1155 2035 ΙΙΙ,
1184 1955 1218 2021 S.
1242 1954 1309 2020 518
1332 1955 1392 2022 Ν6.
1416 1956 1493 2024 997.
1543 1957 1656 2043 1169661
1680 1959 1783 2036 116666,
1814 1959 1880 2025 UB.
1906 1962 1935 2025 d.
1963 1960 2056 2025 stadt

238 2067 393 2151 Bielcfcld
417 2065 451 2130 S.
474 2065 517 2128 24
545 2063 602 2128 Ν6.
626 2064 679 2130 37.
735 2063 924 2128 Wadealrart
946 2067 988 2127 161
1010 2063 1150 2128 (16666116
1173 2067 1230 2127 6616
1254 2064 1451 2140 Morienfeld.

983 2246 1096 2323 1072.

50 2377 117 2447 Vola
143 2377 270 2467 Papste
306 2382 469 2446 66666616
505 2375 645 2445 Richter
672 2374 860 2460 belanden,
895 2373 978 2443 dass
1014 2373 1077 2443 der
1106 2372 1259 2443 Pricster
1286 2373 1456 2442 Heinrich
1484 2373 1618 2443 Brinta
1651 2374 1751 2444 ollem
1782 2375 1963 2446 11666166
1991 2377 2053 2447 der

44 2479 149 2554 106616
176 2485 212 2553 in
231 2482 414 2571 Bielefeld,
443 2481 509 2552 dos
536 2481 609 2574 ipsi
633 2488 765 2552 contra
793 2478 973 2550 Ottonem
999 2477 1164 2549 nobilem
1192 2477 1315 2548 virum
1342 2478 1517 2549 comitem
1537 2480 1583 2550 de
1603 2477 1848 2576 Ravensberg
1867 2537 1873 2551 .
1890 2537 1921 2552 ..
1951 2505 2051 2554 conr-

524 2591 679 2680 peteret,
707 2593 837 2675 6616661
864 2586 957 2658 bobo.
1015 2585 1174 2656 filiaster
1203 2583 1304 2655 1276
1334 2584 1556 2661 0111616614.

156 2706 251 2771 Gedr.
286 2704 390 2785 Weatf.
420 2704 451 2768 U
453 2706 491 2768 B.
517 2704 538 2768 I
541 2702 574 2782 V,
609 2703 643 2768 S.
666 2701 732 2767 691
761 2702 821 2766 Nr.
847 2701 949 2782 1442,
986 2701 1114 2788 Lamp,
1145 2701 1254 2766 (16661.
1279 2703 1308 2766 d.
1337 2701 1411 2769 Gar.
1444 2725 1501 2766 666
1529 2702 1728 2788 1166661666
1753 2702 1825 2769 Cod.
1850 2705 1924 2790 (1161.
1953 2704 1984 2772 S.
2009 2705 2054 2770 50

235 2811 300 2877 Nr.
324 2811 379 2890 50,
406 2811 584 2889 0111666666,
611 2810 761 2875 11666661).
785 2809 975 2875 1166161661.
1002 2807 1062 2887 ΙΙΙ,
1090 2807 1123 2875 S.
1152 2805 1224 2875 169.

990 3008 1102 3085 1073.

47 3136 180 3207 Dieron
210 3139 289 3209 dem
321 3137 516 3208 Errodfdtcn
541 3134 682 3207 Konrod
706 3159 770 3207 666
799 3135 998 3207 0666661616
1021 3137 1283 3227 Beoaftropten,
1313 3136 1376 3205 der
1395 3135 1523 3226 Propst
1541 3158 1605 3206 666
1624 3137 1758 3208 Leucrn
1776 3137 1849 3208 aad
1868 3139 1930 3209 der
1948 3138 2054 3210 Prior

46 3244 91 3313 des
115 3244 420 3335 Prediperklosters
447 3246 486 3314 16
505 3244 664 3334 Mindeu,
699 3244 802 3314 66666
839 3243 905 3314 den
936 3239 1381 3331 6666616166166166611661
1402 3242 1462 3312 des
1490 3242 1804 3316 Polroaotsrecfrtcs
1838 3242 2054 3318 1661116666

46 3351 72 3418 16
96 3352 298 3423 0166666661
325 3352 435 3422 aaron
453 3351 512 3424 111.
535 3350 765 3421 0666666661
793 3351 866 3439 aas,
895 3351 988 3439 16666
1016 3351 1081 3420 deo
1102 3352 1249 3421 Nonacri
1267 3346 1378 3420 Basse
1406 3348 1517 3436 6161116
1544 3350 1615 3437 auf
1635 3351 1707 3422 aad
1731 3351 1963 3441 6666611666
1990 3352 2055 3424 dos

46 3456 135 3528 116611
161 3459 212 3529 616
240 3461 298 3529 cin
328 3457 503 3529 06661661
531 3457 591 3527 des
610 3457 810 3528 Erwdlrltcu
837 3457 964 3527 6161166
990 3457 1124 3532 6661161,
1171 3459 1217 3528 16
1237 3457 1299 3526 der
1318 3456 1449 3526 Kirche
1466 3479 1510 3526 66
1528 3456 1701 3527 1616166166
1719 3461 1816 3530 1276
1836 3457 1976 3530 0116666
1996 3457 2054 3532 19.

134 3577 307 3642 Universis
331 3576 455 3642 Christi
486 3575 642 3641 fidelibus
671 3579 845 3659 presentes
873 3576 1004 3640 litteras
1031 3575 1231 3658 inspecturis
1254 3575 1504 3659 Burchardusl)
1532 3576 1722 3658 prepositus
1754 3577 2055 3643 sanctimonialium

46 3683 72 3744 in
93 3682 233 3748 Leveren
258 3687 292 3748 et
316 3683 418 3748 frater
440 3683 644 3748 Rembertus
672 3683 764 3765 prior
787 3682 926 3746 fratrum
951 3682 1200 3747 Predicatorum
1229 3683 1263 3747 in
1287 3682 1401 3746 blinda
1429 3702 1505 3747 cum
1532 3682 1719 3749 orationum
1752 3684 1931 3750 devocione
1959 3685 2055 3748 certi-

46 3789 176 3854 tudinem
211 3792 261 3856 rei
291 3793 391 3871 geste.
441 3790 525 3855 Cum
559 3789 638 3854 olim
674 3789 844 3854 abbatissa
879 3792 910 3853 et
945 3792 1128 3854 conventus
1164 3789 1463 3855 sanctimonialium
1498 3789 1533 3852 in
1568 3789 1794 3855 Gravenborst
1819 3790 2055 3872 Cysterciensis

45 3895 151 3959 ordinis
175 3896 445 3978 osnaburgensis
470 3897 619 3978 dyocesis
642 3895 724 3960 iuris
747 3895 907 3978 periciam
939 3915 1005 3959 non
1032 3896 1196 3960 habentes
1229 3896 1281 3960 ius
1305 3898 1501 3977 patronatus
1530 3895 1669 3960 ecclesie
1693 3897 1735 3960 de
1757 3895 1954 3974 Rysenbeke
1979 3917 2055 3961 cum

45 4001 101 4063 suis
121 4003 334 4084 pertinenciis
366 4023 385 4068 6
415 4003 518 4068 666111
545 4004 616 4067 6166
645 4003 767 4067 011666
798 4002 918 4066 comite
943 4003 984 4066 de
1015 4002 1272 4084 Ravenesberge
1300 4005 1552 4084 comparassent
1581 4007 1671 4067 certa
1694 4003 1834 4085 pecunie
1858 4003 2054 4086 quantitate,

46 4109 224 4174 renerabilis
248 4112 346 4192 pater
370 4110 524 4174 dominus
541 4110 715 4174 Conradus
732 4109 1001 4191 Osnaburgensis
1025 4109 1151 4173 electus
1167 4129 1261 4174 suam
1286 4109 1319 4173 in
1343 4129 1405 4172 nos
1422 4109 1655 4174 auctoritatem
1678 4109 1857 4174 transfudit
1882 4109 2056 4190 negocium

46 4213 137 4278 totum
159 4221 193 4282 et
215 4217 340 4298 omnia,
364 4216 435 4281 sine
459 4217 582 4298 quibus
606 4216 755 4299 expediri
779 4235 846 4279 non
862 4217 995 4297 poterat
1017 4215 1069 4279 vel
1094 4215 1270 4281 rectificari
1294 4219 1485 4280 contractus
1509 4215 1712 4298 huiusmodi,
1737 4218 1848 4281 nostre
1865 4215 2057 4306 discretioni

47 4321 250 4404 committens,
275 4326 377 4407 prout
400 4323 434 4387 in
458 4323 576 4387 litteris
600 4321 697 4388 nobis
722 4321 855 4386 directis
879 4322 1011 4405 plenius
1035 4326 1088 4387 est
1116 4341 1319 4405 expressum.
1367 4321 1496 4387 Deinde
1520 4322 1691 4388 abbatissa
1719 4323 1784 4387 iam
1814 4323 1902 4389 dicta
1929 4324 2056 4389 ducens

48 4443 142 4492 secum
165 4430 362 4512 priorissam
385 4433 419 4494 el
443 4450 543 4495 unam
568 4449 716 4494 sororem
740 4429 792 4493 sui
817 4433 1001 4493 conventus
1035 4431 1191 4513 prototo
1216 4449 1277 4493 suo
1301 4428 1437 4510 colleg'o
1461 4429 1552 4492 venit
1576 4429 1726 4495 Lutbeke
1755 4429 1851 4495 nobis
1878 4449 2056 4496 occurrens

47 4529 162 4616 ibidem,
196 4540 231 4602 et
255 4557 332 4601 cum
356 4535 494 4601 formam
519 4539 708 4600 contractus
739 4535 842 4599 illiciti
877 4536 972 4600 nobis
1002 4536 1189 4618 expositum
1221 4535 1413 4618 simpliciter
1443 4538 1476 4599 et
1499 4536 1645 4601 totaliter
1674 4536 1883 4601 audissemus
1912 4556 2057 4619 eumque

48 4635 207 4706 fuissemus
233 4642 476 4707 rationabiliter
504 4642 672 4721 detestari,
707 4644 834 4726 prefate
859 4642 1039 4722 abbatissa,
1075 4643 1234 4725 priorissa
1258 4645 1291 4706 et
1315 4641 1448 4707 domina
1473 4663 1539 4725 que
1563 4661 1637 4706 cum
1661 4642 1708 4707 eis
1732 4644 1846 4707 aderat
1870 4643 1979 4726 ipsum
2004 4643 2057 4709 ius

47 4747 228 4823 patronatus
253 4768 330 4813 cum
352 4750 506 4814 omnibus
530 4749 573 4814 ad
597 4749 679 4814 illud
702 4749 946 4832 pertinentibus
971 4749 1165 4832 simpliciter
1188 4749 1281 4814 nulla
1303 4768 1442 4831 prorsus
1474 4750 1629 4832 apposita
1660 4749 1852 4815 condicione
1875 4751 1999 4814 nostris
2023 4749 2058 4814 in

47 4852 183 4918 manibus
207 4855 419 4939 resignarunt
441 4856 679 4940 iniungendam
703 4856 766 4920 sibi
797 4855 1021 4939 penitenciam
1049 4856 1217 4921 humiliter
1244 4859 1467 4939 expectantes.
1515 4857 1733 4922 Postmodum
1757 4875 1835 4920 vero
1858 4875 1919 4920 nos
1942 4856 2059 4921 habita

47 4955 274 5026 deliberacione
298 4982 374 5028 cnm
396 4963 547 5028 honestis
570 4963 650 5028 viris
675 4963 795 5028 abbate
819 4962 861 5027 de
878 4964 1012 5043 Scinna,
1038 4963 1207 5047 preposito
1224 4965 1265 5028 de
1282 4964 1476 5046 Nenthorpe
1501 4965 1533 5027 et
1549 4964 1685 5027 domino
1703 4963 1897 5028 Hermanno
1913 4964 2058 5046 plebano

47 5061 80 5126 de
101 5065 247 5134 Lutbeke
272 5068 358 5133 hanc
381 5069 603 5153 penitenciam
625 5069 828 5135 iniunximus
855 5074 925 5135 tam
949 5069 1118 5134 abbatisse
1146 5089 1247 5152 quam
1279 5069 1458 5134 conventui
1482 5070 1698 5152 supradictis,
1730 5071 1820 5153 quod
1851 5069 1940 5134 omni
1963 5073 2058 5136 sexta

46 5168 115 5234 feria
136 5193 195 5256 per
219 5175 385 5258 integrum
410 5195 535 5241 annum
565 5177 714 5259 quelibet
743 5177 877 5241 domina
911 5179 952 5242 de
983 5179 1150 5241 conventu
1179 5197 1280 5242 unam
1320 5177 1460 5260 accipiat
1495 5177 1704 5260 disciplinam
1734 5179 1768 5241 et
1802 5177 1876 5259 ipso
1905 5177 1959 5241 die
1988 5177 2058 5241 solo

47 5273 157 5342 ferculo
180 5281 248 5346 cibi
272 5282 567 5364 quadragesimalis
593 5287 749 5348 contenta
774 5287 926 5348 maneret
948 5283 983 5347 in
1007 5302 1138 5364 mensa,
1162 5283 1242 5347 item
1266 5282 1357 5365 quod
1385 5304 1445 5367 per
1469 5303 1596 5349 annum
1623 5303 1725 5348 unam
1755 5283 1891 5348 missam
1914 5283 2059 5348 votivam

47 5401 96 5462 per
117 5387 323 5468 spiritualem
346 5390 513 5455 decantari
537 5389 684 5454 facerent
707 5391 928 5473 capellanum,
959 5389 1038 5454 item
1062 5389 1315 5473 quodsingulis
1345 5390 1441 5455 annis
1471 5390 1506 5454 in
1530 5391 1614 5456 festo
1638 5390 1770 5472 patroni
1800 5389 1833 5453 in
1858 5392 2062 5472 perpetuum
