5062 6776
1045 417 1113 472 1210
2038 402 2099 468 991

86 618 245 682 donamus
275 617 309 680 et
339 613 548 697 assignamus
582 616 699 678 tenore
732 612 938 696 presentium
973 614 1198 698 approbantes
1232 615 1267 678 et
1300 612 1539 680 confirmantes
1574 613 1787 679 donationem
1821 613 1910 680 bone
1945 613 2104 679 memorie

84 721 209 788 comitis
240 720 389 786 Heinrioi
417 720 459 785 de
488 719 681 802 Oldenborg
714 739 841 803 sueque
869 719 1019 804 coniugis
1047 720 1142 784 vobis
1172 719 1303 785 iactam.
1350 720 1395 785 Ut
1419 721 1531 785 autern
1554 721 1616 784 hec
1640 719 1774 784 donatio
1798 719 1871 784 sine
1894 720 1977 784 iuris
2001 718 2102 786 alieni

83 827 138 894 fiat
166 825 361 909 preiudicio,
395 825 544 909 prefatos
573 823 754 892 Rodolsum
777 828 810 890 et
834 825 1014 892 Henricum
1049 826 1180 891 advos
1214 825 1469 892 transmittimus
1503 826 1545 890 de
1575 827 1729 891 manibus
1763 825 1882 893 vestris
1918 844 1979 891 sua
2006 825 2104 892 feoda

83 935 280 1016 recepturos.
327 933 400 1012 Que
430 932 458 997 si
488 931 553 996 iarn
586 936 793 1015 receperunt,
825 931 899 1016 ipsa
926 931 1072 1015 receptio
1096 933 1193 998 nobis
1216 933 1334 1015 placet.
1383 931 1537 1013 Datumt)
1562 952 1650 998 anno
1675 932 1809 999 Domini
1833 931 2102 997 M⁰.CC⁰.LXIX⁰.

295 1039 315 1104 ¹)
333 1037 436 1091 Laeros·
454 1037 533 1090 rnre
544 1037 597 1106 fn'r
616 1037 666 1090 rien
686 1037 924 1106 rineatcllnnpaert.

212 1125 269 1190 Or.
292 1129 337 1190 im
359 1127 478 1190 Arellio
500 1127 553 1190 der
575 1125 628 1188 Kt.
654 1123 785 1189 Locrum
808 1128 866 1189 nir
889 1126 1114 1212 derobddiptem
1135 1126 1359 1212 derzfdrmipon
1384 1125 1487 1212 Siopol
1508 1130 1565 1190 mit
1587 1128 1655 1192 dem
1673 1125 1813 1213 Sporren
1837 1149 1878 1190 on
1904 1125 2104 1212 Porpomont·

293 1234 430 1314 atreison.
477 1230 572 1298 Gedru
596 1256 623 1295 o.
648 1229 839 1317 Hodenber9‚
866 1229 1072 1318 obtmbnper
1100 1231 1131 1296 U
1134 1232 1170 1300 B.
1196 1231 1292 1298 Abrl.
1321 1231 1381 1310 Ill,
1409 1232 1443 1299 8.
1470 1231 1532 1297 194
1558 1231 1617 1296 Nr.
1641 1231 1717 1300 292.

1051 1429 1145 1507 949.

83 1557 196 1647 iniq
217 1557 377 1631 Riciord
404 1555 534 1628 erlandi
561 1556 637 1628 dom
666 1555 804 1644 tirason
832 1555 970 1644 Irrrdolf
990 1578 1054 1628 oon
1082 1557 1207 1628 Dossol
1235 1558 1291 1628 dio
1310 1557 1435 1646 Hn'lslo
1462 1557 1521 1628 des
1548 1557 1689 1629 Woldoa
1708 1557 1845 1649 Sollinp,
1874 1557 1935 1630 dos
1957 1557 2104 1630 Gotones

82 1687 141 1736 non
168 1663 360 1736 Adelobsen
386 1663 474 1734 noclr
502 1663 636 1735 Hister
663 1663 735 1734 nnd
763 1684 827 1734 non
857 1662 1007 1734 Mindon
1023 1663 1121 1742 ‚noct
1148 1663 1298 1736 Homeln
1324 1664 1396 1734 ond
1424 1662 1483 1734 dos
1509 1663 1620 1735 Zollos
1646 1686 1690 1734 on
1717 1664 1931 1754 Bodonsoldo
1958 1666 2104 1752 jacens

83 1772 140 1842 der
166 1771 289 1845 Wosor
316 1793 362 1842 nn
389 1769 455 1840 don
476 1769 610 1858 Heroon
627 1769 787 1841 Albrecln
813 1791 878 1840 non
897 1769 1168 1859 Bronnsclnooip
1193 1791 1236 1840 on
1265 1769 1462 1859 pertranseo,
1491 1771 1553 1842 dor
1576 1771 1650 1842 dies
1675 1770 1758 1842 altos
1785 1771 1880 1842 donn
1904 1770 2013 1861 plaicio
2033 1771 2104 1842 ilnn

398 1897 474 1947 norn
501 1875 629 1948 Boiotro
655 1899 700 1947 en
727 1877 825 1948 Leirn
852 1882 972 1965 tropon
999 1875 1088 1949 sollo.
1143 1874 1413 1947 Berkernstode
1442 1879 1540 1949 1270
1566 1877 1706 1948 Jonnor
1732 1880 1791 1950 20.

212 1992 309 2062 θεάν.
347 1991 536 2074 8πιᾶειιᾶονῐζ
576 1991 647 2058 UB.
683 1993 739 2058 der
773 1991 864 2057 Here.
902 2014 957 2056 oon
993 1991 1424 2079 Bronnsclrwoip-Lrinebnr·9
1452 1992 1478 2072 Ι,
1517 1993 1551 2059 8.
1583 1992 1627 2057 46
1661 1991 1724 2058 Nr.
1757 1991 1800 2059 70
1832 1994 1898 2058 nnd
1931 2006 2015 2058 sonat
2046 1997 2105 2058 mn

292 2100 574 2180 Wertnmestede3
607 2103 740 2184 ponant
762 2103 804 2164 ist
828 2097 1096 2184 Berkliompateod
1129 2096 1166 2161 N
1172 2097 1215 2161 W.
1242 2097 1372 2164 London
1393 2103 1428 2163 in
1451 2101 1507 2164 dor·
1532 2099 1722 2184 Grajirclrofl
1745 2098 1907 2180 Hertford.
1956 2099 2104 2166 Bonna·-

293 2203 416 2285 Fiokor,
441 2205 538 2292 Repo.
563 2208 636 2292 imp.
668 2203 702 2284 V,
726 2204 788 2269 Nr.
811 2202 909 2284 5468,
933 2206 993 2290 opt.
1018 2205 1098 2269 oncle
1119 2203 1208 2269 5469
1231 2206 1297 2270 rond
1317 2229 1420 2292 wopan
1443 2207 1497 2272 deo
1522 2208 1819 2292 Aneeteltnnpaorios
1839 2204 1940 2272 5387.

1042 2403 1139 2482 950.

81 2529 228 2620 Bisclros
254 2530 328 2603 ono
355 2552 420 2602 von
450 2530 598 2603 Mindon
627 2529 786 2618 vericensi
814 2531 880 2602 don
908 2531 1041 2603 Sdbnen
1068 2531 1129 2603 dos
1158 2531 1341 2603 Friedrich
1366 2552 1431 2602 non
1450 2531 1576 2603 Hossoi
1604 2533 1669 2604 don
1688 2531 1770 2620 Hos
1781 2532 1819 2603 in
1838 2531 2105 2624 Hilfordinpson

343 2637 407 2708 mn
442 2635 621 2708 Vordotvolt
648 2638 708 2708 dos
735 2635 957 2725 Riclrlrnnlos
984 2637 1161 2710 innerlrolb
1189 2640 1262 2709 nior
1288 2638 1432 2713 dolenen.
1487 2636 1588 2710 1270
1616 2637 1774 2710 Fobrnor
1800 2641 1835 2717 2.

179 2757 299 2822 Frater
326 2757 406 2821 Otto
447 2755 560 2820 divina
593 2757 813 2839 permissione
842 2756 1024 2822 Mindensis
1054 2756 1233 2839 episeopus
1265 2756 1420 2822 omnibus
1456 2758 1520 2822 boc
1550 2757 1710 2841 seriptum
1742 2756 1864 2823 visuris
1898 2759 2041 2823 salutem
2068 2759 2103 2824 in

81 2863 224 2928 omnium
257 2864 431 2928 salvatore.
479 2863 641 2927 Noverint
670 2861 828 2943 universi,
861 2863 952 2945 quod
981 2883 1042 2928 nos
1066 2863 1193 2929 curiam
1215 2863 1250 2927 in
1274 2863 1609 2944 Hildewardighuseu
1634 2883 1710 2928 curn
1732 2863 1889 2930 omnibus
1915 2863 2103 2929 attinenciis

81 2967 146 3033 suis
169 2969 392 3051 proventibus
416 2971 450 3033 et
472 2968 656 3034 redditibus
680 2968 794 3050 pueris
810 2969 970 3034 Friderici
993 2969 1072 3034 dieti
1097 2971 1139 3034 de
1163 2969 1266 3034 Hasle
1290 2970 1345 3052 pie
1368 2969 1524 3036 memorie
1548 2989 1609 3053 pro
1626 2973 1761 3034 eentrnn
1775 2970 1895 3035 mareis
1912 2970 2103 3036 Bremensis

80 3075 201 3157 argenti
238 3073 451 3140 vendidimus
479 3077 512 3138 ct
541 3074 782 3140 infeodavimus
810 3076 948 3158 capituli
978 3076 1083 3141 nostri
1111 3075 1202 3141 bona
1229 3076 1400 3142 voluntate
1428 3079 1462 3140 et
1490 3095 1655 3141 consensu
1682 3077 1716 3142 et
1744 3075 1882 3142 consilio
1913 3078 2104 3158 accedente,

80 3179 268 3246 huiusmodi
292 3184 406 3246 tamen
430 3180 634 3246 condicionis
664 3181 812 3246 remedio
835 3181 1019 3262 interiecto,
1044 3183 1090 3263 ut,
1120 3181 1150 3246 si
1174 3201 1235 3248 nos
1259 3182 1310 3246 vel
1333 3200 1543 3247 successores
1567 3183 1673 3246 nostri
1696 3182 1765 3247 sive
1789 3181 1893 3247 eciam
1919 3183 2104 3265 capitulum

81 3291 225 3352 nostrum
256 3288 419 3369 prefatam
447 3287 573 3352 curiam
603 3286 691 3351 intra
718 3290 863 3370 quatuor
891 3307 999 3353 annos
1008 3289 1034 3374 1)
1064 3289 1234 3373 proximos
1264 3289 1418 3353 videlicet
1439 3287 1507 3370 int)
1537 3289 1591 3352 die
1615 3286 1854 3371 purificationis
1879 3289 1979 3353 beate
2001 3289 2104 3354 Mario

81 3411 136 3474 pro
163 3413 297 3457 summa
325 3395 508 3459 memorata
535 3413 684 3458 reemere
710 3393 923 3474 voluerimus,
953 3394 1096 3458 liberum
1124 3393 1169 3458 sit
1192 3395 1303 3476 nobis3
1334 3393 1362 3458 si
1386 3395 1497 3459 autern
1523 3395 1707 3480 predictam
1737 3395 1863 3459 curiam
1887 3393 1973 3458 intra
1997 3395 2104 3461 dictos

81 3503 216 3580 quatuor
243 3518 350 3565 annos
374 3519 522 3566 reemere
545 3499 797 3582 neglexerimus,
833 3500 900 3564 iam
923 3499 1001 3565 dicti
1023 3499 1118 3583 pueri
1142 3503 1175 3565 et
1198 3521 1314 3568 eorum
1336 3501 1477 3566 heredes
1501 3499 1609 3583 ipsam
1632 3501 1756 3565 curiam
1780 3500 1908 3583 absque
1933 3500 2001 3566 ulla
2024 3521 2104 3567 con-

81 3606 275 3671 tradictione
298 3608 461 3690 perpetuo
485 3605 707 3688 possidebunt
728 3606 801 3671 iure
823 3606 954 3672 feodali.
1003 3605 1154 3685 Quodsi
1178 3626 1239 3672 nos
1263 3607 1314 3672 vel
1338 3625 1548 3672 successores
1573 3609 1707 3671 nostros
1731 3609 1789 3671 aut
1812 3606 1898 3672 iorte
1922 3607 2104 3690 capitulum

80 3716 226 3777 nostrum
265 3712 331 3776 iam
366 3732 446 3794 sepe
477 3711 599 3776 dictam
629 3712 754 3778 curiam
786 3733 933 3778 reemere
963 3711 1172 3796 contigerin)
1195 3733 1257 3798 pro
1280 3732 1410 3778 summa
1433 3713 1575 3796 pecunie
1598 3716 1788 3792 memorate,
1811 3713 1907 3795 pueri
1930 3715 2104 3779 tamenin

80 3819 190 3884 eodem
213 3821 290 3884 iure
313 3819 507 3898 manebunt,
531 3819 623 3901 quod
646 3819 729 3902 ipsis
751 3818 787 3884 in
811 3821 899 3885 dicta
922 3821 1013 3886 curia
1028 3821 1190 3886 haetenus
1206 3820 1430 3902 competebat.
1477 3818 1594 3884 Testes
1611 3818 1711 3884 huius
1728 3819 1776 3882 rei
1791 3821 1885 3885 sunt:
1909 3820 2104 3887 Gerhardus

81 3924 229 4008 decenne,
269 3925 444 3990 Heinricus
474 3927 596 4006 custos,
632 3925 794 3991 Ludolius
827 3928 955 4003 cantor,
988 3927 1127 4008 Widego
1157 3926 1348 4009 prepositus
1380 3925 1488 3990 saneti
1518 3925 1664 4007 Martini,
1700 3924 1875 3990 Conradus
1911 3928 2103 4010 prepositus

80 4032 179 4095 sancti
203 4031 382 4110 iohannis,
416 4032 586 4098 Arnoldus
610 4032 651 4097 de
675 4031 808 4110 Scinna,
844 4033 1012 4112 canonici3
1047 4032 1241 4096 Florencius
1263 4031 1461 4113 Wigravius,
1486 4031 1676 4096 Richnrdus
1699 4032 1834 4115 Vulpes,
1860 4033 2036 4098 Heinricus
2061 4035 2102 4100 de

81 4136 288 4220 Dungerden,
323 4137 517 4203 Gerhardus
546 4141 580 4204 et
608 4137 781 4204 Conradus
817 4139 934 4204 fratres
963 4139 1004 4204 de
1033 4137 1202 4216 Lutteren,
1236 4137 1406 4203 lohannes
1434 4137 1476 4203 de
1503 4137 1711 4217 Bacchusen,
1746 4137 1907 4222 Gerlagus
1935 4140 1976 4204 de
2000 4140 2103 4223 Eyss-

80 4242 209 4326 bergen,
248 4244 421 4310 Tidericus
446 4245 487 4309 de
512 4244 721 4326 Horseholte,
757 4243 929 4311 Tidericus
952 4245 994 4310 de
1017 4244 1141 4326 Ulilen,
1176 4244 1370 4310 Floreneius
1398 4243 1439 4308 de
1462 4245 1674 4326 Dungerden,
1709 4243 1848 4324 milites3
1883 4245 2029 4311 Wicclus
2061 4247 2101 4313 de

80 4347 230 4432 Ratbere,
257 4350 481 4416 Godescalcus
505 4353 547 4417 de
569 4350 728 4432 Bordere,
751 4352 920 4416 lohannes
943 4349 1035 4432 Bloc,
1059 4349 1240 4416 Bertoldus
1264 4350 1377 4433 Gloge,
1402 4349 1566 4415 Ludolius
1590 4351 1632 4414 de
1656 4350 1769 4429 Hasle,
1793 4351 1986 4416 Gerhardus
2010 4354 2102 4437 apud

81 4461 222 4522 sanctam
248 4458 396 4539 Mariam,
431 4458 654 4523 Godescalcus
678 4458 720 4521 de
742 4457 821 4521 Alta
843 4458 965 4539 platea,
999 4457 1176 4523 Heinricus
1201 4457 1243 4521 de
1268 4457 1468 4536 Nienborcb‚
1505 4456 1683 4521 Heinricus
1707 4456 1849 4538 Sprunc,
1886 4457 2101 4526 Hermannus

81 4561 117 4626 de
138 4563 235 4646 Foro,
261 4564 455 4629 Gotscalcus
479 4565 521 4628 de
549 4565 744 4644 stemmere,
768 4563 991 4629 Godescalcus
1019 4562 1234 4644 MonetariuS,
1257 4563 1416 4629 Albertus
1440 4563 1481 4629 de
1506 4563 1622 4640 Reme,
1652 4562 1828 4628 Heinricus
1852 4563 2044 4630 Burmester
2068 4569 2101 4631 et

80 4669 129 4732 alii
151 4689 255 4752 quam
281 4671 405 4753 plures.
440 4671 484 4735 Ut
507 4674 619 4735 autern
644 4671 706 4736 hec
728 4670 818 4752 apud
840 4674 994 4753 posteros
1017 4671 1119 4735 robur
1141 4670 1315 4736 obtineant
1339 4669 1449 4734 debite
1473 4667 1650 4747 firmitatis,
1673 4689 1813 4753 presens
1837 4670 1998 4754 scriptum
2021 4673 2101 4738 inde

80 4776 261 4842 confectum
296 4780 411 4843 nostro
447 4780 481 4842 et
508 4776 645 4860 capituli
682 4775 786 4841 nostri
822 4795 954 4840 necnon
984 4778 1018 4840 et
1046 4775 1188 4842 civitatis
1211 4775 1393 4841 Mindensis
1420 4774 1537 4857 sigillis
1560 4776 1699 4840 fecimus
1723 4777 1931 4843 communiri.
1978 4778 2100 4844 Datum

79 4898 161 4946 anno
183 4883 319 4950 Domini
341 4883 480 4948 M⁰.CC⁰.
506 4883 763 4967 septuagesimo,
786 4883 820 4946 in
844 4883 897 4947 die
921 4881 1160 4966 purificationis
1184 4882 1283 4947 beate
1306 4881 1416 4946 Mario.

291 4991 311 5054 ¹)
329 4988 375 5042 Or.
395 5004 480 5042 annos
499 4989 614 5060 doppelr.
653 4989 674 5056 ¹)
692 4989 720 5041 in
739 4987 790 5057 cus
805 4987 906 5041 linear.
944 4988 965 5056 ³)
984 4987 1030 5040 Or.
1050 4989 1218 5058 contingerit.

209 5076 266 5141 Or.
292 5081 336 5141 im
358 5077 431 5164 Kpl.
459 5076 566 5144 sn-A.
589 5100 628 5141 on
651 5077 801 5155 Mirator,
836 5089 873 5140 et.
899 5077 1020 5142 Maenio
1048 5080 1083 5142 in
1105 5077 1233 5141 Mindon
1264 5074 1324 5143 Nr.
1351 5077 1401 5140 15.
1448 5075 1518 5155 Ant
1548 5075 1603 5140 der
1634 5074 1798 5140 Riekreito
1831 5098 1889 5140 nort
1914 5075 2015 5142 Hand
2046 5079 2101 5144 doe

290 5183 340 5250 15.
376 5183 449 5250 dle:
483 5205 586 5269 super
613 5185 705 5251 curia
734 5184 770 5250 in
805 5184 1112 5267 Hilbertingbusen.
1171 5182 1233 5248 Die
1267 5183 1337 5247 droi
1371 5181 1476 5268 Siepet
1508 5204 1565 5246 oon
1600 5182 1658 5247 den
1693 5181 2012 5268 Perpomennneiton
2047 5185 2098 5252 od.

289 5291 591 5375 Hilwardighusen,
618 5289 696 5371 joint
728 5287 965 5376 Hilferdinpeen
997 5292 1042 5353 im
1074 5289 1132 5353 Kr.
1161 5290 1298 5367 Mindon,
1333 5289 1457 5374 poledris
1491 5312 1530 5352 zn
1561 5289 1619 5355 den
1657 5291 1782 5355 ditecten
1810 5289 2015 5375 Beonznnqon
2042 5313 2104 5356 oon

287 5407 325 5461 et.
350 5395 481 5475 Martio,
505 5397 566 5483 opi.
596 5394 757 5474 thnanr,
781 5393 856 5464 ΚΠ.
886 5393 991 5477 chtf.
1016 5393 1061 5475 II,
1085 5394 1146 5460 Nr.
1175 5392 1238 5460 172
1260 5419 1290 5460 n.
1317 5393 1391 5463 185.

1818 5505 1883 5568 37⁸
