5168 6798
1091 484 1158 542 1251
2089 475 2150 541 157

122 683 255 750 domini
278 701 366 767 pape
389 682 431 747 ab
456 679 809 761 excommunicatione,
839 699 941 764 quam
963 679 1042 744 inde
1064 680 1287 760 incurrerunt,
1310 678 1510 746 remittimus
1533 681 1626 746 iuxta
1647 681 1787 748 somnam
1811 685 1948 751 ecclesie
1971 686 2152 770 absolutos,

127 790 330 856 mandantes
353 788 479 854 eisdem
502 786 591 852 inter
614 786 679 852 alia
702 786 765 852 sub
789 786 904 852 debita
925 784 1057 869 prestiti
1080 784 1268 867 iuramenti,
1294 787 1331 851 ut
1353 805 1451 869 passe
1474 787 1630 854 iniuriam
1650 791 1681 854 et
1705 790 1853 872 ecclesie,
1878 792 1971 858 cuius
1993 793 2152 859 immuni·

125 897 235 962 tatem
269 895 448 978 fregerunt,
484 893 690 960 satisfaciant
725 894 962 976 competenter.
1007 894 1074 958 Vos
1102 893 1214 956 autem
1247 891 1457 957 considerata
1487 893 1587 977 culpa
1608 892 1759 978 ipsorum
1781 896 1961 980 iniungatis
1986 899 2034 964 eis
2056 901 2152 984 peni·

124 1001 272 1068 tentiam
295 1001 485 1068 salutarem.
531 999 629 1078 Quod
653 1000 682 1064 si
705 997 897 1066 satisfacere
920 996 1192 1084 contempserint,
1215 998 1308 1082 ipsos
1328 997 1364 1062 in
1380 1000 1730 1068 excommunicationis
1753 1003 1952 1072 sententiam
1975 1005 2151 1071 reducatis.

266 1121 320 1189 Or.
342 1127 386 1188 im
410 1121 483 1210 Kpt.
511 1121 613 1188 sn-A.
636 1143 676 1186 nn
698 1118 875 1199 Hannover,
906 1117 1068 1204 Wnnatorf
1086 1117 1147 1186 Nr.
1170 1118 1203 1198 3,
1227 1122 1291 1199 anf
1309 1121 1365 1186 dor
1388 1120 1563 1190 rinnon:
1586 1124 1751 1210 Episcopo
1774 1127 1938 1194 Mindensi
1961 1149 2024 1212 pro
2048 1130 2153 1196 Hein-
2238 1193 2242 1202 .

343 1231 421 1313 rico,
445 1230 597 1296 iohanne
620 1231 654 1295 ct
676 1228 866 1296 Godeoerto
889 1227 993 1294 laicis·
1038 1223 1104 1291 Ein
1128 1225 1234 1312 Siopot
1256 1227 1313 1291 hot
1332 1232 1384 1292 nio
1407 1251 1449 1292 ora
1471 1229 1528 1294 dor
1555 1228 1705 1296 Urknndo
1725 1231 1893 1319 podonyorr,
1918 1233 1995 1298 odor
2014 1237 2059 1299 im
2076 1233 2153 1301 Per-

342 1347 468 1421 pomoni
489 1336 575 1402 secto
593 1332 729 1400 Scitndto
751 1334 807 1413 fiir
823 1334 882 1400 den
903 1330 1093 1400 Varianos
1139 1330 1202 1398 Dio
1226 1330 1351 1413 senon
1369 1334 1479 1418 poton
1500 1335 1556 1402 dor
1578 1347 1678 1402 oraton
1692 1334 1803 1418 Editio
1825 1339 1879 1404 dos
1903 1337 1946 1404 13
1960 1338 2075 1407 nnn.
2099 1363 2151 1407 on.

1091 1547 1185 1626 548.

127 1681 241 1772 Popst
271 1681 440 1752 lnrnconr
467 1679 492 1750 1
498 1677 536 1754 V.
569 1677 764 1767 boonslropt
798 1676 863 1748 don
892 1676 1090 1748 Doctonton
1122 1675 1196 1746 nnd
1223 1675 1417 1748 Sctotnstcr
1447 1699 1512 1748 non
1545 1678 1667 1768 anor
1697 1679 1760 1751 mn
1792 1680 1855 1751 dor
1897 1681 2155 1774 Untorsnctnnp

266 1786 330 1857 dor
357 1784 572 1874 Ktoposoclto
599 1783 659 1856 dos
687 1783 747 1854 Kt.
776 1783 912 1855 Lonorn
935 1805 1041 1874 pepon
1072 1782 1199 1854 Ticino
1226 1804 1290 1854 non
1325 1783 1522 1858 Voswinlcol.
1576 1784 1675 1876 Dyon
1701 1786 1793 1860 1251
1819 1786 1960 1860 Jnnnor
1986 1791 2020 1858 4.

269 1918 323 1985 Or.
350 1923 395 1984 im
422 1918 496 2006 th.
527 1917 633 1986 sn-A.
667 1941 707 1982 on
734 1917 884 2000 Mindon,
917 1915 1037 1983 Lonorn
1067 1914 1127 1982 Nr.
1158 1914 1213 1982 69.
1274 1915 1369 1983 Geor.
1404 1915 1516 1997 Finlco,
1553 1916 1626 1984 PU.
1668 1917 1785 2006 Wcatf„
1822 1920 1857 1988 S.
1888 1919 1955 1986 239
1986 1919 2046 1990 Nr.
2076 1922 2153 1990 521.

344 2027 416 2091 Dae
442 2025 499 2092 Or.
530 2027 586 2090 irat
616 2027 839 2092 Woswinbele
862 2035 937 2090 enan
959 2024 1189 2092 Woswinkelc.
1236 2023 1349 2109 Reponi
1379 2021 1481 2103 Weotf.
1510 2022 1584 2088 ΠΒ.
1609 2023 1668 2104 IV,
1696 2024 1729 2091 S.
1752 2025 1819 2093 277
1841 2025 1901 2094 Nn.
1926 2026 2001 2108 431,
2024 2028 2154 2096 Archiv.

347 2133 498 2200 Zoitroltr.
523 2129 586 2212 ΙΙΙ,
613 2130 648 2198 S.
671 2132 714 2196 51
739 2129 800 2194 Nr.
824 2127 877 2196 86.

1096 2291 1191 2371 549.

129 2425 282 2514 Biscdot
308 2423 446 2498 Jotonn
473 2444 536 2494 non
564 2420 715 2493 Mindon
743 2419 907 2492 doknndot
942 2419 1098 2494 Vernictt
1131 2420 1194 2491 dor
1220 2442 1249 2491 o.
1279 2419 1559 2492 Hoddontonson
1586 2420 1658 2510 ons
1679 2423 1745 2492 don
1772 2422 1922 2495 Zointcn
1948 2425 1986 2495 in
2013 2424 2163 2515 Isintorf

403 2552 446 2600 nn
474 2528 630 2602 Geraeston
657 2526 718 2598 dos
746 2525 978 2615 Moriostistos
1004 2547 1066 2598 nor
1094 2527 1253 2600 Mindon.
1308 2526 1499 2618 Roinoborp
1527 2524 1624 2598 1251
1651 2527 1810 2600 Fodinar
1835 2532 1889 2601 15.

239 2667 409 2733 iohannes
433 2663 494 2730 Dei
518 2663 627 2746 gracia
647 2662 830 2730 Mindensis
854 2662 1033 2745 episcopus
1057 2661 1219 2728 universis
1235 2662 1359 2728 Christi
1375 2661 1531 2728 fidelibus
1547 2681 1687 2746 presens
1704 2663 1865 2746 scriptum
1882 2665 1999 2732 visuris
2016 2665 2159 2732 salutem

128 2775 166 2839 in
190 2771 346 2838 Domino.
392 2771 446 2837 Ad
470 2771 627 2835 noticiam
651 2769 857 2852 singulorum
881 2767 1056 2851 pervenire
1078 2768 1243 2850 volumus,
1266 2770 1358 2851 quod
1381 2767 1478 2834 nobis
1501 2769 1714 2853 presentibus
1729 2772 1763 2835 et
1779 2770 1883 2836 eciam
1901 2772 2158 2855 cooperantibus

130 2881 293 2946 dominus
325 2878 538 2944 Hennannus
573 2875 670 2940 miles
705 2876 747 2940 de
777 2875 1042 2956 Haddenhusen,
1075 2874 1289 2940 Hermannus
1323 2873 1412 2940 lilius
1447 2894 1528 2940 suus
1563 2879 1597 2940 et
1623 2876 1764 2940 heredes
1799 2876 1906 2958 ipsius
1928 2898 2027 2944 omne
2049 2879 2102 2944 ius
2126 2881 2160 2944 et

132 3005 270 3052 omnem
293 2983 459 3049 actionem
482 2982 552 3048 sive
574 2981 833 3064 impeticionem,
857 2999 959 3064 quam
983 2980 1139 3046 dixerunt
1161 3001 1199 3046 se
1221 2982 1258 3046 in
1281 2980 1409 3046 decima
1432 2982 1468 3048 in
1491 2981 1689 3064 Lintthorpe
1717 2983 1857 3050 ecclesie
1881 2984 1987 3050 sancti
2009 2983 2160 3050 Mauricii

130 3092 168 3156 in
191 3091 305 3156 Insula
327 3089 463 3171 habere,
494 3089 530 3153 in
553 3107 674 3154 manus
697 3090 830 3152 nostras
854 3086 897 3150 ad
920 3105 1002 3151 usus
1025 3086 1092 3152 iam
1117 3085 1203 3152 dicte
1226 3085 1364 3152 ecclesio
1387 3086 1491 3152 libore
1515 3085 1767 3169 resignaverunt
1790 3092 1824 3154 et
1847 3089 2007 3156 absoluto.
2054 3090 2095 3156 Et
2117 3109 2161 3156 ne

130 3199 197 3264 hoc
219 3197 343 3263 factum
367 3194 465 3261 alicui
488 3195 707 3278 imposterum
729 3193 765 3258 in
789 3192 928 3258 dubium
951 3195 1136 3274 revocetur,
1159 3211 1298 3276 presens
1322 3192 1484 3276 scriptum
1508 3193 1627 3258 exinde
1650 3194 1838 3260 conlectum
1859 3196 2041 3261 munimine
2065 3195 2162 3278 sigilli

132 3303 239 3370 nostri
263 3302 400 3370 fecimus
423 3300 585 3366 roborari.
631 3300 749 3366 Testes
773 3299 873 3365 huius
896 3299 945 3364 rei
968 3301 1061 3364 sunt:
1085 3299 1272 3364 Hadradus
1297 3299 1423 3382 LupuS,
1447 3299 1615 3366 Gerardus
1639 3301 1681 3366 de
1704 3301 1967 3382 Haddenhusen,
1992 3301 2162 3368 Gerardus

133 3409 266 3494 dapifer
290 3410 331 3474 de
355 3407 502 3474 Ofileten
525 3407 664 3486 milites;
689 3405 849 3473 Ludolfus
874 3407 916 3471 de
939 3405 1105 3492 Dilingen
1128 3405 1339 3472 Borchardus
1364 3406 1405 3470 de
1428 3405 1616 3488 Duzhome,
1639 3407 1831 3473 Bernardus
1854 3407 1982 3488 clerici3
2004 3408 2162 3490 Volusio,

132 3515 292 3582 Hinricus
327 3515 369 3579 de
399 3515 651 3579 Haddenhusen
686 3516 719 3577 et
749 3513 911 3578 Ernestus
942 3511 1067 3592 innuli,
1102 3515 1136 3576 et
1166 3511 1222 3576 alii
1254 3513 1377 3595 plures
1424 3512 1509 3578 Acta
1539 3515 1617 3578 sunt
1649 3513 1712 3578 hec
1744 3514 1780 3578 in
1807 3512 2040 3597 Reinneberge
2072 3533 2162 3578 anno

132 3621 269 3686 Domini
293 3619 485 3686 M⁰.CC⁰.L⁰.
508 3620 628 3704 primo,
652 3620 687 3684 in
711 3619 857 3683 crastino
879 3618 1046 3684 Valentini
1069 3619 1224 3682 martiris.

271 3743 327 3809 Or.
343 3747 387 3808 ion
402 3742 476 3830 th.
496 3742 601 3810 sn-A.
618 3765 657 3806 zu
673 3741 825 3820 Mrirnstor,
849 3741 950 3806 Morio
964 3764 995 3806 u.
1015 3739 1140 3807 Simeon
1154 3744 1188 3806 in
1204 3741 1333 3807 Mindon
1348 3739 1408 3806 Nr.
1427 3741 1478 3808 12.
1520 3739 1625 3827 stapel
1639 3765 1696 3806 oon
1711 3742 1770 3807 don
1785 3740 2100 3829 Poryarnontatrenfon
2116 3740 2162 3808 ab.

1101 3955 1195 4033 550.

134 4089 249 4180 Papst
277 4087 448 4158 Innocens
475 4085 546 4158 IV.
574 4083 703 4174 delictit
731 4085 808 4156 dont
840 4084 972 4155 lronzor
998 4082 1227 4174 Dornlopitci,
1260 4083 1336 4154 dom
1363 4083 1563 4155 Doctonton
1590 4089 1607 4173 (
1615 4083 1818 4174 Widolcind)
1854 4083 1913 4154 dos
1939 4081 2095 4174 Ifopitots
2122 4105 2165 4154 nn

134 4195 290 4267 Mindon
324 4199 424 4264 nntor
456 4191 742 4282 Ansocttiossnny
775 4190 835 4261 dos
861 4187 1078 4261 Kononilnors
1112 4189 1264 4280 Stephon
1298 4211 1361 4261 non
1393 4211 1419 4260 s,
1456 4189 1642 4262 Wiltctodi
1674 4191 1713 4260 in
1748 4190 1900 4261 Bronton
1940 4189 1997 4260 dio
2028 4189 2166 4260 ndcltsto

134 4301 299 4392 ortodipto
328 4298 510 4370 Protendo
542 4321 586 4370 nn
619 4297 831 4388 ribortrapon,
866 4295 1116 4386 nidriponfatts
1150 4317 1189 4366 er
1220 4297 1286 4367 don
1314 4295 1514 4367 Doctanton
1539 4295 1612 4366 nnd
1638 4295 1828 4367 Sclnolostor
1859 4317 1924 4367 non
1951 4295 2071 4386 Enqor
2104 4296 2167 4366 niit

578 4403 657 4475 dein
685 4403 843 4474 noiteron
868 4401 1093 4492 boonftropon
1119 4401 1241 4474 werdo.
1297 4401 1398 4493 Inson
1425 4399 1524 4475 1251
1556 4402 1664 4473 Mdrn
1691 4405 1723 4473 6.

273 4538 386 4626 Roqoat
409 4537 521 4617 tinne,
546 4535 619 4604 PU.
651 4535 757 4616 Woatf.
784 4535 817 4602 S.
841 4534 909 4601 210
931 4534 991 4604 Nr.
1014 4535 1091 4616 524,
1115 4535 1268 4616 Pottltoot,
1294 4533 1391 4622 Roqy.
1410 4547 1497 4622 pont.
1523 4533 1641 4602 11226.

1110 4751 1199 4830 551.

132 4881 291 4972 Biscliof
310 4881 451 4955 Jotnnn
480 4903 545 4953 oon
575 4881 724 4952 Mindon
758 4818 895 4951 scdontt
928 4879 1004 4950 dem
1031 4875 1087 4954 Kt.
1122 4877 1310 4966 Wnnstorf
1338 4878 1404 4950 don
1431 4877 1502 4948 itinn
1528 4899 1594 4950 von
1619 4877 1756 4950 Antold
1782 4899 1846 4950 con
1874 4878 2033 4951 Hodcson
2059 4879 2167 4969 rocip-

636 4987 771 5058 niorton
797 4985 916 5058 dalton
943 4985 1094 5058 Zetnton
1120 5007 1164 5056 nn
1190 4985 1342 5057 Lotndo.
1396 4987 1490 5057 1251
1519 4984 1601 5056 Mai
1628 4989 1679 5054 11.

246 5124 367 5190 Testes
395 5124 496 5191 huius
524 5125 572 5189 rei
603 5125 696 5188 sunt:
732 5121 907 5189 Conradus
930 5122 972 5187 de
995 5121 1129 5202 Eckem,
1164 5120 1355 5188 Alexander
1377 5121 1419 5187 de
1444 5120 1554 5203 Holle,
1587 5120 1795 5186 Harebertus
1818 5120 1859 5185 de
1883 5120 2001 5201 Srege,
2030 5118 2168 5200 milites3

130 5230 306 5300 Ludolfus
330 5229 481 5298 notarius
505 5229 612 5296 sancti
634 5229 769 5296 Martini
794 5227 983 5296 canonicus.

283 5351 338 5419 Or.
362 5356 407 5418 irn
429 5351 503 5438 qu.
530 5351 634 5418 St-A.
658 5374 698 5416 zn
720 5350 897 5434 Hannovor,
927 5349 1090 5436 Wnnatorf
1108 5347 1168 5416 Nr.
1193 5349 1226 5432 8,
1262 5348 1367 5436 Sioqol
1387 5350 1556 5428 soloen„
1582 5347 1677 5416 Godr.
1700 5372 1728 5413 n.
1752 5346 1943 5434 Hodonhory,
1969 5345 2172 5433 Cotntdoryor

361 5457 430 5522 ΠΒ.
455 5459 548 5525 Ain.
573 5457 632 5538 IX,
659 5457 694 5527 S.
717 5456 741 5522 9
762 5455 823 5524 Nr.
849 5457 900 5524 11.
