5032 6796
1014 411 1081 468 1292
2008 399 2070 464 471

75 617 225 686 efficacem
251 611 405 693 suggeret
432 607 537 674 nobili
564 607 636 672 viro
666 607 845 672 ..advocato
873 607 914 672 de
942 608 1065 688 Monte,
1094 608 1184 691 quod
1214 607 1376 672 decimam
1403 627 1497 675 suam
1526 607 1706 692 predictam
1737 627 1797 690 per
1820 628 1919 675 suum
1942 629 2077 678 serrum

75 723 199 806 colligat,
231 720 265 782 ut
288 715 335 780 sic
358 715 494 780 tollatur
516 712 655 779 materia
679 711 890 796 suspicionis
914 733 1013 796 quam
1036 714 1160 779 habere
1184 713 1340 780 videntur
1363 713 1490 779 ratione
1513 715 1727 798 proprietatis
1752 716 1933 798 ..priorissa
1957 721 1990 782 et
2013 737 2074 782 sue

72 847 186 896 sorores
211 821 408 906 supradicte.
453 821 586 886 Abbate
613 841 692 886 vero
720 819 902 902 replicante
929 819 964 885 in
995 821 1208 902 contrarium,
1243 821 1334 904 quod
1357 820 1552 886 Lodhenses
1581 840 1657 886 eum
1688 823 1721 886 et
1747 841 1847 887 suum
1874 826 2075 888 conventum

73 938 102 1002 in
128 933 220 1011 siliis,
242 928 387 1012 pascuis,
411 925 501 1002 civia,
525 927 629 1010 pratis
652 929 685 991 et
708 925 782 991 aliis
804 925 917 990 multis
941 927 1086 1009 graviter
1108 927 1336 1007 offendissent,
1360 926 1468 1010 primo
1493 927 1533 992 de
1558 946 1654 1010 aqua,
1678 947 1744 1010 que
1767 928 1889 994 dicitur
1911 929 1983 1011 Ow,
2007 950 2075 1013 qua

71 1041 187 1122 utrique
215 1037 246 1100 et
268 1034 456 1099 Luccenses
485 1037 518 1098 et
541 1033 735 1098 Lodheuses
763 1032 826 1097 sibi
854 1031 1031 1098 vendicare
1059 1033 1261 1114 nitebantur,
1289 1032 1336 1098 ita
1365 1033 1553 1113 statuimus
1582 1037 1620 1098 ut
1649 1034 1731 1100 ioris
1759 1037 1851 1101 extra
1878 1038 1974 1118 septa
1996 1055 2074 1120 pre-

71 1147 215 1212 dictarum
248 1142 283 1206 in
314 1140 406 1206 Lode
440 1159 593 1206 sororum
627 1139 768 1204 eandem
802 1157 925 1226 aquam
960 1141 1028 1203 tam
1063 1139 1109 1203 hii
1143 1157 1244 1221 quam
1276 1139 1323 1204 illi
1354 1157 1530 1206 commune
1562 1140 1709 1205 habeant
1739 1139 1773 1204 in
1801 1141 1891 1206 omni
1920 1143 2072 1224 utilitate,

70 1251 221 1318 laboribus
254 1250 288 1312 et
323 1247 489 1332 expensis,
523 1247 587 1311 hoc
622 1245 817 1326 adicientes
852 1244 944 1328 quod
983 1248 1215 1328 procuratores
1247 1246 1427 1311 earundem
1461 1265 1613 1311 sororum
1641 1266 1716 1312 cum
1746 1267 1876 1312 summa
1904 1247 2074 1331 diligentia

69 1357 199 1433 careant,
233 1373 274 1418 ne
308 1353 350 1418 de
380 1353 573 1419 molendino
602 1371 665 1418 suo
695 1350 800 1435 pratis
835 1354 868 1417 et
896 1351 1030 1434 pascuis
1058 1351 1268 1417 dominorum
1295 1353 1512 1419 Lucceusium
1543 1374 1604 1437 per
1631 1373 1793 1436 aquarum
1821 1353 2074 1420 inundationem

68 1464 231 1545 dampnum
261 1459 397 1542 aliquod
426 1459 597 1525 inferatur.
644 1459 798 1524 Secundo
822 1459 863 1524 dc
887 1458 987 1523 curiis
1011 1457 1046 1522 in
1070 1460 1209 1539 Mersch‚
1239 1478 1382 1541 quarum
1412 1459 1617 1525 habitatores
1647 1479 1708 1525 seu
1731 1460 1875 1526 cultores
1909 1461 2071 1527 hactenus

68 1569 143 1652 ligna
164 1567 230 1632 sive
252 1566 395 1650 virgulta
413 1567 459 1631 de
483 1567 597 1631 marla
613 1564 760 1630 Lodensi
784 1566 827 1631 ad
850 1584 931 1630 usus
956 1565 1160 1631 necessarios
1184 1566 1369 1630 secuudum
1389 1585 1487 1630 suum
1503 1566 1633 1631 libitum
1649 1565 1869 1645 succiderunt,
1894 1568 1940 1632 sic
1957 1588 2072 1632 sumus

69 1674 214 1750 arbitrati,
238 1674 331 1756 quod
354 1672 495 1756 amplius
519 1673 583 1756 ipsi
608 1671 708 1737 nichil
732 1672 796 1736 sibi
819 1671 899 1736 iuris
923 1671 958 1736 in
980 1670 1138 1755 predictis
1155 1672 1277 1736 debent
1293 1672 1393 1735 modo
1411 1671 1561 1753 quolibet
1575 1671 1762 1753 vendicare,
1786 1672 1850 1737 nisi
1867 1672 1908 1736 de
1924 1674 2075 1756 ipsorum

68 1799 195 1862 quorum
218 1779 359 1843 interest
381 1778 440 1843 fiat
464 1777 540 1864 dci)
563 1778 696 1844 licentia
719 1781 753 1843 ct
774 1778 880 1862 gratia
903 1777 1049 1861 speciali.
1088 1777 1206 1842 Tercio
1223 1777 1310 1842 inter
1325 1777 1552 1855 Quedelessen
1569 1781 1602 1842 et
1618 1778 1709 1843 Lode
1732 1778 1884 1844 iecerunt
1907 1779 2077 1862 quoddam

66 1887 172 1950 novale
195 1884 314 1950 abbate
337 1885 584 1950 contradicente
608 1887 641 1949 et
664 1888 844 1967 asserente,
868 1885 932 1949 hoc
955 1905 1029 1950 esse
1051 1884 1223 1968 proprium
1248 1885 1386 1950 ecclesie
1410 1904 1480 1966 sue,
1505 1903 1607 1967 super
1623 1903 1689 1968 quo
1705 1886 1752 1950 sic
1769 1885 1968 1951 arbitrantes
1985 1886 2074 1952 ordi-

65 1994 213 2073 navimus,
237 1992 327 2075 quod
352 1992 459 2056 dictus
483 1993 587 2058 abbas
612 1992 653 2056 de
676 1991 846 2056 communi
870 2009 1034 2056 consensu
1059 1990 1111 2056 sui
1132 1992 1315 2056 conventus
1336 1994 1474 2074 propter
1489 1991 1597 2056 Deum
1612 1994 1645 2056 ct
1662 1991 1790 2056 arbitrii
1806 1991 1911 2058 nostri
1926 1991 2074 2058 favorem

65 2098 212 2180 permittit
234 2099 282 2164 eis
306 2097 396 2164 idem
420 2099 538 2164 novale
561 2101 725 2182 perpetuo
749 2099 962 2181 possessione
984 2097 1152 2181 pa(cifica)
1176 2097 1357 2181 possidere.
1398 2098 1483 2162 ltem
1499 2097 1713 2180 conqueritur
1728 2097 1800 2180 ipse
1816 2098 1931 2176 abbas,
1956 2100 2073 2180 (quod)

65 2205 100 2268 de
121 2205 189 2287 ipsa
212 2204 302 2270 curia
318 2204 547 2282 Quedelessen
570 2205 730 2286 miricam,
755 2223 819 2287 que
843 2205 1029 2270 communis
1053 2208 1113 2286 est,
1138 2224 1212 2269 cum
1237 2203 1307 2269 suis
1331 2205 1450 2269 aratris
1474 2205 1721 2289 intr(averunt),
1745 2205 1778 2268 et
1798 2205 1862 2269 hoc
1878 2223 2012 2287 quoque
2028 2205 2075 2270 sic

64 2310 284 2391 ordinavimus
313 2314 404 2395 quod
433 2315 586 2378 ammodo
614 2312 765 2378 miricam
788 2331 1000 2376 communem
1023 2311 1115 2376 nullo
1139 2312 1238 2376 modo
1262 2311 1425 2392 scindent,
1454 2311 1515 2376 sed
1537 2310 1565 2375 si
1588 2310 1733 2394 pertinet
1757 2309 1868 2393 aliqua
1891 2311 2008 2376 mirica
2031 2312 2075 2376 ad

64 2417 160 2500 ipsam
191 2418 316 2484 curiam
346 2418 381 2484 in
412 2419 469 2484 illa
496 2421 654 2504 poterunt
684 2419 911 2503 complerari).
958 2418 1084 2496 Quarto
1109 2418 1150 2483 de
1174 2417 1342 2482 communi
1365 2419 1479 2498 strata,
1512 2437 1577 2500 que
1599 2417 1778 2501 vulgariter
1799 2418 1921 2484 vedrilt
1944 2418 2074 2502 dicitur,

62 2542 152 2604 quam
180 2525 289 2590 solent
316 2525 498 2608 aliquando
528 2525 665 2608 quidam
692 2544 855 2607 occupare
885 2523 1091 2606 seminando,
1123 2524 1234 2589 taliter
1261 2544 1377 2590 sumus
1401 2524 1563 2605 arbitrati,
1587 2524 1678 2606 quod
1700 2544 1883 2609 numquam
1891 2524 1916 2608 8)
1939 2525 1974 2589 in
1998 2544 2073 2608 per-

62 2633 187 2712 petuum
210 2632 313 2697 debet
337 2631 372 2695 in
395 2632 478 2696 alios
502 2631 617 2714 usust)
641 2631 754 2712 redigi,
779 2631 842 2696 nisi
866 2635 902 2697 ut
925 2631 1102 2714 pecoribus
1126 2634 1159 2697 et
1181 2631 1337 2697 iumentis
1361 2631 1524 2715 pellendis
1548 2631 1634 2696 sicut
1650 2631 1835 2713 antiquitus
1851 2631 1957 2696 libera
1974 2631 2073 2697 ralin·
2104 2635 2105 2638 ’

62 2738 180 2818 quatur.
218 2737 304 2803 Item
329 2738 544 2822 conqueritur
567 2738 723 2803 dominus
747 2739 861 2817 abbas,
886 2737 975 2820 quod
998 2756 1118 2821 pecora
1142 2737 1183 2802 de
1199 2738 1293 2803 Lode
1316 2741 1394 2803 ante
1416 2740 1548 2821 tempus
1572 2741 1606 2803 et
1629 2737 1839 2820 intempore
1862 2737 1979 2804 messis
2003 2738 2072 2803 suis

61 2841 230 2908 cultoribus
253 2844 401 2910 inierant
422 2864 580 2929 magnum
604 2845 797 2927 dampnum,
821 2845 912 2927 quod
935 2844 983 2909 sic
1007 2844 1198 2911 arbitrando
1222 2844 1411 2926 statuimus,
1436 2847 1474 2910 ut
1496 2844 1658 2927 quamdiu
1682 2863 1815 2910 annona
1838 2845 1981 2910 deducta
2004 2865 2074 2911 non

61 2947 150 3013 luerit
171 2951 212 3016 dc
234 2969 326 3035 agro,
349 2971 472 3035 pecora
488 2951 529 3017 de
546 2952 638 3016 Lode
661 2970 835 3034 nunquam
857 2951 946 3015 ultra
968 2951 1067 3032 viam,
1091 2970 1157 3033 que
1180 2949 1302 3017 vedrift
1325 2950 1446 3016 dicitur
1469 2954 1502 3015 et
1525 2953 1654 3032 spectat
1674 2950 1870 3028 Northlode,
1894 2951 2072 3035 pellantur.

61 3053 122 3118 Nos
144 3055 241 3137 igitur
264 3057 346 3124 Giso
362 3057 544 3124 Mindcnsis
568 3058 706 3123 ecclesie
730 3058 918 3136 canonicus,
943 3057 1197 3123 archidiaconus
1218 3056 1254 3121 in
1270 3057 1426 3139 Alethen,
1443 3061 1476 3122 et
1491 3057 1681 3122 Richardus
1704 3057 1868 3139 plebanus
1891 3058 1927 3122 in
1942 3059 2073 3126 Vrilede

59 3163 229 3242 supradicti
253 3183 315 3247 pro
340 3169 454 3231 nostre
478 3164 708 3248 possibilitatis
731 3164 878 3243 modulo,
914 3167 950 3228 ut
973 3164 1103 3228 amissis
1127 3162 1239 3248 litigiis
1262 3166 1375 3247 partes
1398 3164 1540 3229 invicem
1564 3164 1815 3246 concordarent,
1850 3165 2074 3231 laboravimus

59 3263 117 3330 fide
138 3267 234 3352 bona,
265 3271 394 3354 fuitque
418 3273 554 3336 tandem
578 3291 598 3337 a
621 3270 890 3336 discordantibus
913 3272 948 3336 in
972 3274 1124 3335 nostrum
1147 3271 1321 3336 arbitrium
1344 3270 1621 3355 compromissum
1645 3269 1824 3353 taliterque
1848 3291 1963 3336 sumus
1987 3272 2074 3337 arbi-

57 3373 136 3454 trati,
159 3378 197 3439 ut
221 3376 310 3442 inter
332 3378 482 3459 predicta
505 3377 707 3443 monasteria
730 3377 843 3442 htihus
867 3377 1020 3442 extinctis
1043 3397 1109 3460 pax
1133 3381 1222 3442 esset
1246 3379 1279 3442 et
1301 3377 1488 3458 concordia,
1517 3396 1592 3441 cum
1616 3376 1720 3441 serris
1744 3379 1777 3441 et
1800 3377 1927 3443 ancillis
1951 3379 2074 3444 Christi

56 3496 112 3560 pro
137 3483 294 3547 scandalo
322 3483 459 3549 vitando
491 3503 560 3549 non
583 3483 759 3550 conveniat
782 3483 921 3566 litigare.
968 3482 1005 3549 Si
1027 3503 1106 3549 vero
1130 3484 1344 3566 postmodum
1368 3484 1454 3548 inter
1477 3486 1590 3567 partes
1612 3483 1823 3567 supradictas
1847 3483 1973 3567 aliquid
1997 3485 2076 3551 novi

57 3585 223 3653 subortum
251 3589 364 3672 fuerit,
396 3610 456 3673 per
487 3609 549 3656 nos
577 3591 647 3656 sive
673 3610 735 3676 per
762 3589 847 3656 alios
870 3591 977 3655 Deum
1003 3591 1159 3655 timentes
1186 3589 1308 3655 iterum
1335 3591 1520 3656 secundum
1550 3590 1690 3656 formam
1721 3590 1847 3656 arbitrii
1878 3591 2075 3657 terminetur

56 3691 211 3775 quidquid
243 3700 364 3762 natum
393 3697 494 3763 fuerit
517 3697 710 3779 questionis.
757 3697 803 3762 Ut
825 3696 924 3778 igitur
946 3696 1138 3762 huiusmodi
1162 3697 1269 3763 forma
1291 3696 1543 3780 compositionis
1565 3695 1706 3762 firmiter
1728 3697 1932 3778 observetur,
1967 3699 2076 3782 ipsam

56 3799 171 3864 nostn's
197 3803 418 3886 parciumque
441 3803 557 3887 sigillis
580 3802 720 3868 fecimus
744 3803 903 3869 roborari.
943 3805 1066 3869 Datum
1082 3803 1194 3868 Minde
1215 3802 1327 3886 vigilia
1341 3803 1505 3870 iohannis
1521 3803 1667 3887 baptiste
1684 3823 1772 3868 anuo
1788 3804 1920 3869 Domini
1935 3803 2075 3869 M⁰.CC⁰.

53 3907 261 3988 nonagesimo
285 3911 441 3976 secundo.

263 4034 284 4098 1)
302 4032 349 4087 Or.
367 4032 521 4088 Borstordc.
558 4034 580 4100 ¹)
600 4031 637 4085 So
655 4033 705 4085 duc
724 4032 770 4086 Or.
808 4033 830 4100 8)
852 4031 1123 4102 Ucberpcrchricbcn.
1182 4077 1186 4084 .

182 4134 238 4202 Or.
268 4141 312 4202 im
334 4138 454 4203 Archiv
481 4139 534 4204 dea
565 4138 616 4204 Kl.
641 4137 784 4204 Locrum.
833 4138 861 4205 1.
896 4138 999 4224 Sieqcl
1021 4141 1074 4204 dea
1098 4139 1181 4204 Aba
1203 4165 1230 4206 o.
1257 4139 1392 4204 Locrum
1425 4145 1506 4225 zeipt
1530 4163 1629 4225 ganza
1652 4138 1764 4226 Fiam,
1800 4145 1834 4205 in
1863 4142 1918 4206 der
1941 4140 2077 4206 Rechtcn

264 4243 352 4323 stab,
375 4247 410 4309 in
433 4246 487 4310 der
509 4243 635 4310 Linlccn
657 4245 756 4325 Bacch,
797 4243 986 4329 Uoraclrrrfj't:
1016 4247 1086 4312 SIG
1110 4299 1116 4312 .
1140 4296 1147 4311 .
1171 4295 1179 4312 .
1201 4293 1209 4312 .
1231 4295 1238 4312 .
1263 4249 1294 4312 ll
1429 4248 1619 4314 ABBATIS
1644 4248 1700 4313 DE
1725 4248 1811 4314 LUC
1836 4293 1936 4328 .....
1967 4246 1997 4314 2.
2023 4249 2076 4313 dea
2196 4257 2199 4264 ’

265 4349 341 4415 Giao
364 4351 415 4430 ab,
450 4349 481 4416 3.
506 4353 560 4417 dcc
582 4351 752 4416 Konoentec
775 4350 888 4417 Labda
917 4356 974 4418 wie
998 4352 1182 4438 :llbtldanq
1215 4352 1316 4433 Weatf.
1344 4354 1447 4436 Sieqel
1469 4352 1547 4434 Hert
1568 4353 1630 4431 ΙΙΙ,
1666 4351 1738 4433 ch.
1764 4352 1839 4431 119,
1863 4352 1923 4416 Nr.
1949 4354 1978 4432 7,
2016 4356 2076 4420 alla

263 4481 304 4521 aa
328 4457 653 4543 Pcrpnmmtatreifen.
703 4457 795 4524 Gedr.
826 4483 852 4523 o.
879 4458 1074 4545 Hodenbcrg,
1106 4460 1310 4546 Cblcnbergcr·
1340 4459 1408 4527 UB.
1437 4461 1530 4525 Atat.
1556 4459 1618 4539 ΙΙΙ,
1653 4459 1686 4527 S.
1710 4459 1778 4525 306
1807 4459 1866 4526 Νν.
1893 4459 1967 4526 491.
2013 4460 2077 4526 Do

261 4568 295 4628 ia
317 4566 374 4629 der
400 4563 479 4632 Urlc.
502 4577 675 4650 pannonica
703 4563 776 4629 Orte
811 4567 884 4629 sind
905 4564 1025 4644 Lalrde,
1050 4566 1201 4652 Gor-spen,
1233 4565 1375 4645 Vallem,
1401 4566 1525 4632 Boratal
1549 4569 1577 4649 (l
1600 4570 1660 4652 agl.
1685 4566 1747 4632 Nr.
1770 4565 1837 4651 28),
1874 4569 1922 4632 dic
1945 4569 2075 4633 Mersch

263 4673 334 4756 (agl.
365 4672 441 4736 oben
473 4669 532 4738 Nr.
559 4670 668 4755 1096),
707 4670 785 4748 Lot,
821 4671 871 4736 dte
899 4673 966 4736 Aac
993 4674 1059 4736 und
1082 4671 1225 4752 Qunam,
1261 4674 1321 4738 alle
1351 4676 1394 4736 im
1426 4673 1486 4740 Kr.
1516 4675 1652 4738 Mindon.
1707 4672 1816 4759 Wegen
1844 4675 1921 4740 Diul
1949 4675 2008 4758 ‘opt
2037 4696 2077 4738 zu

262 4777 323 4844 Nr.
348 4776 391 4842 13
412 4780 479 4843 nod
499 4777 575 4842 689.

1009 4926 1121 5003 1484.

41 5043 117 5118 Das
146 5049 346 5141 Mortastisl
372 5074 431 5124 vor
459 5053 607 5124 Minccn
634 5053 810 5124 verrichtct
836 5052 908 5142 auf
929 5053 995 5124 olle
1023 5053 1228 5144 Ansprir'clrc
1255 5077 1301 5124 aa
1329 5055 1394 5125 rica
1423 5053 1556 5126 thtcrn
1584 5055 1643 5125 des
1671 5053 1794 5142 Stiftcc
1824 5053 2075 5126 Obcrnlcirclrcn

365 5161 402 5230 tn
429 5160 544 5231 Etleo
570 5159 643 5230 aad
680 5159 906 5249 Wackcrtcld.
962 5160 1043 5248 Λα)
1064 5161 1139 5230 dem
1176 5159 1453 5232 Wcrcter1292
1481 5160 1761 5251 September20.

147 5291 224 5356 Nos
259 5294 427 5360 Arnoldus
456 5297 516 5360 Dei
546 5296 656 5379 gracia
687 5296 791 5360 abbas
822 5298 855 5360 et
886 5299 1070 5362 conventus
1100 5296 1291 5361 monasterii
1320 5297 1354 5360 in
1383 5298 1498 5362 lnsula
1529 5299 1619 5381 apud
1651 5299 1796 5363 blindam
1827 5299 1982 5363 omnibus
2013 5299 2076 5362 hoc

42 5395 209 5480 scriptum
244 5399 366 5466 visuris
393 5405 510 5468 notum
539 5402 688 5481 facimus,
718 5402 808 5484 quod
841 5423 902 5467 nos
926 5405 1022 5492 omni
1040 5404 1104 5467 iuri
1128 5407 1161 5468 et
1184 5404 1316 5484 actioni,
1341 5424 1406 5486 que
1431 5404 1528 5469 nobis
1552 5407 1741 5487 competere
1764 5404 1937 5468 videbatur
1961 5407 2078 5468 contra
