4992 6786
1015 435 1084 491 1284
2009 416 2073 482 411

1005 633 1118 712 1292.
1133 713 1137 720 ,

62 765 202 855 Bisclrof
228 766 378 838 Koarnd
408 786 473 836 von
507 762 708 837 Osaobratclc
748 761 880 834 tausclrt
920 762 983 832 mit
1023 760 1100 832 dem
1137 758 1274 850 Grofea
1319 759 1395 833 Otto
1429 781 1494 831 oon
1528 758 1748 849 Ravensberp
1788 761 1887 831 doen
1922 758 2005 848 Hof
2038 760 2077 831 in

69 873 292 950 mamaeam
316 893 422 964 papea
448 871 532 942 awei
558 869 702 942 Homer
728 870 767 940 in
793 866 987 959 Peinpdorf
1011 868 1060 938 im
1087 863 1285 960 Kirclrspc‘el
1312 865 1469 958 Borplolr.
1525 864 1725 938 Osaubm'tclo
1752 865 1853 939 1284
1881 866 1989 938 Matre
2017 864 2076 942 14.

155 1008 325 1074 Conradus
348 1007 409 1072 Dei
438 1007 542 1091 gratia
572 1005 710 1072 ecclesie
734 1002 1001 1087 osnaburgensis
1031 1002 1211 1087 episcopus
1240 1003 1396 1071 omnibus
1425 1006 1598 1087 presentes
1627 1002 1755 1068 litteras
1783 1001 1983 1085 inspecturis
2016 1022 2077 1068 seu

62 1117 148 1182 eliam
170 1113 334 1180 audituris
356 1114 500 1179 salutem
522 1112 558 1178 in
574 1113 710 1178 domino
725 1111 828 1176 lhesu
845 1110 989 1175 Christo.
1030 1110 1154 1175 Fidelis
1169 1110 1266 1177 nobis
1282 1109 1468 1176 introduxit
1483 1109 1665 1192 antiquitas
1683 1111 1777 1174 actus
1793 1109 2078 1176 commendandos

60 1220 205 1288 memorie
227 1219 352 1304 scripto
374 1219 575 1303 perhennari
597 1219 648 1284 vel
662 1218 815 1300 testibus,
839 1238 881 1283 ne
897 1236 947 1298 ea,
971 1237 1037 1301 que
1052 1216 1223 1282 modernis
1239 1219 1399 1299 geruntur
1416 1215 1635 1298 temporibus,
1651 1215 1688 1279 in
1703 1215 1907 1282 oblivionem
1922 1235 1963 1281 ex
1979 1217 2078 1300 lapsu

59 1327 203 1412 temporis
226 1326 427 1392 dilabantur.
473 1326 618 1409 Propter
641 1325 732 1408 quod
754 1324 921 1409 presentis
944 1322 1061 1404 scripti
1082 1322 1277 1388 testimonio
1303 1321 1459 1386 omnibus
1483 1323 1552 1387 tam
1574 1322 1789 1406 presentibus
1812 1341 1914 1404 quam
1933 1322 2079 1407 posteris

60 1435 199 1499 volumus
222 1453 296 1498 esse
319 1433 445 1512 notum,
469 1431 560 1514 quod
583 1451 646 1497 nos
670 1431 913 1497 communicato
937 1428 1076 1494 consilio
1101 1428 1239 1512 capituli
1262 1427 1368 1494 nostri
1392 1447 1431 1494 ac
1454 1428 1604 1494 eiusdem
1625 1429 1727 1510 pleno
1743 1428 1894 1493 adhibito
1910 1449 2076 1496 consensu

60 1542 171 1606 curtem
194 1541 342 1604 nostram
365 1538 401 1604 in
416 1537 643 1603 Wirrlrelseten
667 1539 710 1604 ad
732 1538 886 1604 orberam
909 1535 1048 1600 ecclesie
1072 1536 1187 1599 nostre
1203 1536 1410 1618 spectantem
1427 1554 1503 1599 cum
1519 1534 1650 1600 iuribus
1666 1537 1699 1600 et
1715 1535 1870 1601 omnibus
1887 1535 2076 1601 attinenciis

59 1645 128 1725 suis,
149 1644 233 1724 sicut
256 1664 317 1710 nos
341 1646 469 1710 curtem
492 1644 703 1728 possedimus
726 1643 940 1721 antedictam,
964 1641 1070 1706 nobili
1090 1640 1161 1706 viro
1177 1640 1295 1706 Ottoni
1316 1641 1428 1705 comiti
1445 1642 1486 1707 de
1504 1641 1742 1725 Ravensberge
1759 1646 1792 1706 et
1809 1642 1878 1707 suis
1895 1643 2079 1709 heredibus

59 1751 247 1817 contulimus
275 1754 310 1817 et
339 1750 486 1834 presenti
514 1751 639 1833 scripto
666 1748 870 1815 conterimus
898 1748 971 1813 iure
998 1747 1223 1831 proprietario
1252 1747 1358 1811 libere
1387 1748 1422 1812 et
1451 1746 1604 1812 absolute
1632 1752 1798 1831 perpetuo
1825 1749 2077 1831 possidendam,

59 1857 242 1943 recipientes
271 1856 314 1924 ab
342 1858 461 1922 eodem
485 1857 607 1922 comite
630 1857 674 1921 ad
697 1875 778 1921 usus
802 1856 871 1920 sive
895 1855 938 1919 ad
960 1855 1136 1936 orbaryam
1158 1853 1266 1936 ipsius
1290 1854 1430 1918 ecclesie
1454 1857 1570 1920 nostre
1595 1855 1679 1919 duas
1704 1855 1822 1921 domos
1845 1856 1926 1921 sitas
1951 1857 2078 1922 Pedes-

58 1963 181 2046 dorpe1)
211 1963 248 2028 in
278 1963 462 2045 parrochya
484 1962 607 2045 Borglo
634 1964 677 2028 ad
704 1962 849 2027 eundem
878 1961 1033 2025 comitem
1063 1962 1253 2042 spectantes
1284 1980 1360 2025 cum
1394 1959 1549 2026 omnibus
1574 1961 1642 2026 suis
1666 1962 1856 2027 attinenciis
1879 1965 1914 2027 et
1935 1962 2078 2044 iuribus,

57 2073 146 2152 prout
173 2069 245 2153 ipse
274 2087 331 2134 eas
359 2068 544 2135 dinoscitur
575 2069 775 2152 possedisse,
806 2067 879 2150 pari
903 2064 1144 2151 comcambioi)
1167 2085 1230 2150 pro
1254 2067 1383 2132 eadem.
1429 2068 1470 2131 ln
1493 2067 1588 2132 cuius
1613 2067 1797 2134 concambii
1820 2069 1956 2134 evidens
1981 2068 2079 2133 testi-

57 2176 191 2240 monium
219 2178 254 2242 et
281 2177 384 2242 robur
409 2177 611 2259 perpetuum
640 2177 814 2259 presentes
845 2174 976 2239 litteras
1005 2172 1154 2255 sepefato
1179 2172 1289 2238 comiti
1314 2175 1347 2238 et
1370 2172 1442 2238 suis
1465 2175 1646 2239 heredibus
1670 2175 1823 2239 dedimus
1847 2176 1955 2240 nostri
1979 2175 2076 2258 sigilli

57 2283 226 2347 munimine
249 2282 435 2348 roboratas.
459 2283 530 2346 Nos
552 2301 633 2347 vero
656 2280 840 2364 capitulum
862 2279 1062 2364 predictum,
1085 2278 1165 2361 quia
1189 2279 1277 2344 dieto
1301 2279 1438 2344 domino
1462 2283 1579 2346 nostro
1603 2281 1646 2346 ad
1669 2281 1863 2346 huiusmodi
1887 2282 2077 2347 faciendum

57 2389 274 2453 concambium
281 2387 310 2472 ⁸)
333 2387 472 2471 plenum
495 2387 709 2454 adhibuimus
733 2405 945 2468 consensum,
969 2385 1005 2450 in
1020 2385 1126 2470 ipsius
1141 2384 1248 2452 nostri
1266 2405 1451 2452 consensus
1467 2387 1668 2452 evidentiam
1684 2387 1792 2452 maius
1808 2387 1946 2453 ecclesie
1963 2389 2080 2454 nostre

56 2493 187 2577 sigillum
216 2494 283 2560 hiis
315 2494 434 2561 litteris
465 2494 620 2560 duximus
649 2495 898 2579 apponendum.
949 2494 1072 2557 Datum
1103 2491 1319 2575 Osenbrugge
1351 2512 1440 2558 anno
1468 2493 1601 2559 Domini
1632 2492 1811 2559 millesimo
1846 2494 2080 2561 ducentesimo

56 2601 242 2684 octogesimo
267 2603 398 2684 quarto,
421 2600 529 2684 pridie
550 2601 629 2666 ldus
652 2600 777 2683 Marcii,
800 2599 980 2665 indictione
1004 2597 1212 2664 duodecima.

262 2723 285 2794 ¹)
303 2725 333 2776 in
351 2723 514 2792 Pedestorpc
532 2723 565 2777 B.
604 2723 627 2794 ¹)
646 2724 806 2777 comcambio
826 2723 860 2776 A.
899 2721 922 2790 ¹¹)
941 2723 1123 2776 concambium
1141 2721 1292 2776 iaciendum
1311 2721 1344 2774 B.

179 2830 233 2896 Or.
262 2833 307 2895 im
333 2830 407 2916 Kpl.
439 2829 542 2896 Se-A.
572 2853 612 2894 za
638 2830 788 2908 Mamor,
821 2828 970 2914 Graj-ecla.
1000 2827 1203 2916 Recenaberp
1226 2826 1285 2895 Nr.
1310 2825 1355 2890 26
1380 2829 1440 2913 (A)
1465 2852 1507 2893 aa
1532 2828 1849 2915 Pergamentatreifen
1877 2835 1910 2894 in
1939 2835 2078 2896 memsam

260 2935 372 3001 Waclra
408 2937 437 3005 1.
466 2937 525 3000 das
553 2938 638 3001 ovele
668 2935 771 3022 Siepel
796 2935 1022 3014 deaBiaclrofs
1054 2937 1112 2998 mit
1147 2934 1267 3013 Satrai,
1302 2935 1361 2999 dna
1391 2934 1474 3014 Rad,
1509 2934 1541 3000 2.
1570 2937 1629 3000 dna
1658 2938 1742 3002 orale
1772 2938 1825 3001 dea
1847 2936 2073 3024 Domlcapitela.

254 3041 336 3108 mne
367 3046 470 3108 zwdtc
502 3042 734 3128 Auafertipanp
769 3046 813 3106 im
845 3040 1033 3106 Dornarclriv
1063 3064 1102 3106 zu
1138 3040 1322 3106 Oanabmiclc
1352 3041 1409 3126 (B)
1439 3045 1497 3108 mit
1527 3043 1664 3129 pleielrer
1698 3042 1914 3130 Beaiepelunp.
1978 3042 2074 3110 (reda

255 3147 387 3236 Lamp,
415 3147 524 3214 derel.
549 3149 579 3214 d.
607 3147 682 3214 Ger.
706 3173 734 3213 o.
758 3147 964 3234 Raoerwbcrp,
991 3147 1064 3214 cod.
1088 3149 1163 3234 dipl.
1191 3147 1225 3214 S.
1248 3149 1293 3212 55
1316 3145 1376 3214 Nr.
1400 3149 1455 3216 55.
1480 3147 1594 3212 Absclr.
1619 3149 1696 3213 Mac.
1727 3146 1922 3228 V1L3107.
1963 3149 2075 3237 Wepen

255 3257 377 3322 orbera
399 3257 459 3342 opt.
493 3253 651 3334 Wilmana,
682 3254 787 3339 Wesp‘.
812 3253 880 3322 ΠΒ,
898 3252 958 3317 ΙΙΙ
973 3253 1092 3321 Noted
1112 3278 1152 3320 za
1175 3253 1235 3320 Nr.
1262 3254 1358 3323 1309.
1407 3257 1622 3340 Pedesdorpe
1645 3260 1689 3321 ist
1710 3255 1888 3343 Peinpdorf
1908 3258 1958 3324 bei
1978 3257 2077 3325 Lacr.

255 3359 305 3426 Im
328 3361 521 3427 Domarclrio
541 3384 582 3426 za
608 3360 792 3426 Omcbmick
816 3362 894 3426 auct
916 3362 966 3428 dic
988 3363 1224 3448 entapreclrende
1251 3361 1328 3430 Urlc.
1354 3363 1407 3429 dea
1430 3363 1555 3444 ereren
1577 3388 1604 3432 a.
1629 3363 1840 3451 Ravensberp.

1001 3597 1115 3676 1293.

54 3719 181 3813 Bisclrot
216 3723 364 3816 Volquin
392 3747 455 3796 con
484 3723 634 3796 Miadea
666 3724 821 3814 bestdttpt
856 3723 922 3796 dea
956 3723 1112 3814 Varkaof
1144 3725 1237 3796 eines
1270 3748 1335 3797 von
1368 3712 1439 3796 ilem
1471 3749 1515 3797 aa
1542 3726 1641 3798 Laba
1670 3727 1844 3818 pellendae
1871 3729 2009 3802 Housea
2035 3731 2078 3801 ia

499 3831 642 3903 Hdoern
669 3853 716 3903 on
743 3831 808 3902 doe
836 3830 1063 3922 Domlcopc'tel.
1119 3831 1269 3903 Mindm
1296 3832 1398 3904 1284
1425 3833 1534 3904 Mdrz
1561 3833 1620 3909 25.

150 3967 337 4051 Volquinus
371 3967 433 4033 Dei
467 3966 577 4051 gracia
607 3967 790 4033 Mindensis
824 3967 1003 4051 episcopus
1037 3967 1195 4033 omnibus
1230 3969 1294 4034 hoc
1329 3969 1489 4052 scriptum
1524 3970 1646 4036 visuris
1680 3970 1821 4035 salutem
1855 3971 1890 4035 in
1921 3971 2076 4038 Domino.

53 4068 203 4137 Norerint
224 4073 385 4155 universi,
410 4074 501 4157 quod
523 4073 689 4139 Henricus
713 4072 822 4140 dictus
846 4074 978 4140 Stetere
1001 4093 1077 4137 cum
1101 4074 1170 4138 suis
1193 4073 1349 4157 legitimis
1373 4075 1553 4142 heredibus
1576 4096 1615 4142 ac
1638 4078 1809 4143 Amoldus
1834 4081 1867 4143 et
1890 4078 2076 4144 Wernerus

52 4173 103 4240 tilii
125 4179 274 4245 Wemeri
303 4181 360 4263 pie
387 4181 548 4245 memorie
579 4181 659 4246 civis
681 4180 864 4246 Mindensis
894 4179 975 4244 dicti
1004 4180 1046 4244 de
1070 4179 1173 4245 Haste
1204 4180 1240 4244 in
1268 4183 1386 4246 nostra
1408 4183 1584 4265 presencia
1607 4183 1779 4249 constituti
1801 4184 1891 4250 bona
1912 4185 2075 4269 ipsorum,

51 4282 192 4350 ridelicet
220 4305 325 4351 unam
352 4285 488 4351 domum
516 4287 552 4352 in
576 4287 742 4368 Heveren,
774 4307 875 4369 quam
905 4306 924 4350 a
955 4286 1053 4351 nohis
1085 4286 1120 4350 in
1151 4286 1289 4352 feodum
1320 4289 1491 4368 terrebant,
1521 4309 1584 4372 pro
1607 4289 1694 4355 XXX
1718 4293 1750 4355 et
1774 4294 1917 4375 quatuor
1951 4292 2075 4358 marcis

51 4385 229 4457 Bremensis
254 4393 382 4476 argenti
405 4395 520 4460 nostro
544 4412 711 4459 consensu
735 4394 912 4459 accedente
936 4394 1050 4459 nostro
1074 4393 1220 4477 capitulo
1244 4393 1478 4460 vendiderunt.
1525 4394 1629 4461 Cuius
1652 4397 1893 4480 proprietatem
1920 4398 2075 4483 predicto

51 4499 154 4562 nostro
185 4498 334 4582 capitulo
365 4497 478 4564 divine
505 4499 639 4584 pietatis
670 4499 793 4566 intuitu
823 4499 1018 4566 donavimus
1047 4502 1080 4565 et
1106 4499 1143 4564 in
1171 4501 1235 4565 hiis
1264 4503 1398 4585 scriptis
1430 4502 1594 4567 donamus
1625 4505 1790 4586 perpetuo
1821 4505 2071 4587 possidendam.

52 4597 85 4663 ln
113 4603 204 4668 cuius
235 4605 286 4670 rei
315 4604 545 4671 testimonium
575 4606 720 4690 sigillum
750 4610 901 4672 nostrum
924 4607 1137 4690 presentibus
1161 4607 1317 4672 duximus
1342 4610 1591 4692 apponendum.
1637 4610 1755 4675 Testes
1778 4611 1880 4676 huius
1904 4611 1952 4676 rei
1977 4614 2070 4678 sunt:

51 4703 236 4776 Willekinus
266 4710 307 4775 de
332 4711 443 4794 Holte,
466 4711 654 4778 Richardus
683 4712 790 4778 dictus
812 4712 947 4798 Vulpes,
972 4712 1138 4779 Henricus
1162 4714 1271 4779 dictus
1296 4716 1348 4808 de
1362 4715 1574 4798 Dungerden,
1598 4715 1738 4798 milites;
1773 4715 1938 4783 Henricus
1963 4717 2071 4783 dictus

52 4811 180 4898 Sprunc,
213 4815 391 4903 Adolfus1)
422 4818 532 4884 dictus
562 4819 697 4902 Knicge,
729 4818 943 4885 Hermannus
971 4819 1078 4884 dictus
1108 4821 1150 4886 de
1173 4822 1259 4887 Foro
1289 4825 1323 4887 et
1350 4821 1406 4887 alii
1437 4842 1539 4906 quam
1566 4824 1692 4906 plures.
1744 4825 1869 4890 Datum
1898 4827 1932 4890 et
1960 4826 2071 4890 actum

51 4915 150 4986 llinde
173 4944 263 4990 anno
287 4925 423 4990 Domini
446 4924 786 5008 Mccaxxxlssr,
809 4926 843 4990 in
866 4927 951 4992 festo
976 4926 1248 4992 annunciacionis
1271 4929 1370 4993 beate
1393 4928 1506 4995 Marie.

254 5045 278 5117 ¹)
296 5047 432 5101 Amoldus
450 5048 485 5100 im
502 5047 571 5106 Mac.

172 5151 343 5235 Abaclrrifl
364 5155 418 5220 dea
441 5153 494 5219 14.
517 5153 630 5220 Jalrl.
657 5157 692 5219 ia
714 5154 791 5219 Mac.
823 5152 897 5234 VII,
919 5154 1018 5236 2401,
1049 5156 1084 5222 S.
1106 5155 1153 5222 6⁴9
1180 5161 1224 5222 im
1247 5156 1323 5244 qu.
1350 5157 1455 5225 se-A.
1483 5182 1523 5224 zu
1545 5160 1696 5226 Minater.
1743 5159 1838 5229 θεάν.
1870 5159 2072 5242 Wrirdtroein,

254 5257 347 5326 Saba.
372 5261 447 5345 dipl.
471 5259 532 5340 XI,
558 5259 592 5328 S.
619 5260 692 5328 111.
739 5259 854 5348 Repeti
875 5263 953 5328 Mac.
977 5261 1022 5343 II,
1048 5261 1138 5328 189a
1160 5262 1222 5330 Nr.
1244 5263 1322 5331 502.
