5062 6776
439 421 505 485 280
1429 429 1497 486 1268

438 635 472 697 et
494 630 717 715 Reynbardus
739 629 857 694 iratres
885 627 964 694 dicti
986 629 1027 693 de
1050 627 1230 711 Esperech,
1254 627 1449 708 lietbertus,
1472 626 1599 707 famuli,
1623 627 1659 690 et
1682 625 1736 690 alii
1765 627 1889 708 plures.
1925 627 2047 692 Datum
2071 631 2105 692 et
2128 631 2238 692 actum
2260 627 2293 692 in
2308 627 2439 696 llinden·

437 739 519 820 berg
542 757 630 804 anno
655 737 789 801 Domini
812 733 1122 814 M⁰.CC⁰.LXVIII⁰.,
1145 733 1316 798 Kalendas
1340 733 1548 799 Novembris.

571 841 741 922 Adrobrift
762 841 816 906 dea
840 838 891 904 14.
915 839 1031 903 Jalrn.
1055 846 1089 902 in
1112 839 1188 903 Mae.
1220 835 1291 917 VII,
1314 837 1413 917 2401,
1440 837 1474 903 S.
1496 836 1542 902 63
1563 841 1608 901 im
1630 837 1703 923 Kpl.
1723 836 1827 904 Se-A.
1851 861 1890 902 en
1906 839 2055 904 Mrineter.
2090 837 2202 924 Repete
2217 839 2290 906 Mae.
2307 837 2438 917 111896

651 945 711 1014 Na.
735 945 811 1011 280.
868 945 963 1012 Gedr.
994 944 1192 1022 Wnrdtneia,
1224 943 1313 1011 Saba.
1347 945 1422 1030 dipl.
1447 943 1508 1023 ΧῙ,
1538 943 1571 1012 S.
1597 943 1650 1007 44.
1702 945 2049 1030 Herm(en)ingbusen
2083 948 2125 1009 iet
2157 942 2370 1012 Hammonem
2401 949 2441 1012 bei

657 1052 844 1119 Weaeaotedt
865 1051 923 1120 Ka.
951 1052 1111 1137 Snla'npen.
1158 1048 1339 1116 Hierdnrala
1372 1051 1454 1115 lara
1483 1051 1533 1115 da'e
1561 1051 1722 1115 Annaliun
1753 1049 1929 1130 Wilmarcess
1958 1053 1993 1114 in
2021 1052 2238 1134 Mindenberg
2262 1052 2440 1140 Minenbnrp
2514 1094 2515 1116 i

655 1161 691 1223 0.
718 1160 869 1246 Snlinan
891 1181 930 1224 zn
952 1171 1115 1236 nannenten,
1140 1158 1212 1222 aeter
1235 1155 1391 1232 bertrirlat3
1413 1158 1474 1243 apl.
1498 1157 1574 1222 oben
1597 1154 1657 1222 Nr.
1682 1155 1757 1222 486.

1411 1337 1499 1414 915.

438 1469 586 1557 Bisaltas
620 1468 807 1542 Widelra'nd
839 1489 902 1539 non
932 1465 1129 1539 Osnabraielr
1162 1466 1341 1555 habeantet,
1377 1465 1460 1535 dass
1488 1464 1590 1554 Gaas
1621 1466 1695 1536 ono
1723 1487 1785 1536 non
1810 1462 1988 1536 Bentbee‘rn
2023 1467 2089 1538 den
2115 1465 2267 1538 aalma
2299 1467 2333 1536 in
2359 1465 2442 1537 Dono

436 1577 507 1647 llam
534 1598 577 1648 an
606 1575 761 1647 Gnnaten
789 1574 849 1646 das
877 1573 936 1644 Kl.
968 1573 1094 1645 Oesede
1131 1573 1347 1665 onspalossen
1380 1572 1466 1747 161.ὸ
1507 1570 1667 1749 Irplloco
1700 1572 1766 1664 qui
1800 1571 1940 1643 dicitur
1973 1571 2188 1667 menethige
2222 1572 2328 1642 bomo
2360 1577 2443 1644 1268

570 1798 625 1865 Or.
650 1801 694 1862 im
713 1796 786 1882 Kpl.
809 1794 912 1861 Se-A.
937 1819 976 1860 zn
1003 1795 1191 1874 omnemne,
1216 1795 1268 1863 Kl.
1295 1679 1674 1882 dibffezzaqiwene
1695 1796 1781 1881 peda.
1805 1795 1952 1881 Jnnpim,
1978 1793 2060 1862 Hice.
2087 1793 2269 1872 Baatkaim„
2295 1794 2362 1859 Cod.
2378 1796 2439 1880 apt
2515 1756 2516 1782 ¹

654 1903 688 1969 S.
714 1900 766 1968 78.
812 1902 904 1966 Dono
926 1906 969 1966 im
992 1902 1051 1966 Ka.
1077 1901 1225 1987 Herford.

1409 2033 1498 2108 916.

438 2161 509 2232 Die
538 2159 673 2245 Grolen
694 2158 767 2230 ono
793 2180 857 2228 non
875 2157 1057 2229 Beathaa'ra
1084 2157 1156 2228 nnd
1178 2159 1249 2230 ono
1268 2179 1332 2229 non
1351 2157 1570 2248 Ronensberp
1588 2157 1747 2230 ierarchen
1768 2157 2029 2233 Ministerialan.
2068 2156 2144 2228 126
2149 2160 2175 2227 8
2196 2155 2377 2228 November
2393 2155 2441 2225 23.

545 2278 616 2342 Nos
638 2277 718 2352 Otto
740 2297 851 2342 comes
875 2278 916 2342 de
940 2277 1103 2341 Benthem
1125 2279 1349 2359 protestamur
1371 2276 1406 2341 in
1429 2275 1481 2341 bis
1505 2276 1647 2359 scriptis,
1672 2277 1763 2359 quod
1787 2276 2019 2360 Cunegundim
2042 2275 2145 2340 filiam
2172 2275 2358 2339 Brunsboni
2379 2273 2441 2338 diali

444 2384 553 2450 Heere
576 2382 825 2448 ministerialem
849 2387 997 2447 nostram
1025 2382 1177 2448 dedimus
1205 2383 1341 2448 domino
1365 2381 1480 2447 Ottoni
1512 2382 1623 2447 comiti
1647 2383 1689 2447 de
1712 2383 1929 2466 Ravensberg
1956 2386 2122 2465 perpetuo
2145 2383 2180 2446 in
2209 2381 2443 2458 ministerialem,

437 2490 613 2573 Alheydim
636 2509 772 2555 uxorem
797 2489 982 2554 Hermanni
1007 2489 1083 2554 dicti
1107 2489 1201 2572 Ange
1225 2489 1330 2571 ipsius
1353 2489 1481 2553 comitis
1505 2488 1756 2554 ministerialem
1780 2488 1867 2554 iusto
1896 2488 2082 2554 concambii
2105 2488 2241 2570 titulo¹)
2264 2508 2324 2571 pro
2345 2487 2441 2551 eadem

437 2595 619 2679 Atheydett
644 2595 850 2679 recipientem
887 2597 1009 2659 Datum
1025 2615 1113 2661 anno
1132 2595 1263 2661 Domini
1280 2595 1458 2661 M.CC.LX.
1479 2597 1607 2675 octavo,
1631 2596 1704 2678 ipsa
1722 2595 1807 2675 diet)
1831 2595 1927 2660 beate
1944 2595 2065 2659 Cecilie
2080 2595 2229 2677 virginis,
2254 2593 2441 2677 presentibus
2516 2657 2517 2686 ¹

438 2703 553 2768 aulicis
577 2703 699 2766 nostris
722 2701 877 2766 fidelibus
901 2701 978 2766 viris
995 2701 1136 2766 Ludolfo
1160 2705 1192 2767 et
1208 2702 1400 2768 Baldewino
1424 2702 1568 2767 dominis
1592 2703 1626 2766 in
1643 2703 1852 2783 Stenvordia,
1877 2702 2016 2767 Nicolao
2043 2702 2147 2767 milite
2170 2701 2260 2767 dicto
2276 2701 2443 2782 Boydeken,
2516 2699 2517 2716 1

439 2810 617 2876 Lamberto
640 2809 742 2874 milite
766 2809 855 2873 dicto
878 2809 1007 2874 Budde.

658 2915 678 2986 ¹)
696 2915 777 2967 tirulo
797 2913 826 2965 L.
865 2913 886 2980 ⁸)
904 2914 1032 2966 aielmelrr
1050 2914 1215 2982 Guneguodi.
1255 2913 1278 2983 ³)
1297 2915 1330 2966 de
1350 2913 1379 2965 L.

571 3001 666 3068 Gedr.
693 3001 826 3087 Lanrap,
863 3001 969 3066 Garat.
1002 3003 1032 3064 d.
1058 3001 1133 3066 Gra.
1156 3026 1183 3067 n.
1210 3001 1417 3088 Raoanedarp,
1450 3003 1522 3066 Cod.
1553 3004 1626 3089 dapl.
1660 3002 1693 3067 S.
1717 3001 1770 3080 47,
1799 3001 1861 3068 Na.
1885 3002 1938 3082 45,
1962 3003 2028 3066 end
2061 3003 2138 3066 olane
2171 3002 2223 3066 die
2245 2998 2443 3066 vermentone

650 3105 771 3186 Pallor,
796 3108 872 3172 aber
894 3131 933 3171 zn
958 3106 1052 3184 1278,
1079 3107 1113 3172 S.
1130 3108 1185 3186 54,
1210 3107 1272 3173 Nr.
1295 3107 1349 3172 53.

1410 3273 1494 3350 917.

437 3398 590 3487 Bisaltas
614 3398 688 3470 Otto
716 3420 779 3468 non
809 3397 956 3469 Mindon
984 3398 1173 3488 alberetpnel
1201 3399 1257 3469 dle
1284 3399 1355 3469 ilina
1383 3398 1638 3486 anfealassenen
1668 3397 1777 3470 Giitar
1804 3400 1842 3469 a'n
1870 3397 2123 3486 Hermionaea,
2152 3395 2308 3482 Anatedt,
2335 3395 2444 3466 Lesa

790 3504 862 3575 nnd
890 3505 1104 3594 Salmanwape
1132 3505 1207 3575 dem
1239 3505 1459 3596 Domlropital.
1517 3506 1668 3577 Mindon
1697 3504 1806 3576 1268
1835 3503 2022 3576 November
2050 3504 2109 3575 29.

545 3624 659 3688 Frater
682 3623 760 3688 Otto
783 3623 1004 3706 permissione
1029 3623 1141 3688 divina
1163 3623 1344 3688 Mindensis
1368 3625 1506 3689 ecclesie
1530 3624 1706 3708 episcopus
1731 3624 1887 3689 omnibus
1915 3626 2089 3707 presentes
2112 3623 2241 3686 litteras
2263 3615 2441 3703 inspecturis

438 3730 579 3795 salutem
602 3731 637 3793 in
662 3729 803 3794 Domino
828 3727 1073 3811 sempiternam.
1121 3728 1300 3794 Constituti
1323 3749 1434 3794 coram
1462 3731 1560 3796 nobis
1591 3730 1712 3794 nobilis
1736 3731 1787 3795 vir
1815 3729 1983 3795 lohannes
2007 3729 2116 3794 dictus
2141 3730 2182 3795 de
2204 3725 2392 3804 adenoysn
2413 3740 2445 3784 ac

439 3838 573 3902 domina
597 3835 784 3900 Mechtildis
807 3855 890 3899 uxor
914 3835 996 3912 eius,
1022 3855 1151 3899 necnon
1181 3835 1351 3901 iohannes
1383 3839 1416 3900 et
1439 3836 1597 3918 Alheydis
1625 3837 1766 3901 heredes
1790 3856 1903 3901 eorum
1927 3835 2085 3919 legitimi,
2112 3836 2202 3901 bona
2228 3836 2292 3899 sita
2318 3834 2350 3896 in
2373 3831 2446 3894 Her-

437 3942 682 4025 meninglrusen
706 3946 740 4006 et
764 3942 847 4006 duas
871 3941 988 4006 domos
1012 3943 1047 4006 in
1070 3941 1286 4006 Annenstede
1310 3963 1386 4007 oum
1409 3943 1584 4026 mancipiis
1608 3944 1782 4026 utriusque
1806 3963 1904 4007 sexus
1932 3943 1975 4007 ad
1998 3942 2150 4025 predicta
2179 3943 2270 4008 bona
2295 3939 2446 4022 pertinen-

437 4048 537 4127 tibus,
562 4047 722 4112 decimam
747 4049 853 4112 eciam
876 4048 910 4112 iu
927 4048 1052 4113 Lessen
1077 4050 1110 4112 et
1133 4049 1294 4113 decimam
1317 4050 1352 4113 in
1370 4050 1573 4130 Scamwede,
1598 4070 1663 4132 que
1687 4051 1795 4114 dictus
1820 4050 1941 4114 nobilis
1966 4068 1985 4112 a
2008 4049 2106 4115 nobis
2129 4049 2240 4113 tenuit
2263 4049 2298 4112 in
2316 4041 2445 4129 pheodo,

438 4156 480 4219 de
503 4155 593 4218 bona
615 4154 787 4219 voluntate
816 4155 851 4218 in
874 4173 993 4219 manus
1023 4157 1153 4218 nostras
1183 4155 1285 4220 libere
1315 4157 1577 4237 resignaverunt.
1617 4156 1685 4220 Nos
1715 4176 1850 4239 quoque
1879 4155 2106 4237 resignacione
2138 4156 2197 4220 tali
2229 4155 2360 4235 accepta
2381 4166 2447 4232 pro·

436 4261 614 4345 prietatem
650 4260 798 4326 omnium
835 4261 1104 4343 supradictorum
1135 4261 1310 4342 bonorum,
1345 4263 1587 4344 mancipiorum
1625 4266 1657 4327 et
1689 4262 1891 4327 decimarum
1919 4263 2046 4327 decano
2081 4262 2116 4326 et
2150 4261 2296 4343 capitulo
2325 4254 2447 4322 ecclesie

439 4371 552 4432 nostre
582 4366 717 4432 maioris
747 4366 930 4433 lllindensis
958 4368 1160 4432 contulimus
1192 4367 1311 4449 libere,
1341 4369 1425 4432 siout
1452 4373 1680 4450 protestamur
1711 4388 1749 4433 ac
1776 4367 1859 4451 ipsis
1888 4368 2155 4450 recognoscimus
2189 4387 2251 4450 per
2280 4363 2444 4449 presentes.

438 4474 560 4538 Datum
583 4473 694 4537 Minde
717 4493 806 4537 anno
830 4471 964 4537 Domini
987 4472 1292 4554 M⁰.CC⁰.LXVHI⁰.‚
1317 4473 1375 4539 III.
1399 4474 1566 4539 Kalendas
1590 4475 1791 4539 Decembris

655 4577 676 4648 ¹)
696 4577 840 4646 Andenoys
860 4578 893 4629 rt.

574 4666 734 4745 Abeehrafi
756 4667 809 4731 dee
834 4665 885 4732 14.
909 4665 1022 4730 Jalrl.
1047 4669 1081 4729 in
1104 4666 1180 4730 Mae.
1212 4665 1282 4749 VII,
1304 4666 1403 4746 2401,
1430 4666 1464 4733 S.
1490 4667 1533 4731 49
1555 4672 1598 4732 im
1621 4667 1695 4754 Kpl.
1723 4667 1828 4735 sa-A.
1852 4691 1891 4732 zn
1914 4669 2056 4732 Mnester
2078 4668 2147 4752 (A),
2183 4653 2448 4751 369661116611,

654 4771 717 4836 189
724 4797 743 4836 a
770 4770 826 4838 Nr.
851 4770 926 4838 470.
962 4771 1057 4837 Gadr.
1091 4769 1286 4852 Wrirdtraein‚
1312 4773 1406 4842 Sabe.
1431 4775 1505 4860 (11])1.
1532 4773 1592 4854 XI,
1619 4773 1653 4839 S.
1678 4775 1730 4839 46.
1763 4771 1830 4859 Vqr.
1855 4775 1931 4838 oben
1955 4772 2013 4838 Nr.
2038 4770 2114 4837 850.

1404 4955 1492 5032 918.

440 5081 510 5153 Da'a
543 5067 631 5152 albia
666 5079 822 5151 Dielra'alr
857 5102 919 5151 noa
953 5081 1102 5152 Loaanm
1143 5082 1213 5153 und
1255 5081 1383 5152 Gerold
1416 5103 1476 5152 non
1508 5082 1658 5153 Sabinae
1697 5081 1872 5154 baknndan
1912 5081 1978 5152 dan
2006 5077 2108 5168 Konf
2142 5101 2206 5150 non
2237 5081 2309 5150 aler
2341 5071 2448 5158 alren

633 5187 774 5258 Lnndes
801 5188 839 5257 in
867 5185 1065 5282 Meringen
1093 5188 1202 5260 dnralr
1231 5187 1379 5259 Gerlach
1405 5187 1473 5258 Abi
1501 5187 1561 5260 des
1590 5187 1824 5276 Morientisles
1849 5209 1911 5259 aar
1940 5187 2096 5258 Minden.
2154 5183 2264 5259 1268.

545 5305 770 5370 Theodericus
794 5308 828 5370 et
852 5304 1016 5371 Geroldus
1040 5305 1100 5371 Dei
1123 5306 1232 5388 gracia
1262 5306 1401 5371 abbates
1426 5307 1468 5371 de
1492 5305 1604 5371 Lucka
1635 5310 1670 5372 et
1701 5307 1743 5373 de
1766 5306 1914 5373 Schinna
1943 5305 2100 5371 omnibus
2132 5323 2272 5387 presens
2303 5300 2446 5382 scriptum

437 5411 558 5478 visuris
587 5413 736 5476 eternam
766 5412 801 5475 in
825 5411 966 5476 Domino
995 5411 1144 5477 salutem.
1197 5413 1236 5477 In
1264 5411 1489 5478 contractibus
1518 5415 1552 5477 et
1578 5412 1725 5496 negociis
1755 5414 1880 5478 utimur
1906 5412 2091 5477 litterarum
2120 5409 2331 5490 testimoniis,
2358 5407 2390 5469 ut
2411 5401 2447 5464 de
