5062 6776
433 405 498 470 296
1415 413 1486 470 lato

433 618 553 684 Testes
580 618 693 682 autem
723 617 804 680 sunt
833 611 934 678 huius
965 613 1029 690 rei3
1058 611 1228 677 Arnoldus
1252 610 1293 674 de
1317 608 1469 689 Visbelre,
1501 609 1695 675 Woltherus
1715 610 1768 675 'de
1792 609 1925 688 Zersne,
1948 608 2118 675 lohannes
2140 609 2280 694 Kuihge,
2309 611 2431 696 milites;

433 724 601 792 lohannes
617 721 810 788 Smerebart
831 719 1023 798 advocatus,
1045 717 1216 783 lohannes
1231 714 1438 794 Avunculus,
1462 713 1668 798 Thydericus
1692 715 1891 796 Hemmlike,
1914 715 2083 782 Henricus
2104 716 2299 800 Gnosespet,
2319 718 2430 800 lamuli;

433 828 632 912 Henricus1)
655 829 697 894 de
720 827 822 907 Osen,
845 825 1024 892 Kestinuus
1048 824 1090 888 de
1115 822 1228 903 Polde,
1253 823 1466 888 Hermannus
1483 823 1634 902 Pnstere,
1657 821 1826 888 Henricus
1850 822 1892 888 de
1908 823 2128 902 Ermetzesen,
2152 822 2315 890 Henrious
2330 825 2431 908 ludex,

431 936 647 1003 Bernhardus
671 935 755 1014 Rex,
778 932 983 1015 Thydericus
1006 931 1125 1010 Faber,
1153 927 1323 1009 consulem
1357 928 1571 994 Everhardus
1601 947 1701 1012 preco
1733 927 1888 994 civitatis.
1935 929 1986 994 Ne
2009 932 2120 995 antem
2143 929 2205 994 heo
2227 930 2385 996 ordinacio
2404 937 2432 998 et

432 1043 616 1128 resignacio
641 1062 661 1106 a
683 1038 806 1106 nostris
828 1039 973 1122 posteris
997 1037 1159 1111 irritetur,
1187 1038 1377 1102 nostrornm
1400 1034 1585 1117 sigillorum
1608 1034 1791 1101 munimine
1815 1036 1954 1102 fecimus
1977 1035 2136 1102 roborari.
2183 1036 2270 1102 Aeta
2290 1041 2363 1103 sunt
2382 1037 2433 1104 hec

432 1170 523 1218 euno
545 1149 679 1216 Domini
703 1144 955 1211 M⁰.CC⁰.LXX⁰.
978 1145 1014 1209 in
1038 1145 1093 1209 die
1115 1141 1308 1226 servantia)

648 1253 671 1324 ¹)
690 1251 750 1304 Dos
769 1249 1059 1319 Abkiirrunpszeiclcn
1069 1248 1122 1318 fiir
1139 1264 1172 1301 us
1183 1247 1264 1317 selle.
1303 1246 1326 1317 ¹)
1345 1246 1448 1300 Sereeii
1466 1245 1512 1299 Or.

569 1341 623 1408 Or.
655 1345 699 1406 im
726 1340 844 1404 Arellio
871 1341 925 1404 des
956 1336 1008 1404 ΙΙΙ.
1039 1337 1181 1403 Locrum.
1229 1335 1326 1400 Beue
1354 1334 1458 1420 Siepel
1485 1334 1574 1400 nebat
1603 1333 1808 1420 Befcatipunp
1839 1334 1885 1402 ab.
1935 1334 2030 1401 θοᾶν.
2061 1360 2087 1404 o.
2113 1333 2308 1422 Hodcnberp,
2342 1335 2434 1402 oin-

644 1447 751 1534 bcrper
779 1445 847 1510 UB.
871 1445 966 1510 Atel.
991 1441 1053 1523 ΙΙΙ,
1081 1441 1114 1509 S.
1137 1440 1205 1508 206
1227 1440 1287 1508 Nr.
1311 1439 1387 1520 313,
1425 1440 1559 1523 senine,
1591 1437 1664 1505 Vom
1687 1441 1776 1521 Adel,
1803 1441 1915 1521 821,
1946 1444 1991 1506 im
2014 1443 2145 1529 Auezny
2167 1467 2194 1507 o.
2220 1444 2349 1529 Aspen,
2372 1442 2432 1510 Col.

644 1556 720 1640 dipl.
751 1551 926 1618 Sedonenb.
957 1549 1002 1629 ΙΙ,
1040 1549 1074 1615 S.
1102 1548 1168 1613 225
1202 1547 1263 1612 Nr.
1292 1547 1366 1628 131,
1409 1546 1636 1634 Wc'ppermonn,
1672 1546 1770 1634 Repp.
1800 1546 1965 1614 &nonme
1999 1548 2033 1614 S.
2061 1547 2107 1613 92
2139 1546 2201 1615 Nr.
2233 1547 2324 1616 181b.
2365 1551 2431 1616 Otto

644 1663 767 1728 nobilis
789 1662 891 1725 homo
915 1661 1016 1726 frater
1050 1656 1154 1740 dorso
1176 1656 1235 1720 wol
1256 1655 1407 1720 identiedr
1430 1657 1496 1720 sein
1518 1657 1577 1718 mit
1599 1655 1667 1718 dem
1692 1652 1952 1740 Predipermdnclr
1975 1654 2046 1720 Otto
2067 1678 2126 1719 oon
2145 1653 2238 1743 Hopa
2260 1657 2295 1719 in
2315 1655 2432 1732 Mindm,

643 1769 699 1834 der·
721 1766 845 1832 donant
868 1766 936 1830 dem
961 1763 1154 1830 <lescleche
1176 1764 1231 1828 der·
1257 1759 1379 1845 Grafen
1402 1783 1460 1826 oon
1483 1758 1576 1847 Hoya
1599 1760 1749 1846 <inpetriri
1771 1761 1834 1829 dat.

1394 1958 1484 2036 958.

429 2094 576 2183 Biseltof
606 2093 681 2165 Otto
708 2114 771 2163 von
791 2089 940 2162 liscnden
967 2087 1124 2176 volanti
1151 2094 1251 2158 untcr
1278 2085 1456 2158 Vorlelrolr
1482 2085 1542 2157 des
1561 2085 1765 2176 Rdclclcauss
1791 2085 1858 2157 den
1876 2085 2043 2158 Bntdern
2061 2083 2193 2178 Knippc
2222 2085 2289 2158 den
2304 2086 2436 2156 Miser

523 2202 562 2272 in
589 2200 818 2288 Hemmlnpcn
845 2197 945 2267 aowin
972 2195 1038 2266 den
1066 2194 1216 2266 Zetoten
1242 2193 1417 2264 cedetne
1445 2193 1542 2282 Hufe
1568 2194 1606 2263 in
1634 2191 1834 2269 Velzedhe.
1890 2191 2040 2264 Mindon
2067 2192 2164 2264 1270
2192 2193 2277 2264 Mei
2303 2190 2357 2268 31.

538 2320 654 2385 Frater
670 2317 749 2383 Otto
772 2315 882 2381 divina
905 2313 1124 2398 permissione
1143 2311 1327 2378 Miudensis
1350 2311 1489 2377 ecclesie
1513 2310 1690 2394 episcopus
1713 2311 1869 2376 omnibus
1892 2311 1957 2376 hoc
1979 2311 2143 2393 scriptum
2165 2311 2289 2376 visuris
2310 2309 2434 2374 salutem

430 2426 465 2491 in
489 2426 641 2492 Domino.
681 2425 807 2489 Notum
830 2421 969 2486 facimus
992 2419 1167 2498 universis,
1191 2418 1281 2501 qnod
1303 2437 1364 2482 nos
1387 2437 1449 2500 pro
1472 2416 1672 2484 necessitate
1695 2437 1734 2483 ac
1758 2415 1900 2483 utilitate
1924 2419 2038 2482 nostre
2061 2417 2202 2482 ecclesie
2230 2417 2265 2482 in
2281 2416 2433 2497 Hemeghe

431 2537 466 2600 et
488 2531 653 2598 Velzedhe
680 2529 825 2614 decimas
856 2533 891 2592 et
920 2547 1074 2592 mansum
1101 2545 1206 2591 unum
1235 2525 1270 2589 in
1298 2524 1373 2608 ipsa
1403 2524 1484 2589 villa
1512 2523 1654 2589 Velzede
1685 2523 1786 2590 situm
1814 2543 1891 2589 cnm
1921 2523 2011 2589 omni
2035 2523 2107 2590 inre
2131 2527 2163 2588 et
2187 2524 2360 2589 usufructu
2381 2540 2431 2604 pro

431 2637 674 2723 quinquaginta
704 2635 824 2700 mercis
847 2634 1038 2698 Bremensis
1067 2631 1195 2715 argenti
1219 2631 1365 2696 Henrico
1389 2634 1423 2696 et
1447 2631 1642 2697 Hermanno
1665 2631 1825 2696 fratribus
1850 2631 1948 2697 dictis
1970 2632 2122 2713 Kuiggen
2146 2633 2179 2696 et
2200 2630 2308 2696 iuxori
2330 2627 2434 2712 prefati

431 2745 615 2812 Hermanni
646 2763 685 2808 ac
708 2761 823 2808 eornm
846 2740 942 2806 iustis
965 2738 1144 2804 heredibus
1169 2737 1378 2803 vendidimus
1401 2741 1436 2802 et
1458 2739 1595 2804 eosdem
1617 2737 1699 2820 ipsis
1723 2736 1966 2804 infeodavimus
1989 2755 2154 2803 consensu
2177 2737 2286 2802 nostri
2307 2732 2435 2817 capituli,

430 2854 517 2919 sicut
540 2852 612 2916 lieri
636 2849 761 2928 debuit,
791 2848 979 2926 accedente,
1009 2847 1073 2910 hoo
1096 2847 1209 2910 tamen
1233 2845 1364 2909 adiecto
1387 2848 1514 2922 tenore,
1538 2845 1630 2926 quod
1653 2847 1769 2908 nostra
1793 2843 1930 2910 ecclesia
1952 2843 2100 2927 predicta
2123 2844 2211 2908 bona
2237 2843 2435 2926 quandocun-

429 2978 495 3042 que
525 2956 667 3023 volnen't
693 2975 755 3038 pro
783 2954 899 3020 eadem
927 2951 1071 3036 pecnnia
1101 2955 1178 3016 ante
1206 2955 1339 3035 tempus
1370 2948 1613 3032 purificationis
1636 2950 1733 3014 beate
1757 2949 1895 3032 virginis
1919 2950 2088 3016 reemendi
2112 2949 2238 3014 habeat
2260 2949 2434 3014 facilitatem

429 3065 567 3129 liberam
590 3061 788 3145 exceptione
811 3061 1071 3126 memoratorum
1094 3060 1283 3140 emptorum
1306 3075 1367 3122 sen
1391 3055 1491 3122 etiam
1507 3055 1773 3122 contradictione
1789 3055 1967 3122 cuiuslibet
1983 3056 2237 3120 nonobstante.
2276 3054 2435 3130 Adiectum

430 3173 482 3236 est
508 3170 620 3248 etiam,
649 3168 750 3251 quod,
778 3168 807 3231 si
830 3166 1013 3231 necessitas
1039 3163 1122 3247 ipsis
1153 3164 1325 3229 incumbat
1346 3163 1422 3227 aliis
1445 3161 1599 3245 personis
1623 3163 1741 3227 eadem
1763 3163 1851 3228 bona
1873 3163 2020 3245 obligare
2045 3162 2277 3241 nefrendem,
2306 3157 2435 3245 poterint

430 3276 547 3341 eodem
569 3276 641 3340 iure
665 3293 731 3356 quo
756 3273 820 3356 ipsi
845 3272 991 3356 gandent
1013 3271 1049 3335 in
1071 3269 1138 3335 illis
1162 3273 1195 3335 et
1219 3290 1280 3353 pro
1297 3271 1414 3335 eadem
1430 3268 1571 3351 pecunie
1588 3268 1787 3351 quantitate.
1827 3268 1945 3334 Testes
1960 3267 2061 3334 huius
2078 3269 2126 3334 rei
2143 3269 2237 3332 sunt:
2263 3265 2434 3332 Gerhardus

430 3383 587 3460 decanus,
620 3380 786 3444 Henricns
821 3380 943 3458 custos,
972 3375 1134 3442 Ludolfus
1169 3377 1293 3454 cantor,
1327 3375 1464 3456 Widego
1499 3375 1691 3457 prepositus
1727 3375 1834 3439 sancti
1869 3373 2017 3455 Martini,
2051 3373 2222 3440 lohannes
2255 3375 2297 3438 de
2329 3371 2435 3448 Bncla,

428 3488 543 3553 Brnno
572 3487 613 3552 de
641 3485 843 3569 Spenthove,
873 3483 1047 3547 Conradus
1078 3483 1270 3566 prepositus
1300 3481 1408 3546 sancti
1435 3479 1609 3561 iohannis,
1638 3481 1793 3547 iordanis
1817 3481 1858 3546 de
1882 3481 2113 3564 Calleudorpe,
2138 3478 2298 3545 Albertus
2320 3476 2435 3561 Sprich,

430 3594 651 3676 Reynhardus
680 3593 721 3657 de
750 3592 842 3670 Slon,
870 3591 1039 3657 Aruoldus
1072 3589 1114 3652 de
1143 3589 1276 3668 scinne,
1308 3587 1500 3652 Gerhardus
1531 3588 1573 3652 de
1597 3588 1794 3667 Hervordia,
1818 3588 2010 3653 Gerhardus
2034 3589 2075 3652 de
2099 3586 2265 3669 Dilingeu,
2289 3583 2435 3649 Ludolfus

429 3701 471 3765 de
495 3700 688 3778 Bardeleve,
717 3698 887 3763 Arnoldus
912 3697 1044 3779 Cnigge,
1075 3694 1260 3761 Miudensis
1288 3694 1425 3760 ecclesie
1457 3695 1624 3774 canonici3
1654 3695 1845 3761 florentius
1866 3695 2066 3778 Wigravius,
2096 3694 2288 3760 Richardus
2316 3693 2436 3773 Vulpes

431 3806 598 3871 Henricus
622 3808 655 3870 et
679 3803 865 3870 Florentius
888 3802 1007 3868 fratres
1032 3803 1072 3866 de
1096 3801 1309 3884 Dungerden‚
1333 3800 1532 3866 Thidericus
1556 3802 1597 3866 de
1622 3801 1729 3882 Uflen‚
1754 3801 1951 3867 Thidericus
1975 3803 2017 3866 de
2041 3801 2235 3881 Horsholte,
2260 3795 2435 3865 Gerhardus

429 3915 462 3978 et
485 3912 659 3977 Conradus
682 3911 802 3975 fratres
826 3911 867 3974 de
891 3909 1061 3989 Lutteren,
1097 3907 1233 3987 milites;
1270 3907 1422 3972 Wezelus
1446 3907 1488 3972 de
1512 3907 1669 3989 Ratbere,
1694 3908 1895 3972 Godscalcus
1919 3908 1961 3972 de
1983 3906 2142 3987 Bordere,
2166 3908 2334 3973 lohannes
2357 3902 2436 3978 Bloc,

429 4019 643 4084 Hermannus
673 4015 782 4098 Corsi,
815 4016 904 4081 cives
932 4014 1134 4084 Mindeuses.
1181 4014 1226 4078 Ut
1253 4015 1365 4078 autem
1392 4013 1454 4077 hec
1481 4017 1553 4078 reta
1583 4017 1814 4098 permaneant,
1848 4015 1965 4078 nostro
1988 4017 2023 4078 et
2045 4011 2182 4094 capituli
2205 4011 2313 4078 nostri
2335 4007 2437 4090 sigillis

428 4126 621 4207 presentem
643 4123 797 4207 peginam
820 4122 958 4187 lecimus
982 4121 1189 4186 communiri.
1237 4121 1361 4186 Datum
1377 4119 1488 4184 Minde
1503 4120 1539 4183 in
1555 4119 1664 4202 vigilie
1679 4120 1919 4186 Pentheeostes
1942 4138 2030 4184 anuo
2047 4117 2181 4184 Domini
2198 4111 2436 4183 M⁰.CC⁰.LXX⁰.

562 4228 617 4294 Or.
647 4232 691 4293 im
714 4227 787 4315 Kpl.
810 4225 914 4294 se-A.
945 4249 984 4291 zu
1012 4227 1163 4304 Mdnoter,
1198 4224 1351 4288 Ftirntent.
1376 4224 1505 4289 Minden
1531 4221 1591 4289 Nr.
1616 4223 1669 4288 41.
1715 4223 1778 4290 Die
1807 4224 1914 4290 inum
1943 4222 2047 4308 Siepcl
2079 4245 2137 4287 oon
2167 4224 2226 4288 den
2248 4221 2437 4307 Perpament·

641 4336 771 4420 atrnfen
794 4333 840 4399 ab.
880 4333 994 4418 Repeet
1007 4333 1086 4396 Mac.
1103 4329 1151 4411 ΙΙ,
1176 4329 1276 4409 189α,
1304 4329 1361 4392 Nr.
1381 4328 1455 4395 108.
1497 4328 1591 4396 Gedr.
1625 4328 1822 4410 Woirdtwec'n,
1848 4329 1937 4395 Sabe.
1954 4330 2029 4416 dipl.
2047 4326 2108 4408 XI,
2134 4327 2169 4395 S.
2185 4327 2238 4397 50.
2286 4325 2438 4394 Velzedhe

640 4447 721 4507 utet
753 4441 904 4506 senonen
934 4437 1078 4504 Gedrden
1104 4438 1170 4502 und
1197 4436 1402 4522 Ronnenderp
1434 4440 1478 4500 im
1506 4436 1563 4502 Kr.
1589 4435 1722 4516 Lindon,
1758 4438 1817 4522 cpi.
1844 4436 1994 4501 Zeitscdr.
2018 4436 2049 4504 d.
2074 4436 2145 4501 int.
2176 4431 2245 4500 Ver.
2261 4436 2295 4520 f.
2318 4431 2439 4496 Neor-

641 4549 767 4613 sacltoen
791 4547 844 4633 Jp.
871 4544 955 4611 1884
982 4543 1016 4610 S.
1042 4544 1116 4624 150,
1139 4542 1345 4630 Hennnc'npen
1367 4545 1411 4606 ini
1434 4541 1492 4609 Kr.
1517 4541 1693 4622 Hunnover.

1398 4723 1492 4801 959.

426 4854 582 4943 Biscleof
607 4855 682 4927 Otto
720 4876 785 4926 oon
818 4853 968 4924 Mindon
1006 4851 1198 4942 dboreipnet
1238 4851 1315 4923 dem
1350 4851 1410 4923 Kl.
1445 4849 1581 4923 chern
1621 4853 1677 4924 cin
1704 4851 1799 4922 Blrbe
1831 4852 1870 4922 in
1898 4851 2102 4939 &endem
2129 4848 2349 4940 (Hannoner)
2381 4844 2437 4914 mit

703 4959 879 5032 Voroelalc
906 4961 969 5031 der
997 4957 1252 5049 Gencllmc'punp
1279 4959 1340 5030 des
1368 4957 1614 5048 Dornlcnpitela.
1668 4957 1859 5048 Rcincbcrp
1885 4956 1982 5028 1270
2008 4958 2097 5029 duni
2125 4954 2183 5032 15.

534 5081 651 5145 Frater
666 5078 745 5144 Otto
761 5077 872 5142 divina
895 5078 1116 5160 permissione
1129 5077 1312 5142 Miudensis
1336 5077 1475 5142 ecclesie
1498 5076 1675 5159 episcopus
1691 5075 1857 5142 universis
1872 5076 2062 5159 presentem
2078 5074 2234 5158 paginam
2247 5065 2439 5154 inspecturis

427 5190 578 5254 eternam
613 5186 647 5250 in
676 5184 818 5251 Domino
853 5183 1004 5250 salutern.
1050 5183 1098 5248 Ea
1121 5203 1186 5266 que
1209 5186 1371 5264 geruntur
1394 5183 1428 5248 in
1452 5185 1612 5265 tempore,
1647 5201 1690 5246 ne
1713 5182 1812 5248 simul
1836 5181 1991 5248 labantur
2020 5200 2097 5247 cum
2119 5183 2282 5263 tempore,
2316 5172 2437 5257 scriptis

427 5293 538 5360 solent
566 5296 600 5358 et
627 5291 769 5357 testibus
804 5289 991 5372 perennari.
1039 5289 1126 5354 Hinc
1154 5291 1215 5370 est,
1249 5290 1340 5372 quod
1368 5290 1411 5354 ad
1437 5289 1595 5354 noticiam
1628 5291 1699 5354 tam
1725 5288 1913 5355 futurorum
1943 5307 2045 5372 quam
2068 5285 2273 5371 presentium
2295 5281 2437 5366 cupimus

422 5399 612 5482 pervenire,
637 5397 727 5480 quod
750 5417 811 5462 nos
827 5399 904 5479 post
918 5396 1056 5462 liberam
1071 5394 1329 5478 resignationem
1350 5394 1491 5460 Arnoldi
1506 5398 1541 5460 et
1556 5395 1724 5460 Brunonis
1747 5395 1886 5462 fratrum
1907 5395 2070 5460 dictorum
2083 5393 2278 5472 Judeorum,
2294 5405 2435 5462 uxorum,
