5086 6768
436 433 504 496 474
1431 439 1499 495 1292

438 645 592 710 salutem.
632 641 798 720 Quoniam
820 640 930 704 labilis
954 643 1004 704 est
1027 637 1199 702 hominum
1223 637 1392 718 memoria,
1417 636 1642 702 necessariam
1659 640 1711 702 est
1726 639 1759 702 et
1774 637 1865 717 utile,
1882 640 1920 702 ut
1938 657 1977 703 ea
1992 658 2058 719 que
2074 641 2235 720 geruntur
2252 639 2461 720 intempore,

437 771 479 816 ne
495 750 651 815 labantur
669 765 744 811 cum
765 749 928 828 tempore,
953 744 1083 827 scriptis
1100 745 1133 809 et
1148 742 1291 808 testibus
1307 744 1518 808 roborentur.
1553 744 1639 808 Hinc
1656 746 1716 825 est,
1732 742 1825 825 quod
1841 743 1884 808 ad
1901 743 2057 808 noticiam
2073 745 2142 808 tam
2159 742 2349 809 futurorum
2369 763 2459 826 quam

437 855 645 940 presentium
662 852 817 937 cupimus
833 851 1018 935 pervenire,
1032 851 1123 933 qaod
1135 839 1348 914 Thethar'dus
1365 851 1473 915 dictus
1487 850 1527 914 de
1540 849 1622 914 Slon
1639 851 1775 932 accepta
1791 850 1937 931 quadam
1949 869 2079 916 summa
2091 851 2231 932 pecunie
2244 870 2265 914 a
2276 849 2459 916 Borchardo

437 962 610 1046 preposito
626 961 662 1025 in
674 960 824 1024 Leveren
841 978 916 1023 cum
933 976 1037 1023 uxore
1054 976 1115 1021 sua
1132 956 1344 1039 Hildegunde
1360 958 1394 1020 et
1408 955 1477 1020 filio
1494 975 1555 1020 suo
1567 955 1713 1020 Justacio
1731 958 1765 1020 et
1781 975 1858 1020 cum
1874 955 1947 1019 aliis
1964 955 2143 1020 heredibus
2159 956 2239 1037 suis,
2258 957 2340 1039 quia
2356 957 2459 1040 plures

438 1087 561 1150 pueros
586 1086 655 1130 non
677 1065 833 1146 habebat,
858 1064 900 1128 ad
924 1066 1073 1128 nostram
1097 1063 1236 1126 accessit
1259 1061 1461 1144 presentiam
1485 1064 1518 1126 et
1542 1063 1668 1126 curiam
1691 1061 1725 1125 in
1748 1061 1972 1145 Westorpel),
1996 1081 2096 1144 quam
2122 1081 2141 1125 a
2166 1063 2260 1128 nobis
2285 1065 2460 1128 tenuerant

436 1174 474 1238 in
503 1173 647 1257 pheodo,
682 1191 759 1236 carn
787 1171 877 1236 omni
904 1169 1092 1252 integritate
1121 1188 1193 1249 sna,
1217 1167 1390 1249 mancipiis
1414 1167 1580 1248 videlicet,
1604 1167 1720 1251 pratia,
1744 1167 1845 1246 silvis,
1869 1167 2002 1250 pascuis
2032 1169 2065 1232 et
2088 1167 2265 1252 piscaturis
2289 1168 2325 1232 in
2350 1187 2460 1231 manus

438 1282 571 1343 nostras
601 1278 706 1343 libere
734 1278 995 1359 resignaverunt.
1042 1275 1117 1353 Quo
1148 1273 1235 1338 lacto
1266 1275 1333 1340 iarn
1363 1274 1473 1338 dictus
1496 1274 1689 1357 prepositus
1712 1274 1831 1356 petivit
1853 1293 1872 1336 a
1896 1273 1993 1338 nobis
2016 1273 2188 1339 humiliter
2212 1278 2245 1339 et
2268 1275 2397 1354 devote,
2430 1277 2462 1338 ut

438 1387 580 1451 eandem
605 1384 729 1449 curiam
754 1383 893 1448 cenobio
916 1382 1014 1447 beate
1037 1380 1139 1446 Marie
1161 1380 1299 1462 virginis
1322 1380 1357 1444 in
1381 1380 1531 1445 Leveren
1554 1383 1665 1444 nostre
1690 1380 1840 1461 dyocesis
1864 1379 2012 1445 conferre
2034 1384 2175 1463 propter
2197 1380 2376 1446 Dominum
2398 1381 2461 1462 dig-

442 1510 609 1556 naremur.
664 1491 734 1554 Nos
770 1490 869 1571 igitur
903 1489 968 1572 piis
1005 1487 1112 1570 ipsius
1139 1485 1295 1569 precibus
1324 1485 1485 1563 inclinati,
1520 1485 1600 1567 quia
1628 1486 1692 1549 hoc
1720 1486 1792 1550 sine
1821 1485 2020 1551 detrimento
2050 1485 2190 1552 ecclesie
2222 1488 2334 1551 nostre
2362 1485 2462 1549 facere

437 1598 621 1682 potuimus
643 1596 826 1680 predictam
850 1594 976 1659 cariam
1000 1613 1075 1658 cum
1100 1592 1192 1657 omni
1217 1593 1404 1674 integritate
1428 1612 1490 1658 sua
1512 1593 1745 1674 prenominato
1769 1591 1908 1656 cenobio
1931 1592 2133 1658 contulimus
2157 1591 2268 1674 quiete
2284 1593 2317 1656 et
2333 1591 2462 1675 pacifice

437 1707 602 1786 perpetuo
632 1702 880 1786 possidendam,
918 1704 955 1765 ut
984 1700 1120 1764 uberius
1149 1699 1209 1764 Dei
1241 1699 1384 1763 servitus
1413 1698 1459 1764 ihi
1488 1699 1597 1782 vigeat
1625 1700 1658 1763 et
1686 1718 1830 1780 persone
1857 1698 1981 1763 ibidem
2011 1698 2153 1763 Domino
2181 1697 2378 1762 famulantes
2407 1717 2462 1779 per
2533 1753 2534 1758 ,

439 1812 590 1874 nostram
621 1808 866 1874 solicitudinem
898 1807 1124 1871 consolentur.
1172 1805 1223 1869 Ne
1253 1805 1327 1887 quis
1358 1825 1435 1871 vero
1460 1825 1563 1888 super
1585 1804 1737 1887 predicta
1760 1803 1943 1869 Thethardi
1967 1807 1999 1868 et
2022 1804 2182 1869 heredum
2207 1823 2344 1868 suorum
2367 1804 2461 1884 resig-
2533 1819 2534 1824 ¹

443 1915 577 1982 natione
608 1917 642 1979 et
669 1919 785 1979 nostra
811 1915 867 1996 pia
897 1913 1077 1978 collacione
1106 1911 1213 1994 possit
1243 1911 1277 1975 in
1307 1915 1480 1993 posterum
1504 1911 1684 1976 dubietatis
1708 1911 1885 1994 scrupulus
1909 1910 2064 1990 suboriri,
2101 1911 2292 1993 presentem
2315 1910 2461 1992 paginam

443 2021 609 2086 conscribi
641 2023 674 2085 et
697 2020 881 2102 sigillorum
909 2021 1100 2084 nostrorum
1128 2017 1313 2083 munimine
1341 2017 1480 2082 fecimus
1504 2017 1663 2083 roborari.
1710 2016 1820 2082 Huius
1843 2015 1892 2080 rei
1915 2018 2018 2080 testes
2042 2019 2135 2081 sunt:
2172 2015 2345 2079 Comadus
2366 2014 2463 2080 maior

442 2128 645 2211 prepositae,
671 2127 834 2192 Geroldus
857 2127 1003 2191 decanus
1019 2125 1136 2206 maior,
1161 2125 1346 2206 Volquinus
1362 2123 1553 2206 prepositus
1570 2122 1676 2188 sancti
1691 2123 1834 2204 Martini,
1858 2122 2023 2187 Henricus
2039 2122 2278 2200 thesaurariae,
2304 2121 2460 2185 Amoldas

442 2234 644 2314 cellerarius,
674 2233 763 2312 Gyso
792 2232 1044 2298 archidiaconus
1073 2232 1108 2295 in
1137 2231 1279 2310 Aleden,
1312 2231 1478 2295 Henricus
1507 2231 1548 2294 de
1572 2230 1731 2309 Hocolve,
1762 2229 1935 2294 Conradus
1959 2230 2000 2293 de
2024 2228 2225 2305 Nienborch,
2257 2227 2410 2293 Nicolaas
2432 2229 2460 2288 et

442 2339 498 2403 alii
527 2340 679 2404 canonici
703 2339 911 2417 Mindenses;
943 2337 1148 2421 Justaciusl)
1179 2336 1221 2400 de
1245 2336 1336 2417 Sion,
1362 2336 1584 2417 chghardus
1608 2337 1649 2401 da
1673 2333 1917 2420 Vorneholte4),
1949 2335 2106 2400 Nicotaus
2131 2335 2171 2398 de
2196 2333 2356 2414 Lerbelre,
2379 2332 2460 2396 Con·

441 2447 543 2510 radus
568 2449 609 2511 de
625 2445 819 2527 Bardeleve,
844 2443 1011 2530 milites5),
1035 2447 1068 2508 et
1092 2443 1147 2508 alii
1171 2462 1273 2525 quam
1298 2441 1410 2525 plures
1433 2441 1556 2507 milites
1578 2443 1610 2506 et
1625 2441 1749 2508 famuli.
1788 2443 1911 2507 Datum
1934 2441 1969 2505 in
1990 2441 2103 2505 blinda
2126 2437 2458 2505 lateatnxmnt

442 2570 532 2616 anno
556 2551 793 2617 incarnationis
818 2550 991 2615 dominice.

655 2657 676 2726 ¹)
695 2656 953 2726 graciaouapeaclrr.
993 2651 1447 2722 ¹)VerbeorertoasVestorporl.
1486 2651 1509 2722 ⁸)
1528 2651 1867 2708 JustdictasdoSlouB.
1905 2653 1929 2722 ⁴)
1948 2650 2166 2704 WornaholtaB.
2205 2651 2228 2720 ⁵)
2247 2648 2346 2704 milltes
2352 2650 2419 2718 selle
2432 2647 2457 2700 B.

573 2745 628 2810 Or.
659 2749 693 2810 r'rr
720 2750 796 2810 zwec'
818 2748 1088 2829 Aristertipunpen
1120 2743 1165 2825 (A
1188 2765 1218 2808 a.
1246 2742 1288 2826 B)
1324 2744 1368 2804 im
1389 2740 1462 2825 Kpl.
1490 2739 1593 2806 sc-A.
1624 2762 1663 2803 zu
1691 2741 1841 2818 Mdnstcr,
1877 2738 1997 2804 Levern
2025 2736 2085 2803 Nr.
2112 2737 2185 2802 106.
2233 2739 2264 2800 A
2287 2741 2345 2801 mir
2367 2735 2459 2820 Siepel

653 2853 706 2917 dea
730 2853 876 2931 Biaclcofa
904 2874 946 2914 aa
966 2855 1153 2914 wmboroter
1175 2847 1375 2933 pcfloclrtencr
1399 2845 1533 2925 Scitam,
1569 2847 1622 2911 dcc
1646 2844 1787 2931 Kopitcla
1810 2869 1853 2910 aa
1876 2845 2099 2923 rodco-blacan
2134 2843 2217 2910 boida
2238 2855 2295 2930 put
2316 2843 2458 2914 erloltcm

654 2959 684 3022 Β
712 2963 770 3022 mit
799 2958 906 3023 beiden
932 2956 1056 3041 Sicpclrc
1084 2979 1125 3019 aa
1150 2955 1425 3018 blau-wcias-rotcr
1450 2952 1650 3038 pcjtochtcaer
1674 2951 1806 3030 Solatur,
1841 2953 1901 3016 dua
1928 2953 1981 3016 dea
2008 2951 2152 3029 Biachofa
2172 2949 2248 3032 fan
2276 2972 2334 3013 zar
2361 2947 2459 3024 Hritfte
2533 2939 2534 2952 ¹

651 3067 800 3130 cerlo-ren.
847 3063 959 3149 Repe-rt
987 3061 1095 3138 Weatf.
1120 3058 1345 3124 Procina-Bll.
1369 3057 1414 3136 II,
1439 3058 1470 3137 l,
1494 3057 1526 3122 S.
1543 3055 1588 3120 62
1611 3055 1671 3120 Nr.
1690 3057 1763 3122 140.
1809 3056 1877 3123 Der
1901 3058 1977 3122 oben
1999 3079 2070 3120 zum
2091 3059 2197 3122 letzten
2214 3056 2298 3120 Male
2318 3064 2458 3140 perronna

653 3171 810 3236 Dora-herr·
833 3168 987 3234 Nicotaus
1016 3171 1059 3232 icc
1086 3169 1145 3232 ool
1171 3170 1237 3231 eine
1262 3164 1379 3230 Person
1408 3168 1465 3228 mit
1492 3165 1560 3228 dem
1582 3169 1625 3228 c'rn
1647 3165 1806 3230 mindcner
1827 3161 1985 3249 chroloq
2014 3163 2104 3246 (Mac.
2135 3160 2206 3242 Vll,
2229 3159 2328 3240 2602,
2353 3158 2385 3223 S.
2406 3156 2456 3241 99)

655 3300 725 3340 zum
750 3277 800 3343 10.
826 3276 952 3362 August
973 3274 1182 3359 (Laurencii)
1211 3274 1259 3336 ola
1282 3271 1452 3336 aeratorbcn
1473 3282 1645 3356 qenanaten
1668 3271 1827 3336 Nicotaus
1851 3271 2040 3337 canonicus
2087 3268 2130 3331 A.
2155 3293 2184 3332 o.
2209 3267 2246 3334 0.
2271 3265 2304 3331 S.
2321 3265 2362 3330 94
2385 3265 2459 3328 cirri

654 3383 710 3448 der
731 3382 776 3445 25
798 3382 878 3446 Juaa'
903 3383 1041 3464 (Severe
1066 3382 1163 3466 virg.)
1194 3379 1272 3442 auch
1302 3380 1350 3442 ola
1377 3375 1529 3462 Todeatap
1556 3377 1609 3442 dea
1633 3376 1764 3440 Konrod
1792 3400 1819 3441 o.
1845 3374 2014 3461 Nicnburp,
2043 3374 2100 3439 der
2126 3374 2202 3439 oben
2225 3373 2374 3452 ebertfalla
2394 3393 2455 3433 zum

654 3491 763 3554 letztcn
787 3490 870 3553 allate
891 3499 1029 3574 pendant
1050 3487 1140 3564 wird,
1166 3484 1350 3570 onpepeben.

1402 3682 1512 3759 1491.

441 3812 593 3903 Bisaltas
629 3813 772 3905 Volcacio
805 3834 868 3884 coa
897 3810 1047 3882 Mindcn
1080 3811 1219 3882 verleiht
1250 3811 1326 3881 dem
1356 3809 1415 3880 Kl.
1445 3809 1593 3880 Loccuor
1627 3808 1694 3880 den
1720 3807 1871 3878 Zcbnten
1899 3807 1937 3876 ia
1964 3805 2121 3896 Hipede.
2177 3800 2456 3875 lanceolata.
2533 3901 2534 3908 ἵ

577 3931 631 3996 Or.
661 3937 705 3994 im
736 3929 856 3993 Archiv
891 3931 945 3994 dcc
974 3928 1028 3993 ΚΖ.
1061 3928 1204 3993 Loccurn.
1250 3926 1352 4012 Sicpcl
1381 3947 1449 3990 corn
1478 3923 1793 4011 Perqomcntctrcifen
1823 3922 1874 3988 ab.
1929 3922 2023 3989 θεάν.
2065 3920 2201 4008 Gmpen,
2242 3919 2329 4005 Θήρ.
2362 3917 2457 4004 Pyran

654 4035 687 4101 S.
723 4035 795 4114 113,
831 4036 955 4100 danach
990 4034 1105 4120 Repcat
1137 4059 1164 4100 o.
1197 4031 1390 4118 Hodcnbcrp,
1430 4030 1636 4116 Cblcnberper
1670 4028 1742 4096 ΠΒ.
1777 4029 1871 4094 Aba.
1909 4027 1971 4106 III,
2009 4028 2043 4094 8.
2078 4026 2145 4092 299
2181 4025 2241 4092 Nr.
2275 4023 2347 4103 476,
2382 4024 2459 4088 boue

654 4141 813 4228 unrachtip
841 4165 881 4206 zu
911 4139 1008 4206 1290.

1405 4318 1516 4395 1492.

444 4455 581 4543 Heraop
608 4452 728 4524 Albcrt
756 4474 819 4522 oon
847 4451 1007 4538 Sachama,
1036 4450 1181 4538 Enpcrn
1207 4449 1280 4519 und
1315 4446 1507 4534 Westfolen
1534 4451 1675 4516 crncnnt
1701 4442 1774 4532 aas
1790 4443 1945 4515 Aarctcn
1975 4441 2035 4514 des
2054 4441 2280 4529 Ercbischoss
2298 4463 2357 4510 oon
2375 4437 2453 4509 Koba

443 4562 517 4634 aad
545 4561 605 4631 cles
636 4556 869 4648 Morkprofca
899 4556 974 4629 Otto
1002 4578 1065 4626 oon
1093 4554 1348 4642 Broodcnbnrp
1375 4552 1447 4622 arrd
1475 4550 1679 4639 Londsberp
1706 4551 1772 4620 dea
1801 4549 1996 4621 Edctbcrra
2024 4547 2195 4638 (Rudoll)
2223 4570 2288 4618 oon
2307 4542 2455 4637 Dirpholr

893 4685 969 4734 aum
998 4662 1112 4733 iudex
1139 4661 1178 4732 in
1206 4659 1379 4755 partibus
1409 4654 1612 4729 Westfalie.
1672 4655 1709 4727 0.
1737 4655 1770 4726 J.
1800 4656 1879 4745 (cor
1905 4653 2026 4746 1293).

555 4786 623 4849 Nos
647 4784 806 4849 Albertus
830 4783 891 4847 Dei
914 4781 1025 4864 gracia
1047 4779 1202 4860 Saxonie,
1226 4777 1382 4861 Angarie,
1407 4775 1578 4842 Westfalie
1603 4776 1680 4854 dux,
1705 4794 1816 4838 comes
1837 4775 1872 4838 in
1887 4772 1986 4854 Brea,
2012 4772 2278 4855 recognoscimus
2302 4774 2334 4835 et
2356 4770 2456 4833 notam

441 4912 517 4958 esse
542 4892 697 4955 volamus
720 4889 878 4955 omnibus
902 4887 1117 4952 audientibus
1141 4889 1174 4950 et
1196 4884 1389 4949 videntibus
1413 4901 1552 4965 presens
1576 4879 1748 4963 scriptum,
1773 4881 1864 4962 quod
1888 4878 1992 4945 nobili
2015 4879 2085 4943 viro
2110 4879 2245 4942 domino
2269 4879 2331 4942 ..de
2347 4871 2456 4941 Difholt

444 4997 606 5063 iudicium
636 4999 787 5060 nostrum
816 4995 850 5059 in
879 4994 1031 5078 partibus
1058 4991 1231 5057 Westialie
1260 5011 1336 5056 cum
1366 4987 1506 5054 consilio
1536 4987 1699 5052 nobilium
1730 4985 1918 5070 principum
1945 4985 2100 5050 videlicet
2123 4983 2324 5049 venerabilis
2346 4975 2456 5046 domini

445 5103 708 5186 ..archiepiscopi
742 5101 950 5165 Coloniensis
980 5117 1112 5164 necnon
1143 5097 1252 5163 dilecti
1285 5095 1439 5161 avunculi
1468 5093 1574 5159 nostri
1606 5093 1773 5178 Ot(tonis)
1804 5091 2007 5157 marchionis
2035 5089 2343 5173 Brandeburgensis
2369 5089 2398 5150 ct
2422 5085 2456 5148 do
2533 5073 2534 5116 ³

446 5209 686 5275 Laudesberch
709 5207 939 5271 commisimus
961 5208 1071 5270 ratam
1094 5224 1132 5269 ac
1154 5202 1288 5267 firmum
1311 5203 1460 5268 habituri
1484 5199 1645 5285 quicquid
1669 5219 1729 5283 per
1753 5198 1896 5264 eandem
1916 5199 2088 5263 dominum
2105 5197 2168 5262 ..de
2184 5196 2312 5263 Difholt
2327 5194 2359 5259 in
2375 5191 2456 5257 dictis

441 5316 592 5383 terminis
624 5314 745 5381 nostris
775 5315 825 5379 est
853 5316 912 5378 aut
942 5311 1041 5376 luerit
1069 5309 1265 5375 iudicatum.
1313 5309 1351 5373 In
1383 5309 1478 5373 cuius
1509 5306 1557 5371 rei
1586 5305 1816 5371 testimonium
1841 5306 2038 5387 presentem
2066 5305 2212 5370 litteram
2240 5301 2338 5386 sigilli
2366 5295 2458 5364 nostri
2533 5353 2534 5368 ,

444 5423 629 5505 apensione
653 5420 792 5485 lecimus
815 5417 1024 5484 communiri.
