5058 6792
1055 421 1123 476 1265
2028 404 2092 470 249

86 624 226 694 omnibus
249 620 297 685 eis
320 619 577 685 succedentibus
600 618 801 685 contubmus
824 617 1076 700 inperpetuum
1099 615 1331 700 possidendae,
1355 617 1393 680 ut
1411 615 1651 698 proprietatem
1673 615 1864 680 huiusmodi
1888 616 2094 682 decimarum

85 736 120 800 de
146 746 244 795 mauu
275 729 390 792 nostra
425 727 594 808 receptam
623 724 771 790 habeant
800 727 834 788 et
861 723 972 807 quiete
1000 724 1196 806 possideant
1224 724 1265 788 de
1292 727 1408 789 nostra
1437 721 1569 788 licentia
1592 721 1739 806 speciali.
1787 722 1931 788 Litteras
1954 725 2094 807 insuper

85 853 270 924 quecunque
303 832 507 898 videbuntur
541 829 726 897 necessarie
761 851 864 914 super
897 829 1071 895 collatione
1099 829 1158 896 tali
1189 832 1277 896 facta
1304 848 1416 893 coram
1440 828 1543 894 fratrc
1567 829 1720 894 Iohanne
1744 829 1902 914 Sapiente
1926 829 2036 914 priore
2060 832 2097 896 et

84 942 236 1011 conventu
272 941 413 1006 fratrum
448 937 699 1003 Predicatorum
735 937 770 1002 in
804 936 918 1001 Minde
956 936 1111 1002 dabimus
1147 937 1275 1019 absque
1309 935 1399 1000 omui
1434 935 1633 1001 difficultate
1667 937 1938 1019 quandocunque
1972 935 2095 1004 fuerint

83 1047 236 1133 requisito.
284 1045 478 1110 Conventus
511 1043 626 1127 itaque
661 1063 812 1110 sororum
840 1044 876 1108 in
907 1043 1045 1109 Lodhen
1080 1043 1224 1108 decimas
1259 1044 1320 1109 bas
1347 1041 1525 1125 possidens
1559 1042 1681 1106 nostris
1711 1063 1747 1107 se
1776 1043 1931 1109 habendo
1961 1045 2099 1109 tueatur

83 1156 187 1224 litteris
220 1153 289 1217 iam
317 1153 484 1218 concessis
519 1171 581 1215 seu
611 1152 734 1217 iterum
761 1149 994 1216 concedendis,
1042 1151 1165 1214 Datum
1192 1148 1304 1214 Minde
1334 1167 1421 1214 anno
1450 1148 1583 1215 Domini
1611 1147 1851 1230 M⁰CC⁰LXV⁰.‚
1886 1149 1999 1214 XVIII.
2027 1150 2099 1215 Ka-

82 1261 184 1328 lendas
205 1257 340 1426 JOliPlim
371 1363 487 1426 Arclrir
521 1363 575 1428 des
607 1360 701 1441 Sufes
732 1360 875 1428 Loccrcm.
936 1360 1039 1446 Sicqel
1072 1361 1125 1426 dee
1163 1360 1309 1437 Biocbofr
1342 1383 1399 1424 corr
1434 1362 1492 1426 den
1527 1373 1611 1425 roten
1644 1359 1852 1444 Seiderffdden
1887 1361 1938 1426 ab.
1999 1360 2098 1426 θεάν.

284 1493 310 1532 υ.
336 1467 528 1554 Hodcnberq,
555 1467 762 1554 Celenderyer
788 1465 859 1533 ΠΒ.
884 1467 976 1532 Abit.
1003 1466 1065 1544 III,
1091 1465 1126 1532 S.
1153 1464 1217 1532 170
1240 1464 1299 1531 Nr.
1323 1465 1400 1531 252.

1034 1666 1124 1743 823.

83 1795 236 1883 blidooqt
272 1793 459 1867 Widefrtrrd
486 1815 560 1864 vora
588 1793 701 1883 Berpc
733 1793 868 1866 solventi
902 1794 978 1864 dem
1008 1793 1066 1864 Kl.
1097 1793 1219 1864 Latro
1253 1793 1309 1864 dic
1336 1793 1485 1864 Zebafcn
1520 1794 1555 1862 irc
1589 1792 1719 1882 Labda,
1753 1794 1826 1864 Lob
1856 1796 1928 1866 und
1956 1795 2098 1874 Bterdo,

850 1899 1000 1970 Mindon
1026 1903 1121 1972 1265
1147 1901 1236 1971 Jurri
1263 1903 1321 1972 20.

175 2018 353 2102 Religiosis
385 2023 417 2083 et
446 2019 479 2084 in
510 2018 642 2083 Christo
673 2018 736 2084 sibi
767 2017 944 2083 carissimis
978 2018 1156 2102 ..priorisse
1184 2021 1218 2083 et
1244 2018 1446 2101 plantationi
1475 2017 1605 2083 novelle
1642 2037 1792 2083 sororum
1826 2019 2030 2085 inclusarum
2061 2022 2097 2086 in

81 2127 208 2192 Lodhen
234 2125 357 2191 nobilis
380 2126 430 2189 vir
452 2125 672 2191 Widekindus
697 2125 877 2190 advocatus
901 2125 942 2189 de
966 2125 1078 2189 Monte
1101 2125 1159 2208 qui
1182 2125 1305 2191 dicitur
1329 2124 1528 2208 Scalkeberg
1550 2125 1782 2208 prosperitatis
1806 2129 1839 2190 et
1862 2126 1969 2192 omnis
1992 2127 2099 2209 gratie

78 2233 315 2318 plenitudinem
338 2253 413 2298 cum
437 2233 553 2300 salute.
593 2233 638 2297 Ut
661 2251 681 2297 a
704 2233 823 2297 vestris
847 2232 1001 2296 cordibus
1025 2232 1236 2297 formidinem
1260 2236 1482 2315 amputemus,
1506 2232 1600 2297 vobis
1626 2234 1658 2295 et
1681 2232 1848 2312 omnibus,
1873 2233 1916 2297 ad
1931 2253 2018 2316 quos
2035 2236 2098 2298 lroc

79 2340 226 2422 scriptum
260 2339 460 2422 pervenerit,
497 2359 570 2405 esse
602 2340 755 2423 cupimus
787 2338 1008 2420 manifestum,
1044 2339 1134 2422 quod
1162 2358 1234 2418 noS,
1270 2339 1328 2420 qui
1358 2338 1493 2403 claustri
1515 2339 1617 2402 vestri
1641 2337 1835 2403 fundatores
1859 2359 1984 2421 sumus,
2020 2361 2098 2406 cum

78 2446 196 2511 dilectis
219 2445 299 2511 tiliis
322 2445 447 2510 nostris
468 2446 634 2530 Volquino
658 2451 691 2511 et
715 2447 909 2511 Gherbardo
933 2445 1003 2528 (ad)
1027 2444 1213 2527 capitulum
1235 2444 1373 2509 ecclesie
1389 2445 1572 2509 MindenSIs
1597 2445 1796 2510 accessimus
1820 2449 1975 2528 presente
1992 2447 2097 2512 Gher-

78 2552 174 2616 bardo
210 2553 340 2618 decano
371 2552 513 2636 aliisque
546 2552 714 2618 canonicis
743 2552 856 2636 ibique
890 2552 956 2618 iam
980 2551 1057 2616 dicti
1081 2551 1186 2616 nostri
1214 2550 1276 2616 filii
1299 2571 1499 2617 consensum
1522 2551 1619 2616 nobis
1644 2551 1809 2616 dederunt
1833 2573 2030 2635 expressum
2054 2555 2097 2619 ad

77 2657 292 2722 edificandum
316 2659 411 2724 vobis
435 2659 616 2724 claustrum
638 2659 764 2742 pariter
788 2662 821 2724 et
844 2660 1038 2724 dotandum.
1085 2658 1134 2722 De
1150 2677 1293 2741 quorum
1309 2677 1474 2722 consensu
1492 2657 1637 2722 decimas
1652 2658 1688 2722 in
1704 2662 1845 2741 utraque
1863 2659 1940 2724 villa
1956 2659 2098 2725 Lodhen

78 2767 106 2829 et
125 2766 159 2828 in
181 2765 359 2848 Byrcdben
396 2783 472 2829 curn
495 2764 569 2830 aliis
594 2765 795 2849 quibusdam
818 2765 940 2850 prediis
972 2785 1032 2848 pro
1057 2765 1134 2831 dote
1158 2764 1251 2838 vobis
1275 2765 1428 2829 dedimus
1451 2765 1486 2829 in
1510 2768 1710 2847 perpetuum
1734 2765 1970 2847 possidendas;
2006 2768 2097 2832 etin

77 2871 132 2935 bac
154 2871 242 2936 dotis
268 2872 490 2955 assignatione
513 2872 712 2937 venerabilis
735 2877 831 2956 pater
848 2872 942 2937 Gonu
965 2871 1143 2954 episcopus
1160 2871 1341 2936 Mindensis
1365 2891 1539 2936 assensum
1564 2871 1708 2953 prebuit,
1732 2870 1823 2953 quod
1839 2871 1874 2935 in
1890 2873 1960 2938 suis
1978 2873 2097 2938 litteris

77 2980 286 3058 protestatur.
333 2978 460 3044 Idcirco
493 2981 603 3043 autem
636 2979 781 3044 decimas
812 2977 1005 3043 huiusmodi
1027 2978 1122 3042 vobis
1146 2978 1358 3053 contulimus,
1393 2979 1473 3060 quia
1497 2977 1624 3042 decime
1647 2996 1666 3040 a
1691 2976 1782 3041 laicis
1805 2997 1873 3043 non
1897 2998 2013 3045 secure
2037 2981 2098 3044 sed

77 3101 142 3146 curn
176 3084 367 3150 animarum
402 3084 552 3168 periculo
586 3085 812 3169 possidentur.
860 3083 1076 3168 Requirimus
1104 3084 1204 3166 igilur
1228 3084 1290 3149 hoc
1314 3103 1333 3147 a
1355 3084 1462 3161 vobis,
1497 3087 1535 3148 ut
1559 3085 1663 3148 nostri
1688 3103 1727 3147 ac
1751 3085 1864 3148 nostre
1888 3087 2039 3167 coniugis
2063 3089 2099 3150 et

76 3187 211 3255 filiorum
247 3191 475 3275 predictorum
508 3211 682 3256 assensum
717 3212 817 3256 snum
847 3195 962 3256 nostro
992 3190 1167 3274 proposito
1198 3191 1271 3255 sine
1303 3190 1498 3255 difficultate
1528 3191 1754 3272 prestantium
1786 3191 1896 3274 iugem
1919 3192 1954 3255 in
1977 3193 2099 3256 vestris

77 3297 280 3362 orationibus
314 3298 511 3364 memoriam
546 3299 705 3364 babeatis,
754 3297 946 3362 Consensus
980 3297 1172 3362 huiusmodi
1206 3299 1310 3361 testes
1347 3300 1439 3360 sunt:
1479 3296 1582 3361 frater
1614 3297 1783 3362 lohannes
1815 3297 1923 3362 dictus
1955 3298 2099 3381 Sapiens

77 3402 105 3463 et
126 3401 226 3467 frater
249 3401 421 3467 lohannes
453 3403 494 3468 de
524 3405 688 3470 Hamelen
720 3405 838 3469 domus
867 3403 1059 3469 Mindensis.
1107 3406 1230 3468 Datrnn
1260 3403 1372 3468 Minde
1403 3422 1491 3468 anno
1524 3403 1657 3470 Domini
1686 3403 1862 3469 millesimo
1895 3403 2099 3487 CC⁰.LXV⁰.,

75 3505 137 3570 XII.
160 3509 334 3574 Kalendas
358 3511 448 3576 Julii.

204 3613 260 3679 Or.
286 3617 331 3678 im
352 3615 471 3679 Archiv
493 3617 547 3680 dea
569 3614 623 3683 ΚΖ.
646 3613 779 3681 Locoum
813 3619 872 3680 mit
891 3627 949 3701 qut
969 3617 1156 3682 eructionem
1181 3613 1285 3701 Sicqal
1306 3639 1348 3680 arr
1370 3617 1439 3681 dam
1461 3637 1519 3680 oon
1542 3617 1597 3680 der
1625 3615 1704 3682 Urlr.
1727 3616 1953 3700 psachnittcnen
1979 3616 2098 3702 Poryo-

285 3723 503 3807 menorre'p'en.
554 3721 648 3787 Gedr.
678 3747 705 3786 u.
730 3721 922 3808 Hormou-9,
960 3722 1167 3808 Cbtcnberqer
1196 3721 1264 3785 ΗΒ.
1289 3722 1381 3786 Aba.
1408 3719 1469 3804 III,
1496 3720 1530 3786 S.
1556 3719 1618 3784 171
1643 3721 1705 3788 Nr.
1728 3721 1804 3800 253,
1831 3721 1965 3802 Schee'dt,
2001 3724 2095 3788 Aram.

284 3850 316 3890 rr.
342 3827 418 3894 Zm.
442 3851 482 3893 zu
504 3853 532 3894 v.
557 3830 676 3894 Moscre
697 3828 783 3895 Eiet.
811 3829 844 3894 S.
860 3827 937 3895 666.
984 3829 1098 3914 Repeat
1126 3826 1229 3914 Weotfi
1256 3828 1514 3893 Prorrinaiaf-Blt.
1539 3826 1584 3906 II,
1610 3829 1639 3907 4,
1667 3828 1701 3895 S.
1718 3827 1762 3893 46
1784 3827 1845 3894 Nr.
1863 3827 1915 3896 79.
1970 3826 2099 3916 Vofqnin

284 3958 311 3998 o.
338 3934 441 4022 Bcrqe
463 3939 506 3999 ist
526 3937 686 4001 miadarwr
708 3935 873 4002 Domitor.

1037 4098 1131 4176 824.

73 4217 220 4312 Bisclrof
243 4223 347 4295 Kooo
373 4246 437 4296 oon
463 4224 612 4296 Mindon
638 4225 711 4296 ond
738 4226 803 4296 doe
822 4225 1040 4316 Domkopitcl
1067 4226 1262 4297 bestimmen
1289 4225 1355 4296 dos
1382 4224 1593 4295 Verlr'r'ftrriss
1621 4223 1680 4295 des
1705 4225 1759 4296 Kl.
1779 4225 1899 4296 Labda
1924 4248 1968 4296 zo
1994 4227 2098 4298 boen

146 4330 220 4400 oud
249 4331 329 4400 dom
359 4331 664 4403 Ortsorcbidtokon
692 4332 764 4403 ond
791 4333 993 4422 riborciyrrcrr
1019 4333 1091 4403 itm
1121 4330 1230 4403 Gatter
1256 4333 1294 4402 ivr
1322 4331 1477 4420 rotzen.
1536 4332 1685 4402 Mindon
1714 4329 1813 4404 1265
1838 4330 1927 4403 rant
1954 4332 2015 4404 22.

172 4447 272 4512 Cono
289 4448 350 4514 Dei
366 4449 470 4532 gratia
485 4451 669 4516 Mindensis
692 4451 830 4516 ecclesie
854 4451 1042 4534 episcopus,
1066 4450 1257 4516 Gerbardus
1281 4451 1438 4528 decanus,
1462 4449 1633 4515 Lndoldus
1654 4449 1845 4515 scolasticus
1863 4453 1895 4514 et
1912 4452 2096 4533 capitulum

72 4548 214 4620 eiusdem
253 4555 392 4620 ecclesie
427 4557 591 4622 universis
622 4557 744 4622 Christi
778 4556 933 4623 fidelibus
961 4559 1133 4642 presentes
1162 4557 1288 4622 litteras
1317 4556 1515 4640 inspecturis
1547 4557 1689 4621 salutem
1713 4555 1747 4619 in
1771 4557 1922 4621 omnium
1945 4556 2094 4623 salutari.

72 4655 120 4721 Ad
147 4660 255 4726 divIni
287 4663 398 4727 cultus
421 4663 670 4747 ampliationem
693 4664 913 4747 decoremque
936 4664 1056 4729 domus
1080 4662 1141 4728 Dei
1164 4663 1430 4746 promovendum
1461 4662 1577 4727 merito
1606 4681 1642 4726 sc
1669 4661 1792 4727 debent
1819 4663 1974 4728 exhibere
2002 4665 2098 4730 beni·

71 4764 167 4846 volos,
203 4768 402 4852 quicunque
426 4789 463 4834 se
486 4789 562 4835 cum
586 4770 728 4835 Domino
752 4772 891 4853 sperant
913 4769 1103 4836 eternaliter
1126 4771 1332 4853 regnaturos.
1379 4769 1504 4834 Notum
1527 4769 1626 4850 igitur
1649 4769 1693 4833 sit
1715 4768 1882 4850 omnibus
1917 4772 2010 4853 quod
2033 4790 2095 4836 nos

72 4886 206 4938 assensu
233 4875 378 4958 ..prioris
402 4879 436 4941 et
458 4875 597 4942 fratrum
620 4876 872 4944 Predicatorum
895 4878 930 4941 in
953 4877 1067 4943 Minde
1089 4877 1313 4941 concordante
1342 4875 1515 4942 nobiscum
1543 4894 1645 4958 super
1667 4875 1878 4942 edificatione
1903 4879 2097 4943 monasterii

71 4971 102 5038 in
125 4977 271 5045 Lodhen
295 4982 511 5047 convenimus
534 4984 569 5048 in
592 4983 679 5049 hanc
701 4981 851 5065 formam,
874 4981 1028 5048 videficet
1052 4986 1090 5048 ut
1114 4983 1295 5065 ..priorissa
1317 4986 1352 5047 et
1375 5001 1506 5047 sorores
1530 4981 1655 5047 ordInis
1680 4983 1821 5047 fratrum
1845 4985 2096 5049 Predicatorum

69 5081 102 5144 in
123 5088 332 5154 monasterio
362 5089 494 5173 prefato
523 5093 691 5156 morantes
715 5109 755 5155 eo
779 5091 879 5156 modo
900 5088 1067 5155 Mindensi
1092 5089 1225 5154 subsint
1246 5089 1413 5172 episcopo,
1449 5109 1516 5172 quo
1540 5107 1672 5155 sorores
1696 5089 1850 5155 eiusdem
1869 5090 1996 5154 ordinis
2021 5091 2095 5155 aliis

70 5189 244 5278 episcopiS,
282 5194 317 5259 in
351 5214 495 5279 quorum
531 5198 668 5263 manent
702 5197 912 5277 dyocesibus,
947 5197 1086 5262 subesse
1119 5197 1311 5263 noscuntur.
1365 5197 1408 5261 Et
1442 5196 1469 5260 si
1503 5195 1654 5262 fortassis
1689 5196 1866 5280 episcopus
1901 5197 1953 5262 vel
1988 5197 2097 5262 archi-

71 5294 239 5378 dyaconus
248 5301 278 5386 ¹)
306 5302 369 5368 loci
397 5303 596 5369 sententiam
630 5303 676 5369 ibi
700 5305 815 5370 tulerit
836 5303 1004 5369 interdicti
1027 5323 1088 5370 seu
1111 5304 1240 5388 aliquos
1265 5302 1633 5386 excommunicaverit2)
1666 5303 1726 5386 qui
1748 5305 1889 5386 presunt
1912 5301 2096 5382 sororibus

68 5400 165 5470 immo
191 5409 226 5472 et
251 5408 326 5490 ipse
349 5427 484 5475 sorores
507 5411 698 5476 huiusmodi
720 5412 888 5494 parebunt
910 5409 1082 5478 sententiis
1106 5413 1140 5475 et
1162 5429 1219 5476 eas
1236 5412 1418 5476 servabunt
1433 5410 1520 5475 sicut
1535 5409 1658 5475 fuerint
1673 5409 1890 5475 observande.
1935 5410 2099 5474 Potenmt

172 5545 266 5590 waic
282 5546 421 5592 nrk.-nucn
435 5547 475 5592 vr.
1839 5534 1881 5598 32
