5062 6776
432 431 498 498 308
1425 434 1494 489 1272

1399 634 1493 713 994.

433 774 577 862 Bisclrot
611 772 685 845 Otto
718 790 782 842 von
811 767 959 838 Minden
1000 765 1156 856 bestcrtpt
1196 763 1271 834 dem
1305 762 1366 834 Kt.
1392 761 1514 834 Laide
1554 763 1648 834 scine
1676 761 1905 852 Besitrrrnpen
1945 764 2017 834 und
2050 763 2161 835 erieilt
2194 763 2266 835 ihm
2293 765 2346 836 die
2370 767 2441 838 Ver·

428 883 646 974 prtnstiprrnp,
674 877 757 948 dass
784 875 841 946 die
868 865 952 945 rom¹
971 873 1121 961 Ptorrer
1147 873 1184 942 in
1202 869 1325 942 Lotide
1351 891 1464 958 crepon
1483 868 1707 962 Belastr'punp
1735 868 1794 940 des
1812 865 1967 940 Klosters
1986 869 2341 942 Encomrnunicierten
2364 873 2442 944 nicil

432 989 511 1062 etrcr
539 1008 612 1058 vom
639 981 762 1056 Banne
789 979 911 1069 befreit
939 979 1075 1050 werden
1101 977 1217 1065 sotlec,
1260 976 1311 1046 bis
1345 977 1396 1046 ste
1423 975 1499 1045 dem
1524 971 1565 1045 K
1565 975 1667 1047 Zoster
1695 975 1923 1066 Gcnupturrnp
1946 976 2095 1066 peleistet
2121 975 2246 1048 tritten
2302 978 2441 1068 Minden,

1053 1085 1101 1155 irn
1129 1081 1505 1154 Dominilrunerkloster
1533 1079 1636 1154 1272
1665 1083 1772 1154 Mire
1799 1086 1833 1154 8.

540 1213 655 1277 Frater
678 1209 757 1274 Otto
781 1203 1000 1290 permissione
1017 1204 1129 1268 divina
1154 1201 1338 1266 Mindensis
1362 1201 1540 1284 episcopus
1557 1199 1687 1266 dilectis
1709 1199 1744 1265 in
1768 1199 1902 1265 Christo
1927 1199 2107 1282 ..priorisse
2130 1200 2261 1284 totique
2284 1203 2442 1268 conventui

431 1339 585 1387 sororum
614 1317 649 1381 in
679 1315 818 1380 Lodhen
842 1311 982 1376 salutem
1011 1311 1046 1374 iu
1075 1309 1228 1374 omnium
1256 1307 1403 1374 salutari.
1454 1307 1540 1371 Cum
1568 1326 1588 1371 a
1617 1307 1732 1372 nostro
1760 1308 1995 1391 predecessore
2023 1307 2111 1372 bone
2140 1308 2301 1373 memorie
2323 1307 2443 1375 Conone

432 1430 592 1511 episcopo
616 1421 830 1506 capituloque
846 1417 1010 1484 Mindensi
1033 1436 1164 1482 necnon
1187 1414 1408 1493 acomitibuS,
1432 1412 1599 1478 nobilibus
1616 1412 1755 1495 aliisque
1778 1413 1930 1495 personis
1947 1413 2075 1478 decime
2089 1414 2196 1494 robis,
2221 1414 2442 1498 possessiones,

434 1536 565 1613 domus,
588 1530 696 1595 mansi
720 1530 753 1593 et
776 1527 845 1610 agri
862 1525 1061 1610 disponente
1083 1522 1223 1589 Domino
1248 1520 1314 1585 sint
1338 1519 1456 1598 collati,
1481 1518 1695 1602 supplicastis
1719 1519 1815 1583 nobis
1839 1519 2009 1584 humiliter
2031 1523 2064 1584 et
2086 1520 2267 1602 instanter,
2290 1520 2335 1606 [ut
2356 1541 2444 1604 super

432 1641 590 1707 omnibus
613 1638 677 1703 hiis
700 1635 935 1718 inperpetuum
959 1629 1142 1695 retinendis
1163 1629 1315 1692 nostrum
1337 1625 1433 1690 nobis
1456 1625 1607 1707 inpertiri
1631 1625 1844 1709 dignaremur
1866 1645 2048 1690 assensum.
2093 1626 2193 1692 Iustis
2222 1627 2322 1710 igitur
2343 1631 2443 1710 peterr-

431 1748 515 1814 tium
539 1743 711 1810 desideriis
739 1743 833 1825 grato
857 1740 1093 1803 concurrentes
1117 1753 1258 1801 assensu
1281 1751 1481 1815 quecunque
1509 1732 1608 1807 bona,
1639 1751 1857 1814 quaecunque
1885 1735 2130 1814 possessiones,
2161 1734 2297 1814 demea,
2326 1753 2443 1798 mansos

432 1855 485 1920 vel
509 1872 603 1936 agros
626 1851 661 1915 in
685 1847 928 1932 presentiarum
950 1842 1140 1926 possidetis.
1165 1840 1263 1906 etiam
1298 1839 1326 1903 si
1355 1838 1407 1902 ius
1431 1838 1567 1920 aliquod
1589 1839 1790 1904 haberemus
1813 1839 1848 1902 in
1870 1838 1951 1918 illis,
1982 1859 2182 1922 quecunque
2211 1839 2348 1923 insuper
2368 1841 2442 1906 iusto

432 1963 530 2028 titulo
552 1957 766 2044 postmodum
795 1950 934 2034 adipisci
963 1949 1148 2032 potueritis
1178 1967 1319 2013 assensu
1350 1945 1538 2010 voluntario
1561 1944 1657 2011 vobis
1693 1947 1725 2009 et
1749 1945 1893 2010 elaustro
1926 1949 2038 2011 vestro
2067 1946 2308 2030 inperpetuum
2343 1951 2442 2015 tenore

431 2066 637 2154 presentium
664 2065 700 2128 in
723 2060 858 2126 nomine
874 2057 1007 2123 Domini
1030 2055 1276 2136 confirmamus
1301 2052 1436 2118 utilitati
1461 2051 1562 2116 nichil
1585 2051 1806 2117 ecclesiastice
1822 2053 1973 2134 deperire
1996 2057 2182 2134 censentes,
2206 2053 2236 2118 si
2260 2053 2336 2120 talia
2357 2055 2442 2137 hona,

433 2196 500 2260 que
523 2193 592 2238 non
622 2172 664 2236 ab
688 2166 827 2234 ecclesia
859 2166 918 2229 sed
948 2183 968 2227 a
992 2162 1083 2228 laicis
1107 2161 1334 2244 possidentur,
1358 2159 1400 2224 ad
1424 2158 1476 2223 ius
1501 2157 1638 2222 alicuius
1662 2157 1827 2240 religionis
1850 2158 1904 2223 vel
1927 2158 2065 2224 ecclesie
2090 2159 2330 2226 rationabiliter
2351 2162 2442 2244 appli-

433 2283 559 2347 centur.
607 2277 766 2342 Volumus
790 2271 929 2353 insuper
954 2274 987 2334 et
1010 2272 1181 2351 tamquam
1205 2266 1350 2350 speciale
1374 2263 1579 2349 privilegium
1602 2263 1697 2330 vobis
1714 2263 1901 2347 specialiter
1923 2265 2145 2348 indulgemus,
2170 2270 2207 2331 ut
2232 2289 2252 2333 a
2276 2269 2439 2348 sacerdote,

437 2387 495 2471 qui
519 2383 688 2452 Lodhensi
720 2379 858 2446 ecclesie
887 2377 1060 2461 prefuerit,
1089 2374 1192 2439 vestri
1222 2373 1453 2438 molestatores
1482 2373 1515 2434 et
1542 2370 1753 2436 iniuriatores
1782 2371 1984 2454 competenti
2011 2373 2192 2438 monitione
2220 2374 2392 2456 premissa,
2413 2379 2443 2438 ut

434 2494 506 2558 fieri
530 2493 624 2572 solet,
649 2485 977 2554 excommunicentur
1000 2482 1196 2547 auctoritate
1219 2483 1332 2544 nostra
1361 2478 1492 2563 publice
1516 2497 1553 2543 ac
1574 2478 1827 2558 denuncientur,
1852 2497 1913 2543 nec
1936 2479 2151 2561 impendatur
2166 2499 2326 2562 umquam
2347 2482 2441 2546 taliter

434 2596 729 2666 excommunicatis
754 2591 972 2659 absolutionis
996 2586 1205 2667 beneficium,
1229 2586 1293 2650 nisi
1310 2584 1460 2668 plenarie
1484 2585 1579 2652 vobis
1603 2582 1702 2649 fuerit
1725 2584 1939 2649 satisfactum.
1980 2585 2026 2649 Ut
2049 2605 2126 2667 ergo
2142 2587 2241 2652 vobis
2265 2589 2325 2652 hec
2346 2588 2440 2651 omnia

433 2710 507 2773 rata
530 2722 662 2786 semper
690 2705 723 2766 et
750 2700 875 2764 illibata
907 2698 1138 2781 permaneant,
1167 2713 1306 2776 presens
1335 2692 1496 2775 scriptum
1523 2694 1633 2755 vestre
1660 2691 1909 2772 congregationi
1937 2692 2193 2757 transmittimus
2226 2694 2324 2777 sigilli
2350 2694 2440 2758 nostri

433 2812 617 2878 munimine
649 2810 852 2874 roboratum.
912 2805 1031 2869 Datum
1054 2801 1166 2865 Minde
1201 2799 1236 2864 in
1271 2800 1371 2864 domo
1406 2797 1545 2862 fratrum
1587 2797 1837 2862 Predicatorum
1880 2817 1968 2863 anno
2009 2798 2142 2862 Domini
2181 2799 2439 2880 M⁰CC⁰LXX⁰ll⁰,

431 2920 515 2987 feria
537 2917 639 2983 tercia
662 2917 739 2981 ante
763 2914 850 2978 diem
874 2911 1033 2975 cinerum.

567 3023 622 3088 Or.
645 3026 689 3086 im
713 3019 830 3082 Archiv
853 3018 907 3080 dee
928 3014 979 3081 ΚΖ.
1005 3012 1146 3077 Locrum.
1195 3009 1299 3097 Siepel
1320 3033 1378 3074 von
1400 3011 1458 3075 den
1481 3020 1564 3074 roten
1587 3007 1830 3092 Horrjeclrniirerr
1856 3007 1905 3074 ab.
1960 3007 2055 3076 θεάν.
2080 3035 2107 3074 υ.
2125 3008 2322 3097 Hodrnber9‚
2348 3009 2439 3076 Colen-

649 3129 755 3213 berper
785 3123 856 3188 UB.
881 3121 977 3184 Abth.
1002 3116 1065 3197 ΙΙΙ,
1091 3117 1125 3184 S.
1149 3117 1216 3181 213
1238 3116 1298 3180 Nr.
1322 3115 1398 3181 328.

1406 3331 1497 3408 995.

432 3472 571 3561 Induis
595 3470 704 3542 Edlcr
736 3489 799 3538 uon
833 3464 1005 3552 Steinfnrt
1038 3460 1201 3532 beknndct
1242 3459 1396 3530 Verriclrt
1431 3459 1491 3529 des
1517 3457 1694 3530 Jrretocirrs
1724 3459 1857 3529 Mttnclr
1890 3458 1961 3547 auf
1990 3459 2066 3530 dem
2094 3459 2157 3532 Kl.
2187 3461 2322 3532 Levern
2355 3459 2436 3529 iiber-

899 3573 1025 3659 eipncte
1054 3569 1163 3640 Gr'r'ter
1190 3569 1226 3637 in
1254 3566 1381 3637 Destel.
1438 3564 1635 3638 Oenubrr'r'elr
1663 3561 1766 3634 1272
1796 3565 1904 3634 Mdrn
1930 3570 1990 3636 29.

539 3695 699 3760 Ludolfus
728 3693 777 3757 vir
809 3690 930 3756 nobilis
961 3689 1067 3752 dictus
1096 3688 1137 3751 de
1168 3686 1352 3751 Steuvorde
1388 3683 1551 3749 universis
1586 3687 1778 3766 presentem
1812 3682 1968 3766 paginam
2003 3684 2205 3767 inspecturis
2241 3689 2382 3750 eternam
2409 3683 2437 3744 in

433 3803 573 3870 Domino
602 3802 752 3866 salutem.
809 3798 863 3861 Ad
896 3795 1056 3861 noticiam
1083 3799 1152 3860 tam
1182 3791 1390 3876 presentium
1424 3810 1525 3872 quam
1554 3789 1740 3854 futurorum
1768 3789 1921 3872 cupimus
1949 3790 2139 3874 pervenire,
2174 3793 2267 3873 quod
2288 3789 2437 3854 lustacius

433 3912 539 3977 dictus
570 3908 752 3974 Monachus
781 3905 981 3968 constitutus
1010 3921 1121 3967 coram
1150 3899 1246 3964 nobis
1281 3901 1314 3962 et
1344 3916 1456 3962 coram
1492 3895 1626 3960 domino
1653 3879 1850 3960 Burchardo
1882 3895 2051 3978 preposito
2075 3897 2207 3962 cenobii
2243 3897 2278 3962 in
2308 3896 2439 3960 Lereren

433 4021 539 4083 ratam
563 4014 680 4080 hebuit
703 4011 969 4094 resignationem,
998 4027 1100 4090 quam
1123 4009 1263 4088 patruus
1295 4024 1376 4068 suus
1399 4002 1565 4068 luctacius
1591 4003 1699 4067 dictus
1723 4002 1764 4066 de
1787 4001 1922 4067 Rothen
1953 4005 1985 4066 et
2015 4003 2229 4068 Hermannus
2254 4003 2359 4068 dictus
2380 4001 2439 4064 llo·

433 4124 561 4188 nachus
584 4124 680 4204 pater
702 4119 807 4202 ipsius
831 4118 867 4181 in
890 4135 1009 4181 manus
1026 4116 1156 4178 nostras
1180 4113 1260 4177 olim
1284 4112 1431 4176 fecerant
1456 4111 1496 4174 de
1519 4108 1617 4174 bonis
1640 4109 1675 4173 irr
1699 4109 1831 4189 Thesle,
1855 4128 1920 4191 que
1945 4110 1986 4173 de
2009 4129 2110 4174 manu
2128 4114 2244 4174 nostra
2266 4111 2301 4174 irr
2322 4106 2439 4191 pheodo

432 4233 624 4307 tenuerant3
649 4230 682 4291 et
706 4225 782 4291 licet
806 4225 915 4289 dictus
938 4221 1104 4287 Justacius
1128 4219 1230 4284 nichil
1255 4237 1413 4300 umquam
1441 4216 1521 4281 iuris
1553 4215 1588 4280 in
1617 4215 1741 4280 eisdem
1765 4213 1864 4278 bonis
1894 4215 2057 4295 habuerit,
2085 4219 2197 4280 tamen
2227 4237 2268 4280 ea
2298 4216 2337 4281 ad
2360 4209 2439 4278 suffi-

434 4337 575 4401 cientem
600 4333 763 4398 cautelam
797 4331 832 4395 in
855 4349 974 4394 manus
998 4331 1130 4392 nostras
1160 4325 1339 4408 resignarit
1366 4322 1545 4388 liberaliter
1574 4325 1607 4386 et
1631 4322 1781 4386 absolute
1813 4323 1846 4384 et
1874 4321 2040 4406 promisit,
2076 4323 2166 4404 quod
2195 4343 2298 4405 super
2329 4319 2439 4386 eisdem

432 4442 528 4508 bonis
552 4441 726 4505 cenobium
759 4439 795 4502 in
818 4438 982 4515 Leveren,
1018 4435 1070 4499 cui
1105 4431 1298 4498 eorumdem
1325 4432 1490 4497 bonorum
1518 4429 1756 4512 proprietatem
1785 4429 1825 4492 de
1856 4448 2023 4493 consensu
2052 4429 2164 4494 uxoris
2193 4433 2306 4494 nostre
2333 4431 2363 4490 et
2389 4422 2438 4487 tilii

433 4547 537 4612 nostri
561 4549 594 4612 et
617 4546 758 4610 aliorum
788 4544 948 4608 heredum
983 4546 1017 4607 et
1040 4541 1241 4604 coheredum
1273 4541 1464 4603 nostrorum
1497 4536 1713 4615 contulimuS,
1749 4554 1817 4598 non
1852 4535 1989 4599 deberet
2024 4533 2234 4617 aliquatenus
2269 4535 2438 4600 molestare.

433 4655 477 4719 Ut
502 4655 613 4718 autem
637 4653 698 4717 hec
722 4656 794 4717 rata
817 4651 1035 4733 permaneant
1064 4649 1096 4711 et
1119 4644 1329 4725 inconvulsa,
1359 4645 1547 4726 presentem
1578 4641 1733 4724 paginam
1756 4641 1919 4706 conscribi
1950 4642 1982 4703 et
2013 4640 2111 4722 sigilli
2139 4641 2245 4706 nostri
2272 4637 2438 4706 munimine

433 4760 571 4825 fecimus
596 4757 754 4824 roborari.
804 4757 913 4821 Huius
942 4755 987 4819 rei
1021 4755 1123 4818 testes
1151 4754 1243 4816 sunt:
1278 4751 1401 4814 Albero
1425 4750 1465 4813 de
1488 4748 1705 4829 Bernewcde,
1742 4747 1905 4812 Rodolfus
1930 4748 1970 4812 de
1995 4747 2126 4826 Haren,
2154 4747 2323 4812 Wezcelus
2345 4745 2438 4809 dictus

434 4867 565 4948 HircuS,
591 4866 689 4947 Hugo
713 4865 754 4928 de
778 4863 893 4943 Wede,
917 4861 1055 4939 milites;
1084 4859 1252 4923 lohannes
1276 4858 1318 4922 de
1342 4857 1460 4934 Horst,
1486 4854 1690 4920 Giselbertus
1714 4854 1755 4918 de
1780 4854 1897 4935 Horst,
1922 4853 2118 4918 Thidericus
2143 4855 2183 4918 de
2209 4854 2320 4933 Horst,
2341 4851 2437 4914 luste-

433 4973 504 5038 cius
528 4974 569 5037 de
593 4973 739 5052 Rothen,
765 4970 906 5035 Rabodo
930 4970 971 5033 de
996 4966 1200 5046 Getmunde,
1224 4963 1426 5028 Bertholdus
1455 4963 1496 5026 de
1521 4961 1641 5042 Rusle,
1671 4960 1842 5024 Herwicus
1866 4961 1907 5024 de
1931 4960 2208 5040 Harlikeshusen,
2242 4961 2436 5026 Hermanuus

434 5079 564 5159 Stacke,
590 5077 766 5142 Heinricus
791 5077 832 5140 de
857 5075 1121 5156 Russenthorpe,
1146 5072 1349 5136 Wolcwinus
1374 5071 1415 5134 de
1438 5069 1630 5153 Linthorpe,
1654 5067 1866 5132 Burchardus
1891 5067 1932 5130 de
1949 5067 2048 5130 Sture
2071 5071 2104 5131 et
2128 5067 2183 5131 alii
2206 5088 2307 5150 quam
2329 5065 2436 5148 plures.

433 5186 554 5251 Datum
578 5188 610 5249 et
632 5188 743 5250 actum
767 5186 802 5248 in
826 5183 1021 5262 Oseubruge
1046 5199 1133 5244 anno
1157 5177 1290 5242 Domini
1313 5173 1635 5254 ll⁰.CC⁰.LXX⁰.ll⁰.,
1659 5177 1777 5257 quarto
1800 5173 1968 5238 Kalendas
1992 5173 2125 5256 Aprilis

567 5289 621 5354 Or.
652 5293 695 5353 inr
726 5288 800 5374 Kpt.
827 5287 927 5354 St-A.
956 5309 995 5348 zu
1023 5285 1172 5361 rllr'r'rrcter,
1209 5281 1327 5346 Leoern
1355 5280 1414 5345 Nr.
1440 5280 1491 5346 88.
1539 5280 1593 5343 An
1624 5278 1938 5363 Pergamentatreijcrr
1975 5279 2078 5362 Sirpel
2099 5279 2153 5343 der
2175 5279 2359 5342 Arrrrtellera
2388 5273 2435 5332 uir

648 5396 830 5479 Atbttdunp
860 5391 998 5472 Weatfd'l.
1027 5390 1130 5475 Sirpel
1152 5387 1229 5456 Hcft
1251 5387 1277 5465 I,
1303 5388 1393 5454 Abit.
1418 5387 1449 5466 2,
1479 5385 1549 5468 Tof.
1574 5385 1628 5464 21,
1653 5383 1714 5452 Nr.
1736 5385 1783 5451 ft).
1818 5385 1900 5450 Zurrr
1923 5381 2025 5448 Introit
2046 5387 2105 5471 opt.
2131 5384 2207 5449 oben
2230 5382 2288 5449 Nr.
2302 5379 2370 5446 861.
