5174 6798
1029 551 1033 560 .
1105 480 1173 536 aas
2105 465 2152 532 aa

1099 677 1187 756 185.

126 807 280 896 monos
302 805 454 878 Konrod
485 825 549 876 von
579 805 730 892 Mindon
755 805 927 876 ccmbbtct
961 807 1058 877 cinca
1086 801 1193 877 Streit
1225 819 1285 875 cm
1317 804 1385 876 den
1416 804 1602 877 Morldroll
1634 803 1799 877 ceneten
1831 805 1908 876 dem
1941 804 2156 894 Martinam

592 913 630 983 in
657 911 806 984 Mindcn
832 911 906 982 und
932 911 1009 983 dem
1034 911 1172 982 Zdllncr
1200 910 1356 998 Efferus.
1413 910 1450 983 0.
1477 910 1512 981 J.
1542 910 1685 1001 (1228).

231 1049 438 1135 C(onradus)
453 1047 514 1114 Dei
530 1047 680 1132 gracia1)
696 1047 879 1113 Mindensis
903 1045 1082 1130 episcopus
1106 1045 1272 1114 universis
1295 1043 1338 1112 ad
1354 1066 1439 1130 quos
1455 1063 1594 1130 presens
1618 1045 1779 1130 scriptum
1795 1049 1986 1130 pervenerit
2009 1050 2152 1115 salutem

126 1157 160 1222 in
182 1175 262 1222 vero
284 1154 433 1222 salutari.
480 1153 697 1219 Universitati
720 1152 868 1220 fidelium
892 1151 1087 1234 innotescat,
1110 1154 1203 1236 quod
1225 1153 1444 1235 predecessor
1470 1154 1586 1218 noster
1608 1151 1664 1236 pic
1686 1154 1847 1220 memorie
1871 1153 2027 1220 dominus
2050 1154 2152 1220 Anno

124 1261 308 1329 Mindensis
323 1261 513 1345 ‘episcopus
545 1258 793 1326 benedictionis
823 1258 1018 1324 memoriam
1046 1258 1111 1324 sibi
1138 1278 1332 1341 comparare
1364 1259 1503 1342 cupiens
1531 1259 1672 1326 contulit
1699 1251 1837 1326 ecclesie
1866 1259 1993 1340 boarit)
2017 1259 2155 1326 Martini

125 1367 398 1451 adprehendam
421 1367 560 1431 fratrum
585 1366 780 1432 theloneum
808 1364 883 1446 fori,
907 1366 997 1448 quod
1028 1366 1062 1430 in
1090 1365 1302 1431 dedicacione
1328 1364 1437 1447 ipsius
1465 1361 1603 1431 ecclesie
1631 1365 1694 1430 fuit
1723 1365 1930 1446 institutum,
1959 1369 1997 1432 ut
2027 1367 2156 1434 scilicet

126 1475 189 1558 ipsi
213 1472 365 1540 canonici
389 1475 463 1539 octo
487 1471 606 1537 diebus
630 1474 707 1537 ante
730 1470 853 1537 festum
876 1471 1099 1536 dedicacionis
1122 1473 1156 1537 et
1186 1471 1328 1536 totidem
1354 1474 1432 1553 post
1454 1470 1576 1535 festum
1599 1471 1634 1536 in
1657 1471 1767 1552 silvis,
1795 1474 1832 1537 in
1854 1472 1959 1556 agris,
1991 1474 2026 1539 in
2055 1474 2155 1558 aquis

124 1584 157 1646 et
177 1580 212 1644 in
234 1579 392 1644 omnibus
414 1577 567 1644 terminis
590 1577 773 1644 Mindensis
803 1578 945 1643 civitatis
972 1577 1166 1644 theloneum
1193 1576 1406 1660 perciperent
1428 1577 1610 1656 annuatim,
1645 1578 1741 1644 cuius
1768 1579 2034 1662 possessionem,
2069 1580 2153 1646 dum

124 1686 256 1770 prefata
279 1685 419 1753 ecclesia
441 1685 556 1751 multis
583 1685 681 1751 annis
712 1685 784 1751 sine
806 1684 1054 1768 interrupcione
1076 1685 1252 1765 tenuisset,
1282 1683 1419 1767 quidam
1441 1683 1571 1749 Elferus
1595 1685 1822 1751 thelonearius
1845 1687 1954 1769 ipsam
1987 1706 2154 1770 supereo

124 1791 275 1858 indebite
299 1791 488 1858 molestavit
511 1791 623 1876 ipsum
645 1791 840 1858 theloneum
862 1791 926 1857 sibi
948 1791 1111 1856 violenter
1139 1790 1343 1873 usurpando.
1390 1790 1489 1869 Quod
1512 1788 1662 1856 canonici
1693 1791 1736 1856 ad
1766 1794 1915 1858 nostram
1943 1792 2152 1860 audienciam

127 1898 314 1964 deferentes
337 1899 463 1964 iustum
485 1897 621 1964 titulum
645 1917 706 1963 sue
728 1897 952 1982 possessionis
976 1896 1203 1982 alligabant-¹¹).
1250 1896 1402 1962 Tandem
1429 1896 1463 1960 in
1495 1899 1610 1961 nostra
1639 1897 1814 1981 presencia
1836 1898 1950 1963 multis
1974 1899 2154 1966 hincinde

125 2005 306 2088 propositis
329 2003 482 2070 canonici
505 2004 614 2070 sancti
635 2003 769 2069 Martini
791 2007 895 2068 testes
917 2004 1067 2096 ydoneos
1091 2004 1332 2086 produxerunt,
1356 2022 1499 2088 quorum
1519 2003 1655 2068 nomina
1677 2004 1869 2087 subscripta
1892 2009 1987 2070 sunt:
2010 2006 2152 2072 milites:

124 2112 220 2177 Anno
242 2111 382 2191 nobilis,
419 2109 582 2176 Ludolfus
604 2109 752 2192 dapifer,
786 2109 985 2175 Thidericus
1019 2110 1059 2174 de
1083 2110 1299 2192 Dungerden,
1337 2109 1538 2193 burgenses:
1565 2107 1744 2176 Bcrtoldus
1773 2109 1937 2194 Simplex,
1976 2111 2154 2178 Heinricus

124 2219 223 2300 Papa,
261 2216 450 2282 Fridericus
473 2216 618 2294 institor,
654 2216 864 2299 Ludingerns
902 2218 935 2282 et
962 2215 1018 2281 alii
1047 2235 1148 2298 quam
1180 2216 1310 2299 plures,
1345 2215 1404 2298 qui
1428 2234 1541 2281 coram
1569 2215 1665 2281 nobis
1701 2220 1735 2282 et
1764 2217 1889 2282 maiore
1919 2218 2091 2300 preposito
2119 2217 2174 2284 et

122 2327 258 2390 cantore
287 2323 474 2405 ceterisque
506 2322 642 2388 maioris
677 2322 816 2388 ecclesie
847 2322 1016 2388 canonicis
1051 2322 1234 2388 secundum
1270 2321 1412 2386 formam
1446 2321 1528 2386 iuris
1564 2321 1750 2388 iuramento
1785 2323 1926 2404 prestito
1962 2326 2155 2389 constanter

122 2428 347 2508 affirmabant,
378 2429 471 2513 quod
499 2428 567 2494 iam
597 2429 685 2494 dicta
714 2429 856 2494 ecclesia
882 2429 989 2494 sancti
1012 2428 1145 2494 Martini
1175 2428 1287 2512 ipsum
1313 2427 1508 2492 theloneum
1538 2448 1559 2493 a
1582 2428 1717 2494 domino
1741 2427 1885 2493 Annona
1916 2429 2152 2512 predecessore

123 2538 234 2600 nostro
261 2536 419 2601 collatum
442 2535 692 2600 racionabiliter
715 2535 902 2615 secundum
924 2534 1065 2599 formam
1088 2535 1242 2619 superius
1266 2533 1467 2618 prelibatam
1489 2534 1576 2600 iuste
1599 2535 1796 2617 possideret.
1843 2535 1941 2600 Unde
1965 2555 2007 2600 ne
2033 2535 2154 2619 aliquis

123 2641 327 2724 sepedictam
350 2641 529 2707 ecclesiam
552 2641 658 2708 sancti
681 2641 814 2708 Martini
837 2661 939 2724 super
961 2643 1036 2723 ipso
1059 2642 1217 2706 theloneo
1240 2640 1363 2706 audeat
1396 2640 1432 2705 in
1459 2643 1632 2724 posterum
1656 2659 1742 2706 ausu
1764 2641 1941 2708 temerario
1965 2642 2154 2722 molestare,

122 2749 213 2830 pium
236 2751 273 2813 et
297 2748 499 2814 racionabile
522 2749 649 2813 donum
672 2747 919 2831 predecessoris
942 2747 1047 2812 nostri
1070 2747 1197 2813 domini
1219 2746 1371 2813 Annonis
1395 2747 1431 2812 in
1454 2746 1578 2812 virtute
1601 2746 1742 2829 spiritus
1766 2747 1871 2812 sancti
1900 2748 2012 2815 banno
2040 2751 2153 2814 nostro

123 2853 360 2920 confirmamus
383 2858 419 2920 et
441 2854 528 2919 hanc
550 2853 706 2938 paginam
730 2855 809 2919 inde
834 2853 1178 2945 conscriptamsigilli
1203 2852 1307 2918 nostri
1328 2853 1518 2918 testimonio
1542 2853 1748 2918 roboramus.

338 2977 358 3041 ¹)
376 2975 464 3046 gratia
481 2994 507 3028 a.
524 2977 615 3030 aaran
634 2979 710 3044 tsiir
729 2993 743 3030 c
762 2977 793 3030 B.
834 2977 857 3041 ¹)
876 2978 963 3030 sancti
983 2975 1014 3030 B.
1054 2977 1075 3038 ³)
1094 2975 1251 3046 allegabunt
1268 2975 1303 3027 A.

252 3081 325 3146 Aac
348 3081 425 3148 Mac.
451 3079 476 3160 l,
508 3081 569 3145 111
588 3079 630 3160 S.
653 3080 699 3146 30
729 3083 784 3148 des
813 3082 885 3166 11ρί.
908 3081 1011 3147 Steti.
1041 3085 1075 3146 in
1100 3082 1242 3146 llamar
1273 3083 1345 3167 (A),
1374 3082 1500 3145 άαπασΙι
1530 3069 1607 3148 Mac.
1634 3080 1662 3160 Ι,
1697 3081 1761 3146 110
1790 3084 1847 3164 fol.
1869 3081 1913 3146 34
1938 3082 2008 3168 (B).
2055 3082 2152 3171 qur.

340 3186 490 3253 Zeitaclrr.
514 3189 569 3252 des
590 3189 661 3252 brat.
692 3187 760 3256 Ver.
777 3190 811 3274 f.
836 3187 1081 3256 Nicdsraaclescn
1102 3188 1155 3275 Jp.
1183 3185 1272 3253 1860
1295 3186 1330 3252 8.
1356 3185 1420 3250 136
1442 3185 1504 3254 Nr.
1521 3185 1567 3270 II,
1593 3186 1707 3275 qucst
1728 3188 1847 3252 abendo
1871 3187 1905 3255 S.
1932 3188 1998 3253 102
2019 3187 2080 3255 Nr.
2096 3189 2152 3258 21.

340 3291 412 3357 Das
428 3285 547 3358 Datum
570 3295 688 3381 crpr'cbr
710 3296 778 3359 sicli
800 3298 931 3376 darana,
954 3296 1030 3360 dara
1053 3317 1114 3359 aar
1140 3293 1226 3359 1228
1247 3294 1327 3358 noch
1349 3295 1465 3358 cimnol
1480 3292 1608 3380 Ladolf
1624 3296 1674 3358 ala
1696 3296 1825 3380 dapifer
1847 3296 2008 3375 errabant,
2032 3298 2099 3360 und
2119 3300 2155 3361 ia

335 3399 508 3466 dcrnaelben
532 3399 633 3466 Jatre
655 3403 777 3467 werden
800 3403 878 3467 auct
900 3403 950 3467 dic
972 3401 1101 3488 Brirper
1121 3412 1267 3487 pensant.

1095 3598 1184 3677 186.

124 3723 266 3813 Bisclrot
295 3719 444 3797 Koarad
479 3749 544 3798 von
573 3723 724 3798 Mindon
757 3725 934 3816 detondet,
972 3725 1052 3798 dass
1085 3725 1150 3798 dos
1180 3721 1403 3816 Morienslc'sl
1435 3727 1472 3797 ia
1508 3721 1658 3798 Miadea
1691 3725 1768 3797 dem
1789 3725 1937 3798 'Klostcr
1965 3726 2162 3816 Neandorf

455 3835 555 3905 circen
582 3831 665 3920 Hos
685 3833 725 3904 in
753 3832 872 3904 Enseu
897 3831 1076 3924 pescbentd
1102 3831 1170 3903 lect.
1226 3831 1387 3923 Mindon,
1417 3824 1679 3905 Marmarata
1705 3835 1816 3905 1228.

223 3965 264 4032 In
282 3967 418 4033 nomine
435 3972 550 4034 sancte
567 3972 601 4034 et
616 3968 786 4034 individue
803 3969 972 4034 trinitatis.
1008 3969 1182 4034 Conradus
1198 3969 1260 4034 Dei
1275 3969 1381 4052 gratia
1395 3968 1579 4035 Mindensis
1596 3967 1735 4034 ecclesie
1743 3968 1770 4052 ¹)
1787 3968 1967 4051 episcopus
1984 3970 2152 4052 omnibus

123 4073 163 4136 ad
186 4091 273 4156 quos
296 4093 437 4158 presens
460 4074 621 4159 scriptum
644 4075 844 4160 pervenerit,
868 4077 1011 4141 salutem
1032 4075 1068 4140 in
1091 4095 1142 4157 ec,
1166 4076 1225 4157 qui
1249 4078 1300 4140 est
1322 4076 1412 4140 salus
1436 4075 1595 4140 omnium.
1641 4075 1690 4140 Ne
1714 4095 1767 4140 res
1791 4077 1865 4142 acta
1886 4095 1948 4159 per
1972 4075 2153 4142 decursum

122 4180 281 4263 temporis
303 4180 339 4245 in
362 4181 564 4246 oblivionem
587 4183 749 4262 trahatur,
773 4181 898 4265 scripto
921 4182 1136 4246 testimoniali
1163 4201 1300 4248 necesse
1323 4185 1375 4246 est
1401 4181 1638 4248 commendari.
1687 4181 1776 4247 Hinc
1804 4180 1968 4266 estquod
2001 4183 2152 4248 innotes-

124 4303 192 4349 cere
215 4285 371 4368 cupimus
394 4285 544 4352 fidelium
569 4287 691 4352 Christi
721 4287 846 4353 noticia
875 4289 908 4352 et
934 4287 1124 4353 futurorum
1152 4289 1385 4354 commendare
1414 4288 1589 4368 memorie,
1623 4289 1714 4372 quod
1736 4287 1929 4353 Waltherus
1959 4287 2152 4371 prepositus

124 4393 291 4473 quandam
322 4396 451 4458 curtem
485 4393 520 4457 in
547 4393 628 4459 villa
654 4413 721 4476 que
743 4393 857 4459 Ensen
884 4393 1005 4460 dicitur
1036 4394 1079 4458 ab
1110 4394 1301 4459 Alexandro
1330 4393 1520 4462 Camerario
1548 4397 1582 4460 et
1613 4393 1714 4459 fratre
1744 4413 1805 4458 suo
1829 4393 2057 4460 Hellemberto
2087 4413 2151 4476 pro

123 4495 175 4561 XV
196 4497 319 4563 marcis
343 4499 471 4582 arpenti
494 4500 633 4566 ecclesie
656 4519 717 4566 sue
738 4501 955 4584 compararit,
978 4519 1080 4584 quam
1102 4500 1258 4566 videlicet
1281 4502 1409 4566 curtem
1439 4501 1481 4566 ab
1506 4499 1645 4565 ecclesia
1668 4500 1781 4564 sancte
1804 4498 1908 4565 Maria
1932 4501 2046 4564 nostre
2068 4498 2151 4566 civi·

122 4604 195 4668 tatis
220 4604 346 4670 feodali
369 4605 442 4670 iure
465 4607 624 4672 tenerunt
647 4606 738 4671 etin
760 4626 880 4672 manus
903 4606 1072 4672 abbatisse
1094 4607 1245 4672 Alheidis
1267 4607 1529 4690 resignaverunt.
1577 4605 1651 4684 Que
1674 4605 1845 4671 abbatissa
1868 4604 1938 4671 Deo
1962 4605 2083 4670 devota
2107 4605 2150 4670 ad

124 4713 272 4776 nostram
295 4711 495 4794 peticionem
518 4714 617 4777 etad
641 4712 847 4796 prefatorum
876 4712 1015 4778 fratrum
1038 4713 1237 4797 obsequium
1265 4713 1425 4780 inclinata
1453 4731 1620 4778 unacum
1648 4709 1786 4776 ecclesie
1814 4730 1874 4775 sue
1901 4713 1971 4776 tam
2000 4711 2152 4778 domina·

123 4834 193 4881 rum
216 4835 321 4900 quam
344 4813 539 4884 clericorum
564 4818 753 4886 coniventia
774 4819 1015 4903 proprietatem
1037 4821 1168 4904 prefate
1191 4819 1305 4902 curtis
1333 4838 1398 4903 que
1422 4818 1465 4884 ad
1488 4838 1547 4884 eos
1569 4818 1642 4883 iure
1665 4817 1849 4902 spectabat,
1873 4817 2012 4882 ecclesie
2036 4820 2152 4884 sancte

123 4921 220 4988 llarie
244 4929 279 4988 et
300 4923 409 4995 sancti
430 4923 566 4990 Martini
589 4925 626 4990 in
649 4925 829 5009 Nendorpe
853 4945 927 4991 curn
951 4927 1107 4993 omnibus
1130 4925 1317 4991 attinentiis
1344 4924 1414 4991 suis
1439 4925 1480 4990 de
1503 4944 1597 4991 mera
1619 4923 1818 4990 liberalitate
1841 4923 2053 4990 contradidit.
2100 4923 2152 4990 Ne

124 5031 232 5094 autem
258 5049 362 5114 super
384 5030 576 5096 huiusmodi
599 5031 808 5097 ordinatione
831 5036 864 5098 et
887 5033 1067 5098 donatione
1090 5031 1210 5099 futuris
1237 5034 1314 5116 post
1336 5051 1400 5096 nos
1422 5029 1632 5114 temporibus
1662 5031 1949 5114 supramemorata
1973 5029 2151 5116 ecelesiat)

124 5135 224 5200 ullum
248 5136 401 5219 paciatur
424 5137 683 5220 incommodum,
706 5141 896 5222 presentem
919 5138 1074 5222 paginam
1096 5143 1166 5204 tam
1190 5137 1294 5205 nostri
1318 5137 1414 5221 sigilli
1437 5157 1540 5222 quam
1563 5137 1733 5204 abbatisse
1756 5139 1791 5202 et
1810 5135 1950 5203 ecclesie
1974 5155 2035 5200 sue
2058 5125 2152 5220 sigil-

124 5237 227 5306 lorum
256 5242 520 5326 appensionibus
554 5242 695 5310 fecimus
729 5243 890 5310 roborari.
947 5244 1033 5310 Acta
1066 5249 1145 5312 sunt
1178 5246 1240 5312 bec
1273 5263 1363 5309 anno
1399 5242 1563 5310 dominice
1596 5242 1836 5309 incarnationis
1862 5241 2150 5309 Mtcc‘ulxvnl.

124 5344 236 5413 Testes
244 5347 275 5433 ³)
298 5348 398 5415 buius
414 5349 606 5415 donationis
629 5354 728 5417 sunt:
751 5351 922 5416 lohannes
939 5350 1031 5417 Dolis
1047 5351 1203 5417 sacerdos
1226 5350 1462 5416 etWalbertus
1485 5350 1643 5416 sacerdos
1667 5348 1817 5416 eiusdem
1833 5348 1971 5414 ecclesie
1987 5347 2150 5430 canonici,

124 5454 277 5535 magister
300 5456 444 5521 Samson
468 5456 647 5522 canonicus
671 5457 777 5522 sancti
801 5457 973 5539 iohannis
998 5457 1160 5540 Gerlagus
1182 5457 1367 5522 monachus
1392 5457 1434 5522 de
1456 5454 1581 5535 Insula,
1605 5455 1769 5522 Ludolfus
1792 5455 1932 5540 dapifer,
1955 5454 2151 5521 Albrandus

225 5591 314 5638 worn
327 5592 468 5638 ora-nucu
481 5592 522 5638 vr.
1915 5580 1934 5646 7
