5058 6792
1000 439 1069 494 1264
1164 449 1168 458 '
2025 423 2092 488 239

89 642 231 727 scriptum
260 639 376 704 nostro
405 639 440 702 et
467 636 605 721 capituli
639 636 744 702 nostri
772 635 887 719 sigillis
918 633 1055 700 fecimus
1083 634 1289 701 communiri.
1336 635 1458 700 Datmn
1481 634 1592 701 Minde
1614 635 1784 701 Kalendas
1808 634 1980 701 Februarii
2002 655 2091 703 anno

84 745 200 818 Domini
221 743 508 810 M⁰.GC⁰.LXIIII⁰.

202 865 257 932 Or.
280 871 325 932 im
339 867 460 932 Aratio
483 867 537 932 ἄεε
552 865 605 930 Kl.
622 863 764 932 Laecam.
812 864 909 930 Beide
926 863 1030 951 Siepel
1051 887 1107 929 oon
1128 865 1187 929 den
1203 863 1515 951 Pcrpovnentatreifen
1537 865 1683 930 vertnan.
1732 862 1827 930 Gedr.
1850 889 1878 931 v.
1895 863 2094 953 Hodanberp,

283 972 489 1058 Calcnberyer
517 971 587 1039 UB.
612 972 709 1037 Atat.
734 970 797 1051 Ill,
824 970 858 1036 S.
883 968 946 1035 161
973 968 1031 1036 Νν.
1054 969 1131 1038 237.

1034 1206 1125 1285 795.

81 1334 214 1423 Bisclof
225 1333 323 1407 Kono
342 1358 406 1407 non
426 1334 576 1408 Mindon
598 1339 753 1424 pestattet
772 1333 835 1406 ἄεν
853 1333 953 1406 Stude
972 1333 1028 1404 dia
1045 1330 1233 1425 Bcbonnnp
1251 1334 1343 1404 eines
1362 1333 1508 1410 Plataea.
1564 1335 1714 1407 Mindon
1733 1333 1834 1407 1264
1854 1333 2015 1406 Febncur
2032 1338 2099 1408 22.

176 1472 268 1538 Cono
298 1471 360 1536 Dei
388 1470 497 1554 gracia
528 1469 710 1536 Mindensis
745 1471 932 1555 episeopus.
981 1469 1147 1535 Omnibus
1181 1488 1321 1553 presens
1356 1470 1517 1553 scriptum
1551 1470 1672 1536 visuris
1708 1471 1850 1536 salutem
1877 1471 1912 1536 in
1940 1470 2092 1536 Domino.

81 1581 127 1645 Ad
147 1577 302 1644 noticiam
324 1580 393 1642 tam
416 1577 623 1660 presentium
647 1596 747 1661 quam
772 1578 959 1644 futurorum
982 1575 1157 1659 pervenire
1181 1574 1344 1659 cupimus,
1368 1577 1459 1658 quod
1482 1596 1544 1642 nos
1567 1577 1610 1641 ad
1633 1577 1827 1642 instantiam
1850 1579 1884 1642 et
1899 1577 2094 1662 petitionem

80 1685 245 1752 consulum
280 1684 462 1749 Mindensis
503 1682 646 1748 civitatis
681 1683 907 1750 favorabiliter
942 1684 1153 1765 admisimus,
1195 1683 1284 1765 quod
1318 1683 1354 1747 in
1388 1683 1460 1747 loco
1496 1683 1553 1767 qui
1588 1684 1797 1749 Stenbruche
1832 1683 1952 1748 dicitur
1987 1703 2094 1766 usque

83 1793 118 1856 ad
139 1793 275 1856 domum
299 1789 520 1856 Hildebrandi
545 1789 701 1856 edificent
724 1791 909 1857 secundum
944 1790 1034 1873 quod
1058 1789 1183 1855 civitati
1207 1789 1361 1872 expediat
1384 1791 1418 1854 et
1440 1789 1488 1855 eis
1512 1789 1592 1856 utile
1615 1790 1778 1872 videatur,
1813 1789 1861 1855 ita
1884 1792 1920 1854 ut
1942 1789 2094 1875 spacium

80 1917 138 1962 non
170 1897 342 1979 excedant,
378 1898 468 1980 quod
502 1883 632 1962 veteres
666 1897 782 1981 paxilli
816 1897 1040 1963 determinant
1074 1899 1107 1961 et
1138 1897 1376 1961 demonstrant.
1422 1895 1461 1959 In
1492 1896 1587 1961 cuius
1618 1896 1667 1960 rei
1696 1895 1923 1962 testimonium
1954 1917 2094 1979 presens

79 2004 226 2087 scriptum
257 2003 354 2086 sigilli
385 2004 488 2068 nostri
518 2004 702 2069 munimine
733 2004 871 2070 fecimus
902 2003 1062 2070 roborari.
1110 2004 1233 2068 Datum
1256 2001 1368 2068 Minde
1397 2022 1485 2067 anno
1510 2002 1645 2068 Domini
1667 2002 1876 2069 M⁰.CG⁰.LX.
1900 2006 2029 2085 quarte,
2060 2002 2093 2066 in

79 2110 126 2174 die
148 2110 306 2175 cathedra
328 2108 427 2174 Petri.

200 2231 258 2297 Or.
287 2235 331 2296 im
353 2231 427 2319 qu.
455 2232 559 2300 sn-A.
588 2255 627 2297 zu
650 2234 799 2313 Munater,
836 2234 948 2320 Depoa.
978 2234 1033 2298 ἄεν
1058 2232 1154 2298 stadt
1175 2233 1303 2298 landen
1330 2231 1390 2296 Νν.
1418 2230 1446 2298 7.
1494 2233 1546 2296 An
1569 2232 1882 2319 Perpcrnentatrcifen
1909 2233 1968 2296 doe
1992 2231 2096 2319 Siepel

282 2339 336 2403 das
359 2338 507 2419 Biaclrofa
540 2343 575 2404 in
597 2343 735 2406 consuent
766 2339 884 2420 Wacho‚
919 2344 976 2405 un'e
999 2339 1181 2426 Abbildnnp
1220 2337 1325 2422 Wcstf.
1352 2339 1456 2426 Sieqcl
1489 2337 1567 2425 Heft
1590 2338 1633 2419 II,
1673 2337 1764 2422 Tasci
1785 2338 1830 2403 53
1860 2338 1922 2406 Νν.
1947 2338 1976 2404 1.
2024 2339 2101 2413 Ans

283 2446 338 2509 ἄεν
367 2444 530 2512 nactam
557 2448 612 2511 ἄεν
649 2445 793 2512 Urlcunde
826 2469 883 2511 von
911 2445 1010 2510 Hand
1038 2449 1090 2511 dea
1119 2446 1170 2511 15.
1194 2445 1264 2510 ln.-
1297 2447 1525 2531 steynbrugge
1558 2448 1625 2512 nnd
1656 2469 1714 2510 oon
1743 2443 1843 2510 Hand
1867 2447 1920 2511 ἄεε
1951 2445 2002 2512 17.
2025 2447 2096 2511 ln..-

283 2553 482 2636 Epistolium
506 2554 655 2637 episcopi
679 2554 826 2619 Cononis
850 2574 965 2637 wegeu
989 2555 1049 2619 der
1073 2554 1265 2620 steinernen
1280 2553 1432 2620 Bracken
1456 2554 1509 2619 fur
1532 2556 1608 2620 dem
1625 2554 1839 2621 Rodentbore
1861 2554 2019 2621 wieweitt
2042 2555 2094 2621 die

283 2679 350 2724 von
377 2660 513 2726 Mindon
542 2661 649 2726 sollen
677 2661 901 2745 bemecbtiget
932 2661 1006 2726 sein
1034 2660 1205 2726 dieselben
1234 2680 1275 2725 zu
1303 2661 1456 2741 bauwen,
1485 2680 1574 2726 anno
1604 2663 1698 2726 1264.
1749 2658 1844 2726 Gedr.
1883 2658 1985 2747 Weotf.
2017 2659 2099 2725 Pro-

282 2764 480 2829 vincial-Btl.
504 2763 530 2845 l,
556 2765 634 2852 Heft
654 2764 678 2827 2
701 2765 736 2831 S.
762 2765 813 2834 12.

1038 2948 1130 3027 796.

75 3071 217 3161 Biscloof
249 3073 410 3145 Gerlonl
443 3097 506 3145 von
541 3075 703 3146 munster
736 3075 889 3166 bestdtipt
922 3076 999 3148 den
1034 3076 1091 3148 In.
1131 3075 1362 3167 Kappcnhcrp
1400 3075 1465 3147 dos
1498 3076 1567 3147 ilinc
1603 3097 1664 3148 vor
1694 3076 1813 3148 Zeitcn
1846 3098 1921 3147 nom
1957 3075 2097 3165 Gratcn

77 3177 252 3251 Herrnnnn
285 3201 350 3252 non
377 3181 596 3271 chcnsbcrp
629 3181 702 3253 nnd
735 3183 855 3252 dassen
883 3182 1018 3254 Sdlnen
1053 3183 1136 3272 ono,
1173 3183 1356 3254 Hermann
1387 3183 1460 3254 und
1494 3183 1642 3273 lndwip
1674 3182 1859 3254 neritonenc
1892 3182 2000 3256 nnnc
2034 3183 2096 3254 ἄεν

676 3288 856 3360 Fiscbcrci
882 3290 921 3360 in
947 3289 1011 3361 ἄεν
1037 3290 1136 3361 Eme.
1193 3288 1298 3362 1264
1326 3289 1494 3360 Febrnur.

203 3421 301 3488 Gedr.
332 3419 439 3509 Weotf.
468 3422 542 3490 ΠΒ.
568 3421 631 3503 III,
658 3423 692 3490 S.
715 3423 780 3488 381
805 3422 864 3490 Νν.
891 3420 965 3489 739.
1011 3424 1073 3490 Die
1100 3424 1179 3489 Urlc.
1204 3423 1383 3490 Hermanno
1404 3426 1465 3511 aql.
1490 3425 1566 3490 oben
1588 3423 1648 3492 Νν.
1671 3421 1725 3490 69.

1041 3677 1129 3756 797.

72 3797 142 3870 Der
168 3801 351 3874 mindcncr
381 3803 569 3874 Domnilcor
604 3802 744 3875 Gosnc'n
776 3804 883 3893 stiflet
916 3807 991 3875 eine
1024 3803 1230 3875 consolatio
1263 3826 1326 3875 cnr
1354 3802 1460 3876 Fater
1492 3803 1555 3875 ἄεν
1592 3803 1716 3876 ΟΙᾶαεε
1749 3803 1808 3876 des
1844 3804 2096 3895 Gebnrtsfestcs

663 3909 726 3981 ἄεν
752 3911 782 3986 lc,
812 3911 944 3984 Morio.
999 3910 1150 3982 Mindon
1177 3914 1279 3984 1264
1307 3910 1414 3982 Μᾶνε
1442 3909 1503 3982 21.

173 4044 213 4109 In
250 4045 388 4111 nomine
423 4049 538 4110 sancte
574 4049 606 4111 et
641 4046 811 4112 individue
845 4046 1015 4112 trinitatis.
1070 4047 1262 4114 Gerbardus
1294 4046 1353 4112 Dei
1387 4046 1494 4130 gratia
1529 4048 1674 4112 decanus
1708 4049 1883 4131 totumque
1913 4046 2097 4113 Mindensis

72 4150 205 4215 ecclesie
230 4151 416 4235 capitulum
440 4153 596 4218 omnibus
620 4156 684 4219 hoc
700 4154 860 4237 scriptum
884 4153 1048 4219 audituris
1072 4153 1214 4218 salutem
1237 4154 1272 4218 in
1295 4155 1431 4219 auctore
1455 4153 1581 4220 salutis.
1628 4153 1792 4219 Noverint
1814 4153 1970 4236 universi,
1995 4155 2096 4238 quod,

71 4273 141 4319 cum
172 4257 331 4322 dominus
361 4258 537 4324 Goswinus
573 4260 710 4326 ecclesie
744 4263 859 4325 nostre
892 4261 1034 4326 vicarius
1063 4261 1134 4326 zelo
1162 4261 1350 4326 devotionis
1381 4279 1541 4326 accensus
1571 4263 1722 4326 octavam
1753 4261 1935 4326 nativitatis
1963 4260 2097 4326 domine

71 4364 179 4428 nostre
204 4364 241 4428 in
266 4364 404 4432 ecclesia
429 4369 543 4432 nostra
566 4367 782 4451 solempniter
806 4367 966 4433 celebrari
989 4366 1199 4448 obtinuisset,
1224 4366 1486 4432 consolationem
1510 4367 1625 4432 decem
1648 4369 1681 4432 et
1704 4386 1824 4434 novem
1847 4366 2031 4432 solidorum
2053 4367 2097 4433 ad

72 4468 220 4535 eiusdem
256 4470 332 4537 festi
364 4472 624 4540 celebrationem
654 4473 798 4539 instituit
821 4475 1005 4554 annuatim,
1040 4492 1184 4557 qnorum
1208 4473 1391 4538 solidorum
1416 4493 1535 4538 novem
1559 4474 1600 4538 de
1624 4474 1770 4556 quodam
1793 4474 1933 4540 macello
1956 4472 2095 4556 inloto,

71 4572 182 4640 decem
218 4597 299 4642 vero
329 4579 371 4643 de
400 4578 499 4643 bonis
533 4578 569 4645 in
592 4579 756 4645 Elffledhe
792 4580 888 4645 annis
923 4580 1059 4663 siugulis
1094 4579 1339 4663 persolventur.
1387 4580 1666 4646 Distributionem
1694 4583 1805 4645 autem
1834 4579 1986 4663 predicte
2017 4599 2096 4645 con-

69 4679 241 4748 solationis
276 4682 388 4749 taliter
422 4684 605 4751 ordinavit:
640 4687 824 4752 scolaribus
860 4688 903 4752 ad
937 4686 1116 4770 prandium
1150 4686 1295 4752 solidum
1330 4705 1443 4763 unum,
1480 4689 1555 4752 octo
1591 4686 1745 4752 denarios
1785 4687 1828 4751 ad
1866 4688 2097 4753 nocturnalem

68 4787 254 4870 candelam,
279 4791 503 4874 campanariis
527 4795 671 4875 quatuor
694 4793 864 4874 denarios3
889 4793 1007 4876 reliqui
1033 4793 1148 4859 decem
1170 4797 1205 4858 et
1227 4796 1359 4876 septem
1382 4793 1480 4860 solidi
1501 4793 1590 4859 inter
1612 4793 1790 4860 canonicos
1811 4796 1845 4858 et
1864 4792 2016 4876 vicarios,
2039 4794 2097 4878 qui

68 4899 243 4972 presentes
279 4896 411 4980 luerint,
447 4899 610 4982 equaliter
645 4899 843 4980 dividentur,
878 4904 913 4966 et
940 4901 1004 4964 boc
1037 4899 1189 4982 vicarius
1224 4901 1283 4983 qui
1314 4901 1452 4965 domum
1484 4900 1634 4965 eiusdem
1663 4899 1809 4965 Goswini
1842 4899 1937 4965 iuxta
1963 4920 2097 4966 murum

68 4996 318 5082 inhabitaverit,
353 5005 542 5086 specialiter
576 5005 796 5090 promovebit.
852 5007 896 5072 Ut
928 5010 1041 5072 autem
1072 5007 1134 5073 bec
1163 5007 1383 5089 imposterum
1417 5006 1654 5072 inviolabiliter
1688 5007 1919 5089 observentur,
1953 5006 2098 5090 sigillum

68 5109 222 5173 nostrum
252 5110 466 5191 presentibus
495 5113 734 5196 apponendum
757 5113 912 5178 duximus
936 5113 978 5178 ad
1001 5114 1105 5179 robur
1128 5117 1289 5198 perpetue
1313 5113 1490 5181 firmitatis.
1536 5115 1660 5181 Datum
1683 5115 1717 5180 et
1740 5116 1850 5180 actum
1873 5113 1986 5180 Minde
2008 5133 2098 5178 anno

67 5209 202 5278 Domini
226 5214 404 5282 millesimo
428 5217 656 5284 ducentesimo
680 5220 886 5302 sexagesimo
910 5221 1039 5303 quarto,
1063 5220 1236 5285 Benedicti
1259 5221 1399 5288 abbatis.

206 5336 303 5404 Gedr.
335 5337 531 5422 inrdtwein,
557 5341 651 5410 Saba.
676 5343 750 5429 dipl
776 5341 819 5422 X,
845 5342 879 5410 S.
902 5343 956 5408 22.
1002 5343 1140 5408 Danant
1161 5343 1347 5409 wiedarlrolt.
1394 5340 1804 5430 RepcctMuc.II‚189n‚
1829 5341 1888 5410 Νν.
1911 5339 1988 5407 616.
