5062 6776
442 436 506 501 282
1433 445 1500 501 1268

443 644 526 710 nulli
548 646 698 710 vertatur
728 644 763 708 in
794 642 948 722 dubium,
983 643 1175 725 presentem
1212 640 1367 724 paginam
1401 641 1565 706 conscribi
1600 640 1738 708 fecimus
1773 643 1806 706 et
1832 640 1929 724 sigilli
1960 640 2066 706 nostri
2095 642 2277 708 munimine
2303 643 2442 713 roborari.

440 752 561 816 Datum
584 750 695 816 blinda
718 769 808 815 anno
831 747 963 814 Domini
986 746 1153 814 M⁰.GC⁰.L
1178 793 1186 811 .
1211 792 1220 810 .
1245 746 1288 830 J)

655 856 674 920 ι)
694 851 800 908 Sedes
819 853 866 906 Or.
914 853 937 922 ⁸)
956 852 1040 906 Biana
1057 851 1103 904 Or.
1154 852 1176 919 ¹)
1195 850 1267 905 Loci
1285 852 1321 904 ian
1340 851 1507 922 Pergamena

575 940 631 1008 Or.
654 946 699 1008 im
727 941 800 1029 Kpt,
827 940 934 1009 ›St-A.
962 963 1002 1005 zu
1033 940 1187 1018 Mamer,
1217 938 1336 1006 laevem
1366 937 1428 1003 Nr.
1453 938 1505 1006 79.
1554 938 1658 1026 Stagel
1687 941 1741 1006 des
1772 939 1919 1020 Bischofs
1949 963 1990 1004 an
2026 940 2338 1027 Pergamentatreifen
2361 949 2444 1030 uentu

655 1047 843 1133 beachddipt.
892 1046 1070 1131 Datioi-unp
1092 1046 1171 1110 nach
1194 1043 1254 1108 Nr.
1278 1043 1354 1111 922.

1413 1209 1500 1285 921.

439 1338 591 1427 Bisclvos
613 1338 688 1411 ouo
715 1359 781 1411 uon
809 1336 960 1408 Minden
988 1335 1153 1408 habundat
1170 1336 1361 1426 Belleyurrp
1387 1336 1479 1406 duee
1505 1335 1649 1407 Streites
1675 1357 1787 1424 weqeu
1814 1337 1907 1407 eines
1937 1336 2014 1407 dem
2038 1335 2098 1407 Kl.
2118 1336 2256 1410 Lenem
2285 1339 2444 1428 petingen

1068 1444 1206 1514 Home
1233 1439 1481 1514 labruscam.
1530 1441 1567 1516 0.
1594 1442 1629 1512 J.
1658 1439 1833 1532 (12682).

548 1563 619 1628 Nos
644 1562 745 1626 trater
769 1560 849 1626 Otto
873 1561 1093 1643 permissione
1121 1560 1235 1626 divina
1262 1559 1445 1625 Mindensis
1476 1558 1613 1624 ecclesie
1645 1560 1823 1641 episcopus
1853 1559 2008 1625 omnibus
2030 1561 2066 1625 in
2089 1563 2301 1645 perpetuum.
2339 1561 2444 1625 Notum

440 1669 579 1736 tachuus
610 1670 644 1733 et
671 1667 883 1751 presentibus
918 1669 1156 1748 protestamur,
1191 1667 1281 1750 quod
1316 1665 1455 1731 materia
1485 1665 1720 1746 dissensioniS,
1755 1686 1821 1749 que
1849 1666 1935 1731 inter
1958 1666 2145 1732 Wescelum
2175 1667 2313 1732 militem
2339 1667 2445 1732 dictum

440 1776 556 1859 Lupus
587 1794 628 1839 ex
656 1775 753 1857 parte
781 1791 849 1838 una
880 1775 913 1836 et
941 1772 1224 1857 Helenbertum¹)
1253 1771 1390 1836 militem
1419 1771 1544 1835 dicium
1574 1771 1716 1836 Kemere
1744 1791 1785 1836 ex
1815 1775 1909 1856 parte
1940 1771 2043 1838 altera
2076 1772 2270 1838 vertebatur
2296 1772 2336 1836 de
2362 1771 2445 1836 domo

440 1880 540 1962 onai)
562 1880 598 1944 in
621 1878 700 1944 villa
727 1878 875 1943 Blasnen
902 1877 982 1960 sita,
1013 1898 1115 1961 quam
1146 1877 1254 1943 dicius
1277 1877 1449 1942 Wescelus
1478 1876 1574 1941 miles
1602 1877 1742 1942 cenobio
1769 1878 1804 1941 in
1834 1878 1985 1944 Levereu
2015 1879 2200 1963 legaverat,
2228 1898 2339 1944 coram
2363 1879 2445 1944 nobis

439 1987 503 2054 fuit
525 1985 671 2052 finaliter
703 1987 736 2050 et
764 1983 1012 2049 sentencialiter
1038 1983 1230 2064 terminata,
1260 1984 1308 2049 ita
1337 1984 1429 2066 quod
1456 1982 1626 2065 predictus
1648 1984 1821 2050 Wescelus
1848 1984 1943 2049 miles
1971 1985 2060 2051 dicio
2088 1985 2229 2051 cenobio
2256 1987 2327 2050 sine
2352 1985 2446 2067 aliqua

439 2094 527 2158 iusta
551 2090 845 2172 contradictionet)
868 2089 975 2173 ipsius
1000 2090 1118 2156 domus
1141 2091 1319 2155 warandus
1343 2088 1452 2154 extitit
1479 2091 1512 2155 et
1534 2088 1662 2172 vulgari
1692 2109 1730 2155 ac
1753 2090 1842 2154 iusta
1864 2091 2034 2156 sentencia
2060 2091 2224 2173 obtinuit,
2253 2092 2445 2174 presentibus

442 2197 600 2282 capitulo,
630 2196 900 2262 ministerialibus
932 2199 965 2260 et
990 2195 1213 2279 burgensibus
1242 2194 1423 2261 Mindensis
1453 2196 1564 2260 nostre
1597 2193 1749 2261 civitatis.
1797 2197 1836 2260 ln
1867 2197 1962 2262 cuius
1992 2197 2039 2261 rei
2067 2197 2206 2262 evidens
2240 2196 2447 2262 testimonium

441 2307 631 2389 presentem
654 2303 798 2368 litteram
822 2303 863 2368 de
886 2302 1058 2386 premissis
1083 2305 1197 2368 nostro
1220 2301 1373 2368 dedimus
1398 2301 1496 2383 sigilli
1517 2301 1700 2367 munimine
1724 2303 1959 2385 consignatam.

655 2408 677 2478 ¹)
696 2409 885 2462 Heleubertum
905 2414 952 2478 uus
971 2407 1070 2463 Rasur.
1115 2405 1394 2477 ¹)uuaons1tosur.
1442 2404 1466 2475 ⁸)
1489 2405 1535 2459 Or.
1559 2406 1696 2462 conntrad.
1715 2407 1799 2459 uolet
1816 2423 1866 2461 con
1884 2408 1967 2460 durch
1986 2407 2034 2461 dos
2053 2407 2157 2461 rittictc
2177 2407 2447 2477 Abkfirrunpsreicler

758 2495 876 2566 gegeben
893 2496 938 2550 iat.
1026 2525 1030 2540 ·

577 2584 630 2651 Or.
656 2587 700 2647 im
723 2581 798 2670 Kpl.
825 2581 930 2648 Sc-A.
953 2606 994 2648 zu
1017 2583 1165 2661 Maleam,
1192 2582 1312 2648 Lacerat
1335 2581 1394 2646 Nr.
1420 2581 1471 2649 78.
1532 2581 1635 2668 Siepel
1657 2584 1710 2649 dec
1736 2583 1879 2668 Blachofc
1901 2607 1944 2648 an
1966 2607 2023 2648 oon
2045 2585 2100 2648 der
2126 2582 2207 2648 Urk.
2233 2584 2446 2671 gesctnittenem

652 2687 965 2774 Perpamentatrerfen
994 2691 1052 2754 acie
1081 2687 1267 2775 Abbildunp
1307 2687 1408 2766 Westf.
1441 2687 1553 2775 Stoyci,
1589 2687 1669 2774 Heft
1698 2687 1743 2768 II,
1772 2688 1862 2757 Abu.
1888 2691 1918 2755 1.
1952 2688 2024 2770 Tus.
2048 2687 2094 2754 53
2120 2688 2180 2757 Nr.
2203 2689 2239 2756 2.
2303 2688 2366 2775 Vqt
2391 2712 2448 2752 zum

652 2793 758 2859 Intuli
779 2795 855 2859 oben
878 2792 938 2856 Nc.
964 2792 1037 2861 813.

1409 2923 1500 3000 922.

438 3050 594 3139 Bisctof
619 3050 694 3123 ouo
719 3071 784 3121 von
813 3049 961 3121 Mindon
981 3047 1136 3137 bmtdtipt
1154 3047 1231 3118 dem
1251 3048 1308 3125 Iit.
1327 3049 1461 3120 Leveru
1488 3049 1555 3120 den
1575 3049 1692 3120 Bestia
1710 3049 1773 3120 der
1792 3049 1902 3121 Griter
1918 3051 1957 3120 in
1976 3049 2162 3125 Bloslvetm.
2191 3051 2341 3122 Mindon
2359 3051 2446 3121 1268.

548 3169 664 3234 Frater
687 3167 767 3232 Otto
790 3166 1011 3252 permissione
1035 3166 1147 3231 divina
1163 3165 1347 3232 Mindensis
1370 3167 1549 3251 episcopus
1573 3167 1747 3248 universis,
1771 3167 1814 3231 ad
1830 3187 1915 3250 quos
1931 3186 2071 3249 presens
2087 3167 2252 3252 scriptum
2266 3165 2447 3251 pervenerit,

440 3277 591 3340 eternam
626 3275 662 3338 in
689 3273 831 3338 Domino
865 3273 1018 3337 salutem.
1069 3273 1195 3338 Notum
1231 3291 1305 3336 esse
1340 3273 1493 3355 cupimus
1528 3271 1707 3354 universis,
1740 3273 1830 3357 quod
1860 3272 2099 3339 Helembertus
2125 3274 2342 3339 Kamerarius
2369 3273 2448 3337 miles

439 3383 610 3450 Wezelum
633 3381 772 3446 militem
795 3380 919 3446 dictum
943 3379 1038 3445 Wull
1071 3398 1173 3462 super
1199 3379 1295 3443 bonis
1325 3380 1361 3444 in
1384 3379 1521 3460 Blaene,
1557 3398 1623 3461 que
1652 3379 1783 3444 dicebat
1817 3379 1859 3444 ad
1890 3399 1926 3445 se
1957 3380 2030 3444 iure
2054 3379 2255 3445 hereditario
2288 3381 2448 3465 pertinere,

441 3508 551 3554 eoram
575 3488 672 3553 nobis
697 3486 861 3566 convenit,
886 3505 962 3550 cum
978 3485 1130 3550 vassallis
1154 3487 1188 3549 et
1210 3484 1484 3551 ministerialibus
1507 3484 1645 3550 ecclesie
1670 3488 1782 3549 nostre
1806 3485 2039 3549 exhiberemus
2062 3485 2230 3550 iusticiam
2255 3484 2449 3569 pheodalem‚

442 3594 531 3660 idem
554 3614 634 3658 vero
657 3593 811 3658 Wecelus
835 3591 1022 3656 affirmabat
1045 3592 1134 3657 dicta
1157 3591 1247 3657 bona
1269 3611 1309 3656 ex
1332 3593 1470 3674 patema
1494 3591 1703 3656 successione
1727 3591 1770 3656 ad
1798 3610 1833 3654 se
1858 3591 2047 3671 devenisse,
2075 3593 2110 3656 et
2133 3593 2175 3656 ab
2197 3589 2449 3657 miecessoribus

442 3701 565 3767 nostris
593 3700 760 3783 episcopis
791 3702 827 3764 et
850 3698 954 3762 eciam
982 3697 1162 3781 prepositis
1185 3699 1220 3762 in
1243 3697 1376 3779 pheodo
1399 3697 1546 3762 tenuisse
1576 3699 1609 3762 et
1635 3698 1712 3780 post
1734 3696 1863 3762 obitum
1886 3697 1992 3780 patris
2026 3697 2078 3763 sui
2105 3717 2165 3780 per
2193 3698 2332 3780 triginta
2358 3714 2449 3762 annos

440 3807 513 3871 sine
535 3805 626 3870 omni
650 3803 910 3869 contradictione
934 3804 1047 3886 quiete
1071 3806 1105 3867 et
1128 3802 1266 3887 pacifice
1289 3803 1497 3887 possedisse,
1522 3806 1555 3868 et
1580 3803 1652 3878 hoc,
1676 3804 1777 3884 prout
1801 3803 1963 3884 dictabat,
1987 3804 2157 3869 sentencia
2178 3803 2353 3886 pheodalis
2374 3803 2450 3866 iura·

440 3914 554 3977 mento
578 3913 717 3995 proprio
741 3909 959 3989 confirmavit,
984 3910 1074 3975 unde
1097 3929 1160 3974 nos
1176 3910 1301 3974 dictum
1314 3911 1485 3975 Wecelum
1508 3908 1644 3973 militem
1668 3909 1709 3974 ab
1731 3909 1938 3991 impetitione
1963 3910 2041 3975 dicti
2058 3909 2266 3974 Helemberti
2283 3906 2450 3973 Kamararii

441 4017 645 4083 absolvimus
681 4022 714 4081 et
746 4016 856 4082 eidem
885 4015 974 4080 dicta
1008 4016 1096 4080 bona
1129 4015 1393 4081 adiudicavimus
1420 4015 1550 4080 iusticia
1581 4015 1812 4097 compellente.
1864 4015 1938 4093 Quo
1970 4017 2056 4080 lacto
2084 4014 2150 4079 iam
2180 4015 2287 4080 dictus
2311 4014 2451 4080 Wecelus

445 4124 580 4207 puplice
604 4122 828 4206 recongnovit,
844 4123 936 4204 quod
958 4122 1081 4189 intuitu
1097 4121 1209 4188 divine
1225 4121 1499 4188 remunerationis
1521 4122 1704 4186 memorata
1725 4121 1814 4186 bona
1841 4120 1875 4186 in
1897 4139 2016 4186 manus
2039 4121 2259 4186 antecessoris
2283 4121 2384 4187 nostri
2405 4119 2452 4202 pic

441 4230 603 4296 memorie
635 4229 781 4294 Cononis
810 4228 958 4312 episcopi
986 4229 1088 4294 libere
1120 4228 1346 4311 resignaverat
1373 4230 1406 4291 et
1435 4227 1525 4310 quod
1558 4226 1648 4291 idem
1676 4227 1854 4310 episcopus
1882 4228 1923 4292 de
1954 4247 2117 4292 consensu
2147 4229 2181 4292 et
2209 4228 2379 4293 voluntate
2405 4226 2451 4308 pie

443 4337 602 4401 memorie
631 4335 766 4400 Ottonis
800 4333 963 4417 prepositi
996 4337 1029 4399 et
1056 4335 1160 4400 totius
1194 4333 1333 4415 capituli
1362 4333 1450 4397 dicta
1482 4333 1571 4399 bona
1598 4352 1673 4397 cum
1702 4333 1904 4416 proprietate
1933 4337 1966 4397 et
1993 4331 2083 4397 omni
2117 4332 2189 4398 iure
2225 4335 2258 4397 et
2289 4335 2361 4398 sine
2386 4332 2452 4413 iugo

441 4442 632 4521 advocatie,
667 4441 847 4506 dummodo
881 4439 1019 4522 singulis
1051 4439 1146 4505 annis
1181 4440 1223 4504 de
1252 4439 1377 4505 eisdem
1408 4439 1506 4504 bonis
1541 4442 1683 4521 quatuor
1717 4438 1815 4504 solidi
1848 4439 1956 4522 gravis
1984 4442 2116 4505 monete
2151 4440 2384 4522 persolvantur
2416 4437 2452 4499 ad

443 4549 650 4631 prebendam
673 4548 811 4613 fratrum
835 4549 1035 4626 nostrorum,
1060 4545 1199 4611 contulit
1213 4545 1417 4610 monasterio
1440 4544 1537 4610 beate
1561 4545 1662 4610 Marie
1677 4545 1815 4627 virginis
1838 4546 1873 4610 in
1889 4545 2038 4610 Leveren
2061 4548 2225 4628 perpetuo
2248 4543 2451 4628 possidenda,

443 4659 476 4721 et
499 4674 601 4736 super
624 4674 664 4718 eo
689 4653 875 4718 contectum
899 4651 965 4717 iam
989 4651 1067 4717 dieti
1091 4651 1239 4735 episcopi
1263 4655 1295 4714 et
1319 4650 1455 4733 capituli
1479 4651 1576 4714 nobis
1594 4651 1743 4716 exhibuit
1758 4651 2026 4716 instrumentum.
2063 4651 2133 4715 Nos
2149 4671 2228 4716 vero
2245 4651 2318 4716 viso
2340 4651 2453 4716 instru-

442 4763 556 4826 mento
581 4779 683 4843 super
705 4760 794 4824 dicta
816 4757 993 4824 collatione
1016 4757 1124 4823 eidem
1148 4758 1350 4822 monasterio
1374 4757 1493 4821 collato
1517 4755 1643 4821 iactum
1668 4757 1835 4822 landabile
1856 4757 2091 4839 aprobavimus
2114 4759 2280 4822 atratum
2303 4757 2452 4824 habemus

442 4870 476 4932 et
500 4867 588 4930 dicto
612 4865 814 4930 monasterio
838 4884 917 4947 sepe
942 4865 1106 4929 dictorum
1128 4863 1293 4928 bonorum
1316 4863 1437 4927 iustam
1453 4862 1668 4928 collacionem
1691 4883 1733 4927 ex
1755 4866 1845 4928 certa
1869 4863 2012 4928 sciencia
2028 4862 2272 4930 confirmamus.
2313 4865 2362 4929 Ne
2384 4880 2452 4926 vero

442 4973 673 5056 inposterum
702 4990 804 5054 super
832 4969 1004 5053 premissis
1036 4967 1250 5035 dubitationis
1284 4969 1392 5051 possit
1426 4969 1602 5052 scrupulus
1632 4969 1792 5051 suboriri,
1827 4975 2019 5052 presentem
2052 4971 2209 5052 paginam
2239 4969 2399 5036 conscribi
2424 4969 2452 5032 ei

444 5079 541 5163 sigilli
566 5079 671 5144 nostri
695 5077 879 5142 munimine
902 5076 1040 5142 lecimus
1063 5075 1222 5140 roborari.
1263 5075 1372 5140 Huius
1395 5074 1442 5139 rei
1466 5077 1570 5141 testes
1593 5078 1686 5140 sunt:
1711 5075 1901 5141 Gerhardus
1925 5076 2079 5156 decanus
2103 5077 2249 5159 Wedego
2272 5075 2451 5160 prepositus
2529 5099 2530 5154 j

444 5185 550 5251 sancti
573 5183 722 5265 Martini,
752 5183 928 5248 Conradus
951 5182 1141 5266 prepositus
1165 5181 1273 5246 sancti
1295 5180 1470 5260 lobannis,
1507 5181 1668 5246 Ludolius
1696 5184 1827 5260 cantor,
1863 5181 2028 5247 Henricus
2051 5181 2263 5258 scolasticus,
2295 5179 2451 5246 Arnoldus

444 5291 698 5358 archidiaconus
732 5289 768 5353 in
795 5289 940 5354 Alethen
974 5291 1007 5354 et
1042 5287 1097 5353 alii
1131 5287 1281 5353 canonici
1316 5287 1520 5368 Mindenses3
1555 5287 1772 5352 Widekindus
1807 5286 1928 5353 nobilis
1963 5289 2015 5353 vir
2049 5288 2230 5354 advocatus
2265 5289 2307 5354 de
2340 5288 2450 5362 Monte,

444 5397 631 5464 Richardus
655 5396 797 5478 Vulpes,
828 5394 1018 5460 Richardus
1042 5395 1184 5475 ParvuS,
1211 5395 1377 5460 Henricus
1400 5394 1443 5459 de
1466 5393 1681 5476 Dungerden‚
1709 5393 1879 5459 lohannes
1902 5394 1944 5459 de
1968 5393 2203 5476 Barehhusen,
2230 5394 2394 5460 Joharmes
2416 5391 2452 5455 de
