5062 6776
465 395 531 460 310
1476 405 1544 459 1272

1418 606 1439 679 1
1530 661 1541 682 .

463 733 618 824 Biscbof
633 732 707 805 ono
726 754 791 804 non
809 731 960 803 Mindon
984 729 1120 802 seneen
1137 731 1214 801 dens
1233 728 1319 818 Stin
1337 602 1554 802 chngolln
1579 729 1668 801 Erbc
1692 731 1731 800 in
1751 729 1955 818 Quernbeinc
1975 729 2135 825 (Hanc).
2183 729 2283 805 1272
2301 733 2394 825 April
2409 737 2454 813 20.

570 853 685 917 Frater
708 849 788 915 Otto
811 849 1030 932 permissione
1054 848 1168 913 divina
1190 848 1371 914 Mindensis
1395 847 1574 931 episcopus
1594 847 1750 913 omnibus
1773 849 1838 912 hoc
1861 847 2023 931 scriptum
2046 849 2167 915 visuris
2189 851 2325 916 salutem
2345 853 2375 918 in
2394 875 2455 922 vero

465 960 639 1024 salvatore,
678 957 890 1022 Accedentes
914 956 957 1020 ad
980 955 1189 1038 presenciam
1212 957 1359 1020 nostram
1381 955 1552 1019 Arnoldus
1575 955 1608 1018 et
1630 953 1745 1019 Bruno
1768 954 1888 1020 fraires
1912 955 1990 1020 dicti
2011 955 2108 1021 Judei
2136 975 2210 1023 cum
2238 960 2383 1026 uxoribus
2403 965 2455 1026 suis

462 1067 573 1132 adbuc
600 1062 713 1148 pueris
745 1063 937 1128 carentibus
968 1081 1100 1126 necnon
1129 1062 1162 1126 et
1192 1059 1352 1126 Albertus
1382 1061 1423 1126 de
1446 1061 1686 1127 Wcsterhuseu
1721 1081 1795 1126 cum
1830 1081 1934 1126 uxore
1962 1080 2024 1126 sua
2058 1081 2171 1127 sorore
2199 1066 2371 1130 eorundem
2398 1087 2456 1134 cun

463 1173 578 1256 pueris
601 1171 671 1236 suis
695 1171 831 1236 domum
858 1168 894 1231 in
917 1166 1127 1249 Querulum,
1156 1187 1258 1250 quarn
1287 1187 1308 1232 a
1331 1167 1427 1232 nobis
1455 1170 1489 1232 et
1517 1187 1537 1230 a
1571 1166 1865 1250 predecessoribus
1896 1167 2018 1233 nostris
2042 1166 2077 1232 in
2101 1167 2198 1235 feodo
2229 1173 2456 1252 tenuerunt,in

463 1298 583 1344 manus
607 1279 737 1342 nostras
760 1275 863 1340 libere
887 1274 1141 1357 resignaverunt
1171 1275 1204 1339 et
1226 1273 1419 1356 petiverunt
1442 1272 1620 1353 instanter,
1645 1275 1736 1356 quod
1764 1273 1907 1338 eandem
1935 1275 2074 1341 cenobio
2104 1275 2140 1340 in
2163 1276 2310 1342 Leveren
2336 1278 2457 1344 conferre

464 1385 683 1468 dignaremur.
731 1383 799 1447 Nos
834 1383 945 1446 autem
974 1381 1186 1445 attendentes
1214 1378 1382 1445 laudabile
1417 1379 1664 1460 testimonium,
1699 1380 1791 1463 quod
1825 1381 1866 1445 de
1894 1381 2011 1446 eodem
2046 1382 2185 1448 cenobio
2220 1383 2400 1466 perhibetur
2425 1387 2458 1449 ab

464 1491 630 1569 omnibus,
655 1491 688 1554 el
712 1488 858 1552 favorem
882 1486 1043 1571 prepositi
1071 1485 1285 1569 respicientes
1316 1484 1500 1569 predictam
1523 1487 1658 1552 domum
1687 1477 1763 1552 cum
1791 1487 1996 1570 proprietate
2026 1490 2059 1552 et
2088 1488 2244 1554 omnibus
2276 1490 2459 1573 pertinenciis

463 1596 532 1662 suis
555 1597 622 1660 iam
646 1594 732 1660 dicto
755 1591 898 1658 cenobio
923 1612 998 1658 cum
1022 1611 1188 1658 consensu
1212 1595 1245 1656 et
1267 1593 1356 1657 bona
1379 1593 1550 1660 voluntate
1574 1593 1711 1676 capituli
1735 1593 1839 1658 nostri
1857 1594 2052 1660 donavimus
2075 1593 2259 1660 liberaliter
2280 1600 2312 1660 et
2333 1597 2458 1661 absolute

463 1705 628 1785 perpetuo
651 1699 898 1784 possidendam.
945 1700 991 1763 Ut
1014 1702 1125 1765 autern
1148 1701 1210 1765 hec
1233 1700 1375 1767 donacio
1404 1699 1494 1781 apud
1518 1703 1672 1782 posteros
1701 1700 1802 1764 robur
1829 1698 1979 1765 obtineat
2002 1699 2116 1766 debite
2138 1699 2319 1784 firmitatis,
2346 1723 2459 1785 presens

462 1808 624 1890 scriptum
646 1807 724 1871 inde
748 1807 934 1873 confectum
966 1807 1079 1869 nostro
1109 1807 1143 1870 et
1166 1805 1304 1872 ecclesie
1337 1808 1450 1871 nostre
1478 1805 1593 1889 sigillis
1622 1805 1759 1871 fecimus
1791 1806 1998 1871 communiri.
2045 1807 2154 1871 Huius
2182 1808 2231 1872 rei
2261 1810 2358 1872 testes
2384 1813 2459 1873 sunt:

463 1914 654 1980 Gerbardus
687 1914 853 1993 decanuS,
890 1911 1064 1976 Heinricus
1101 1914 1230 1992 cantor,
1266 1911 1426 1978 Ludolfus
1460 1913 1650 1994 prepositus
1685 1915 1800 1978 sancte
1834 1912 1952 1994 Marie,
1986 1912 2125 1996 Widego
2160 1915 2345 1997 prepositus
2375 1917 2460 1979 sancti

462 2021 596 2086 Martini
605 2020 640 2104 ¹),
671 2019 846 2084 Conradus
871 2018 1061 2101 prepositus
1084 2019 1190 2083 sancti
1213 2017 1391 2098 iohannis,
1422 2017 1537 2084 Bruno
1561 2018 1602 2083 de
1626 2019 1833 2101 Spenthove‚
1860 2017 2030 2084 lohannes
2053 2021 2095 2085 de
2118 2019 2270 2099 Bucken,
2298 2022 2460 2086 Gerbardns

463 2128 505 2192 de
530 2125 728 2206 Hervordia,
753 2123 906 2189 canonici
928 2123 1133 2204 Mindenses3
1169 2123 1358 2190 Richardus
1381 2123 1525 2207 dapifer,
1555 2125 1748 2190 Gerbardns
1773 2125 1916 2207 Luscus,
1946 2125 2137 2192 Gerbardns
2161 2126 2204 2191 de
2229 2129 2459 2206 Haddenhusen,

462 2231 602 2312 milites3
637 2232 805 2297 lohannes
830 2231 872 2296 de
896 2230 1018 2311 Horst,
1049 2228 1218 2294 lohannes
1242 2232 1283 2295 de
1306 2231 1477 2312 Lubbele,
1505 2231 1631 2312 famuli,
1662 2235 1695 2296 et
1722 2231 1778 2296 alii
1802 2232 2052 2315 quamplures.
2099 2235 2222 2298 Datum
2246 2253 2331 2299 anno
2353 2233 2460 2298 Domini

462 2337 756 2418 M⁰.CC⁰.LXXII⁰.,
779 2336 864 2400 XIl⁰.
888 2336 1057 2402 Kalendas
1080 2336 1170 2400 Maii.

681 2445 701 2510 ¹)
720 2442 766 2495 Or.
785 2443 923 2496 Martitini.

597 2531 651 2596 Or.
680 2537 723 2596 inc
751 2530 826 2617 qu.
856 2529 961 2596 sc-A.
997 2552 1037 2594 zu
1064 2531 1213 2612 Munater,
1251 2529 1370 2596 Lenem
1400 2527 1459 2598 Nr.
1489 2529 1541 2596 89.
1590 2532 1642 2596 An
1672 2530 1984 2618 Perqamentatren'fen
2017 2545 2073 2618 put
2100 2532 2275 2598 erbuloenaa
2303 2531 2395 2617 sequ
2422 2532 2463 2594 dn

677 2636 823 2718 Biaclofa
845 2638 911 2701 nnd
932 2635 1141 2722 mccbddiplea
1163 2637 1216 2700 dcc
1239 2635 1391 2723 Kapitclc.

462 2890 655 2981 Hlldemcr,
698 2891 782 2980 Vopt
812 2891 873 2962 des
905 2891 1059 2980 Hnnops
1093 2891 1231 2963 dolonn
1265 2914 1328 2963 von
1363 2782 1642 2984 erllnlslnwnq,
1675 2891 1785 2982 aaron
1821 2893 1883 2964 der
1911 2893 2012 2965 nant
2039 2893 2189 2966 Mindon
2225 2895 2291 2965 dcn
2325 2892 2461 2963 nuncin

462 2999 540 3070 dam
567 3000 703 3090 Heraop
730 2997 802 3069 und
829 2997 906 3070 dcnn
933 2994 1085 3086 Biscbos
1105 3020 1169 3069 von
1198 2997 1347 3069 Mindon
1371 2999 1569 3088 pemacbtcn
1606 2999 1750 3088 Vcrtrnp
1775 3022 1819 3070 nn
1845 2999 2002 3072 beccbtcn
2029 3001 2100 3071 nand
2127 3000 2317 3091 nersprictn
2343 2999 2394 3070 ἰὴν
2415 3001 2463 3086 fir

582 3105 648 3176 den
675 3105 766 3176 Ein-
794 3104 867 3174 unci
894 3103 1063 3194 Anspcnp
1089 3106 1127 3176 in
1154 3105 1243 3176 allen
1269 3104 1499 3195 bcrzoplicbcn
1527 3105 1671 3178 Studien
1698 3106 1829 3177 Sobata.
1887 3106 2037 3178 Mindon
2062 3106 2164 3178 1272
2193 3105 2300 3198 April
2326 3110 2379 3182 26.

569 3223 780 3287 Hildemarus
804 3223 984 3287 advocatus
1008 3223 1147 3288 illustris
1171 3223 1330 3308 principis
1354 3224 1481 3289 domini
1504 3223 1665 3289 Johannis
1689 3225 1783 3289 ducis
1808 3224 1850 3288 de
1865 3225 2041 3290 Brunswic
2063 3225 2220 3291 omnibus
2245 3227 2308 3290 boc
2330 3224 2463 3306 scriptun

461 3331 581 3395 visuris
610 3331 761 3394 salutem.
807 3329 969 3394 Noverint
998 3329 1162 3409 universi,
1194 3332 1286 3412 quod
1318 3350 1378 3397 nos
1408 3321 1653 3397 ordinationem
1681 3330 1958 3396 confederationis
1989 3332 2077 3396 inter
2108 3331 2333 3397 venerabilem
2360 3334 2463 3413 patrem

463 3437 636 3502 dominum
660 3436 817 3501 Ottonem
840 3435 1047 3501 Mindensem
1071 3436 1265 3519 episcopum
1293 3441 1326 3501 et
1349 3437 1523 3503 ecclesiam
1550 3457 1646 3502 suam
1674 3457 1713 3501 ex
1737 3457 1805 3502 una
1836 3440 1869 3501 et
1898 3437 2070 3502 dominum
2098 3439 2253 3502 nostrum
2275 3437 2464 3520 lothannem)

464 3545 582 3608 ducem
606 3563 644 3606 ex
668 3545 763 3624 parte
786 3541 890 3608 altera
921 3562 981 3626 per
1003 3561 1064 3608 nos
1088 3541 1209 3608 factam
1237 3544 1422 3608 secundmn
1450 3541 1590 3608 formam
1617 3543 1732 3626 placiti
1762 3544 1851 3608 inter
1881 3543 2004 3608 dictum
2035 3543 2231 3627 episcopum
2261 3546 2295 3609 et
2327 3563 2382 3608 nos
2402 3560 2463 3606 con·

464 3651 587 3715 dictam
615 3649 810 3714 consulibus
838 3653 872 3714 et
900 3647 1108 3712 universitati
1139 3649 1278 3714 civitatis
1306 3650 1489 3714 Mindensis
1516 3648 1646 3713 firmam
1677 3649 1883 3715 servabimus
1913 3652 1946 3714 et
1974 3649 2207 3715 inconvulsam
2238 3655 2273 3716 et
2299 3651 2345 3714 eis
2371 3651 2465 3713 contra

464 3775 579 3820 omnes
604 3775 644 3819 ex
666 3757 762 3837 parte
787 3754 911 3820 domini
934 3754 1040 3820 nostri
1069 3755 1162 3819 ducis
1190 3755 1393 3820 defensionis
1418 3758 1452 3820 et
1475 3755 1751 3838 propugnationis
1782 3755 1903 3820 auxilio
1934 3754 2077 3820 fideliler
2100 3755 2314 3836 assistemus,
2337 3755 2465 3818 volentes

466 3862 601 3928 eosdem
626 3880 686 3944 per
702 3880 858 3926 securum
881 3860 1055 3926 introitum
1078 3863 1110 3926 et
1134 3861 1258 3926 exitum
1283 3861 1450 3927 civitatum
1476 3865 1509 3926 et
1532 3862 1755 3927 munitionum
1779 3862 1899 3944 prefati
1923 3861 2047 3928 domini
2070 3862 2175 3926 nostri
2199 3863 2295 3928 ducis
2311 3863 2388 3926 sicul
2402 3859 2468 3923 alios

463 3972 596 4033 nostros
620 3968 707 4032 cives
732 3972 765 4032 et
789 3967 912 4032 amicos
936 3967 971 4031 in
994 3966 1148 4032 omnibus
1173 3968 1428 4033 necessitatibus
1452 3967 1521 4033 suis
1546 3968 1734 4050 diligentius
1762 3988 1967 4052 promovere.
2014 3968 2052 4032 ln
2075 3968 2171 4033 cuius
2194 3969 2242 4034 rei
2265 3967 2467 4035 testimonium

463 4074 616 4140 dedimus
632 4075 680 4139 eis
697 4093 836 4156 presens
853 4074 1013 4156 scriptum
1029 4073 1127 4156 sigilli
1145 4073 1247 4138 nostri
1264 4073 1447 4139 munimine
1462 4075 1667 4141 roboratum.
1701 4077 1822 4140 Datum
1837 4075 1950 4140 Minde
1966 4093 2054 4140 anno
2072 4075 2203 4141 Domini
2220 4071 2468 4148 Macctnxxss,

459 4181 516 4246 vl.
540 4181 709 4246 Kalendas
733 4180 829 4260 Maiy.

596 4284 652 4350 Or.
676 4289 719 4349 im
742 4283 815 4370 qu.
844 4284 947 4352 Sc-A.
971 4308 1011 4349 zn
1033 4285 1184 4364 Manates,
1215 4283 1327 4371 Depor.
1352 4286 1408 4351 der
1432 4285 1526 4351 Scan
1548 4286 1676 4351 Mindm
1699 4284 1758 4350 Nr.
1785 4285 1835 4353 14.
1881 4284 1984 4372 Sicqel
2004 4309 2063 4351 oon
2085 4287 2154 4352 ἅεηι
2176 4309 2235 4350 uon
2257 4288 2314 4352 dar
2341 4281 2468 4348 Urbana

675 4391 902 4478 psachnittenen
927 4390 1237 4477 Pcrqarnentatreifen
1261 4391 1311 4455 ab.
1359 4391 1527 4457 Hildnnar
1550 4393 1645 4457 beabat
1666 4393 1748 4457 noel
1771 4394 1826 4458 der
1853 4391 1933 4458 Ura.
1976 4391 2175 4473 Wrirdtaocr'n,
2213 4391 2304 4458 Socha.
2327 4392 2397 4478 apl.
2419 4383 2467 4461 ΧῙ,

678 4497 712 4563 S.
729 4497 771 4561 61
795 4519 854 4562 con
877 4497 1027 4584 Obnyen.
1078 4496 1173 4562 θεάν.
1203 4495 1310 4562 chtt'.
1334 4497 1595 4565 Proninziol-Bll.
1621 4497 1647 4577 I,
1672 4498 1749 4576 Heft
1761 4497 1794 4577 2,
1821 4498 1855 4564 S.
1873 4499 1925 4577 15,
1948 4501 2009 4585 uyl.
2033 4497 2216 4578 Hdblbonnn
2242 4497 2343 4562 Hanc.
2364 4490 2466 4568 unt

678 4603 712 4670 S.
737 4602 803 4669 428
833 4603 895 4667 Nr.
923 4601 987 4669 706
1016 4601 1097 4668 Note
1119 4602 1151 4683 3,
1191 4601 1264 4667 OB.
1300 4605 1355 4669 der
1385 4603 1479 4669 snut
1507 4603 1676 4670 Hannoner
1709 4603 1798 4688 (ΠΒ.
1828 4606 1881 4670 dea
1909 4606 1980 4670 bist.
2014 4603 2140 4671 Vereins
2167 4611 2225 4682 teir
2248 4602 2470 4671 Nr'cderaoclcm

678 4709 756 4794 Heft
783 4709 821 4789 V)
849 4710 884 4776 S.
907 4709 952 4774 33
975 4709 1053 4775 Nota
1077 4711 1106 4775 1.

743 4945 803 5019 ΚΖ.
832 4945 985 5037 Bnrlope
1012 4947 1169 5036 cnlcnst
1196 4949 1273 5020 dem
1300 4945 1359 5019 Kl.
1388 4838 1660 5021 Laeessnfffintter
1686 4950 1724 5021 in
1752 4949 1879 5022 Dcslel.
1934 4947 2040 5021 1272
2069 4949 2152 5020 Μαί
2178 4954 2208 5020 1.

570 5067 755 5150 Margareta
783 5066 844 5131 Dei
867 5066 976 5148 gracia
1008 5065 1167 5150 priorissa
1193 5069 1353 5150 totusque
1381 5069 1566 5133 conventus
1594 5066 1788 5133 ancillarum
1813 5067 1935 5132 Christi
1963 5066 1998 5131 in
2022 5065 2194 5152 (Burlage)
2222 5065 2385 5132 universis
2407 5079 2470 5144 pre·

460 5177 592 5240 sentem
614 5173 769 5257 paginam
792 5173 992 5257 inspecturis
1016 5176 1163 5238 eternam
1187 5173 1221 5237 in
1245 5173 1388 5239 Domino
1412 5173 1594 5240 caritatem.
1641 5174 1784 5256 Dignum
1808 5176 1860 5238 est
1883 5175 1916 5239 et
1939 5173 2059 5240 rationi
2083 5175 2357 5250 consentaneum,
2378 5171 2411 5233 ut
2429 5183 2468 5242 ea,

463 5301 530 5364 que
554 5281 715 5363 geruntur
737 5279 787 5363 (in
810 5279 987 5362 tempore),
1011 5299 1053 5345 ne
1077 5280 1233 5344 labantur
1256 5299 1331 5345 cum
1353 5282 1517 5363 tempore,
1541 5279 1672 5363 scriptis
1695 5283 1729 5345 et
1750 5280 1893 5345 testibus
1917 5282 2153 5364 perennentur.
2201 5279 2288 5344 Hinc
2312 5280 2371 5356 est,
2392 5269 2469 5356 quod

461 5385 507 5451 ad
531 5386 688 5451 noticiam
712 5387 781 5450 tam
803 5384 1011 5468 presentium
1027 5404 1127 5467 quam
1151 5385 1340 5451 futuromm
1363 5387 1516 5470 cupimus
1540 5387 1725 5470 pervenire,
1750 5388 1840 5470 quod
1856 5407 1917 5452 nos
1939 5390 2080 5470 propter
2101 5387 2329 5452 inevitabilem
2349 5377 2468 5448 ecclesie
