5062 6776
455 396 521 460 358
1449 410 1517 464 1278

453 626 531 672 cum
553 606 678 672 mansis
702 594 839 671 ecclesie
862 607 896 670 et
919 605 1063 690 capitulo
1088 605 1309 674 Sebilezsensi
1332 605 1445 670 multis
1470 604 1545 670 aliis
1567 605 1781 688 presentibus
1805 608 1837 671 et
1860 606 1935 690 ipso
1959 607 2107 688 capitulo
2129 609 2285 691 presente
2308 627 2384 673 cum
2408 613 2462 675 suis

455 713 611 778 omnibus
644 711 824 777 heredibus
859 712 963 777 libere
997 711 1185 795 resignavit.
1232 711 1284 776 Ne
1307 715 1420 780 autem
1443 712 1595 794 predicta
1617 711 1651 776 in
1675 715 1848 795 posterum
1873 713 1915 778 ab
1939 713 2106 796 aliquibus
2130 713 2251 779 invidis
2275 717 2333 780 aut
2357 717 2462 782 emvrlis

454 820 592 901 possent
630 817 842 901 aliquatenus
880 817 1015 898 irritari,
1054 818 1173 883 robore
1212 817 1316 884 nostri
1356 817 1452 902 sigilli
1492 816 1631 883 fecimus
1669 819 1814 884 solidari.
1873 821 1994 884 Datum
2029 818 2178 905 Minde4)
2217 839 2306 886 anno
2343 822 2462 888 Domini

454 923 705 990 M⁰.GC⁰.LXX⁰.
731 926 858 1006 octavu,
882 923 999 1006 quinto
1022 924 1190 990 Kalendas
1214 922 1367 1007 Augusti.

670 1048 692 1120 ¹)
711 1047 877 1100 Sobilazscbc
897 1047 929 1102 B.
967 1047 989 1114 ²)
1009 1046 1231 1100 Padelborncnsis
1250 1046 1282 1099 B.
1322 1047 1345 1117 ³)
1363 1046 1440 1102 fundi
1458 1045 1526 1098 AB.
1567 1047 1588 1116 ⁴)
1608 1047 1696 1100 llinde
1707 1047 1782 1116 selle
1800 1047 1832 1104 Il.

542 1191 546 1204 ·
588 1153 643 1221 Or.
667 1157 711 1218 im
737 1153 806 1239 Kyt.
833 1153 938 1218 St-A.
961 1175 1001 1217 zu
1025 1153 1172 1231 Mercator,
1207 1165 1245 1217 st.
1270 1153 1391 1216 Martia
1417 1156 1452 1218 io
1475 1153 1602 1218 Mindcn
1631 1150 1692 1218 Nr.
1715 1151 1769 1218 22.
1818 1151 2041 1240 Bescbo'dc'gtea
2071 1153 2174 1240 Siegel
2203 1179 2246 1220 an
2276 1155 2465 1243 Pergam

666 1259 794 1344 stouffen
815 1263 872 1324 wie
896 1258 1075 1344 Abbildung
1106 1256 1209 1342 Wesff.
1236 1257 1340 1344 Siegel
1365 1255 1457 1338 Tafcl
1481 1256 1553 1336 101,
1577 1257 1609 1336 2,
1634 1258 1710 1324 aber
1732 1263 1791 1324 mit
1812 1261 1881 1324 dem
1903 1258 2009 1326 Krcuz
2030 1261 2182 1325 zwaelen
2206 1262 2312 1328 beiden
2336 1261 2465 1348 Figuren

666 1367 738 1451 (vgl.
762 1366 880 1432 ederedo
902 1363 1023 1444 Heft3
1050 1363 1135 1429 dinc
1162 1363 1196 1430 S.
1221 1363 1322 1449 19f.),
1357 1368 1414 1430 rore
1438 1364 1622 1451 Abttdunp
1650 1365 1844 1444 lleinardua
1874 1365 2022 1432 flavour
2051 1365 2119 1432 ΠΒ.
2159 1364 2250 1450 Tasci
2272 1366 2317 1446 II,
2353 1394 2397 1433 on
2422 1372 2465 1434 der

667 1471 768 1536 ltreken
803 1470 885 1537 Seite
921 1472 1102 1556 besctddipt
1134 1471 1210 1554 (Ab
1245 1473 1310 1536 cine
1344 1474 1444 1536 zweite
1478 1470 1706 1556 Auefertiqung
1740 1469 1896 1536 Fir-stent.
1929 1473 2056 1537 Mindon
2090 1470 2151 1542 Nr.
2183 1473 2235 1553 48,
2273 1473 2377 1560 Soyet
2412 1500 2464 1539 com

667 1577 982 1664 Pevpommtatvevfen
1005 1577 1045 1641 ab
1070 1577 1137 1662 (B).
1184 1577 1246 1642 Dic
1273 1576 1352 1642 Urk.
1377 1577 1431 1641 dea
1457 1577 1549 1647 stim
1574 1575 1770 1642 Sclildcscbc
1792 1579 1851 1663 opt.
1877 1577 1952 1643 oben
1974 1577 2036 1645 Nr.
2062 1578 2158 1644 1090.

1407 1810 1519 1887 1130.

451 1937 599 2027 Bisclvof
628 1938 774 2030 Volquln
800 1961 865 2010 aon
894 1939 1042 2009 Minden
1068 1936 1243 2026 dbevtrc'tpt
1270 1939 1333 2008 dos
1351 1937 1539 2026 Eipcntum
1566 1938 1658 2010 eines
1686 1936 1756 2006 itm
1778 1940 2001 2028 restpoicvteo
2021 1939 2131 2027 Hoses
2154 1943 2192 2012 in
2211 1941 2464 2034 Hilterdinpsen

919 2045 995 2114 dem
1026 2043 1240 2132 Mortinstifl
1267 2043 1493 2120 c‘nMinden.
1551 2044 1699 2114 Mindon
1727 2041 1833 2117 1278
1858 2044 1936 2116 Jab·
1963 2048 2021 2120 30.

557 2181 595 2245 ln
612 2180 744 2246 nomine
761 2183 874 2245 sancte
899 2185 932 2244 et
954 2179 1125 2245 individue
1147 2179 1316 2244 trinitatis.
1357 2179 1476 2244 Amen.
1522 2180 1707 2262 Volquinus
1723 2179 1782 2244 Dei
1800 2181 1910 2262 gracia
1926 2181 2109 2246 Mindensis
2125 2183 2303 2266 episcopus
2320 2187 2463 2252 omnibus

450 2289 641 2371 presentem
663 2289 819 2371 paginam
842 2286 1041 2371 inspecturis
1066 2288 1230 2351 sinceram
1253 2287 1287 2350 in
1313 2285 1452 2352 Domino
1476 2285 1657 2350 caritatem.
1698 2285 1795 2364 Quod
1811 2287 1874 2351 rite
1893 2307 1931 2351 ac
1946 2287 2177 2353 ordinabiliter
2200 2289 2319 2373 agitur,
2344 2293 2463 2374 scriptis

450 2394 526 2459 ideo
551 2395 811 2475 commendatur,
848 2414 889 2458 ne
913 2394 1011 2476 lapsu
1033 2392 1197 2476 temporis
1220 2413 1280 2475 per
1304 2392 1506 2457 oblivionem
1530 2393 1663 2457 labilem
1686 2392 1843 2456 irritetur.
1881 2393 2044 2458 Noverint
2066 2394 2168 2477 igitur
2189 2398 2349 2476 universi,
2373 2400 2463 2482 quod,

451 2521 527 2565 cum
550 2499 689 2582 Widego
718 2499 918 2583 prepositus,
953 2499 1123 2563 Arnoldus
1159 2499 1306 2563 decanus
1341 2500 1517 2580 totumque
1541 2497 1723 2581 capitulum
1747 2498 1884 2564 ecclesie
1908 2498 2012 2564 sancti
2036 2501 2171 2566 Martini
2195 2503 2339 2568 civitatis
2364 2509 2464 2568 nostre

450 2606 633 2672 Mindensis
668 2606 710 2670 ab
734 2607 888 2670 hostibus
914 2609 947 2670 et
970 2604 1180 2670 invasoribus
1205 2605 1343 2670 ecclesie
1368 2607 1481 2669 nostre
1504 2606 1617 2686 gravia
1647 2625 1726 2688 sepe
1750 2606 1906 2688 dampna,
1941 2607 2113 2671 molestias
2136 2625 2175 2672 ac
2199 2608 2340 2674 iniurias
2365 2611 2463 2674 multi-

449 2712 554 2795 plices
577 2712 808 2794 pertulissent,
832 2731 893 2778 nos
917 2731 1029 2776 eorum
1055 2711 1211 2793 dampnis
1235 2713 1267 2774 et
1289 2710 1410 2775 iniurie
1434 2711 1676 2792 compatientes
1699 2713 1926 2794 oportunitate
1950 2713 2086 2778 tandem
2108 2713 2223 2778 habita
2246 2715 2314 2798 ipsi
2330 2717 2463 2798 capitulo

449 2819 574 2902 aliquid
598 2818 713 2885 solacii
737 2819 927 2883 curavimus
951 2818 1116 2882 exhibere.
1165 2817 1299 2882 Curiam
1323 2818 1412 2881 enim
1435 2817 1471 2882 in
1494 2816 1864 2899 Hildewardinghusen,
1900 2838 2001 2901 quam
2024 2819 2206 2884 Wemerus
2230 2823 2265 2886 et
2288 2822 2464 2905 Volquinus

355 2973 367 2990 .
449 2925 526 2990 laici
549 2926 582 2990 et
605 2924 800 2990 Fredericus
836 2925 974 2989 clericus
1006 2924 1124 2988 tratres
1153 2923 1233 2989 dicti
1258 2923 1298 2987 de
1323 2923 1425 2988 Hasle
1450 2943 1469 2988 a
1493 2923 1588 2988 nobis
1612 2923 1724 2988 etalii
1748 2924 1986 3006 quamplures
2010 2925 2084 2990 laici
2109 2927 2275 2990 anostm's
2299 2930 2463 3010 predeces-

449 3032 581 3096 soribus
605 3031 678 3095 iure
700 3030 821 3095 feodali
843 3033 895 3094 tot
920 3032 1017 3094 annis
1042 3034 1074 3095 et
1098 3033 1166 3096 tam
1189 3031 1289 3113 longo
1313 3033 1476 3112 tempore,
1502 3049 1521 3093 a
1545 3049 1612 3111 quo
1636 3049 1705 3094 non
1729 3030 1881 3095 exstabat
1904 3031 2074 3110 memoria,
2097 3034 2286 3114 tenuerant,
2317 3038 2350 3098 et
2374 3054 2463 3118 quam

449 3137 588 3202 ecclesia
624 3141 739 3202 nostra
768 3156 836 3199 non
866 3136 1064 3218 possederat
1093 3135 1207 3200 multis
1230 3135 1339 3209 annis,
1375 3136 1498 3201 nostris
1522 3136 1556 3200 in
1581 3135 1736 3200 manibus
1760 3135 1863 3202 libere
1888 3137 2098 3218 resignarunt
2122 3157 2288 3204 unacum
2313 3159 2374 3204 sua
2396 3160 2462 3222 pro

448 3245 600 3328 prietate,
624 3263 755 3308 necnon
780 3245 812 3306 et
835 3242 931 3325 agris
955 3243 1071 3324 pratis,
1096 3241 1188 3307 silvis
1211 3245 1244 3306 et
1267 3242 1401 3324 pascuis
1425 3245 1458 3306 et
1481 3242 1572 3306 omni
1588 3242 1670 3306 iuris
1687 3243 1897 3324 plenitudine
1914 3244 1955 3308 de
1972 3243 2161 3309 coniventia
2172 3244 2198 3327 ¹)
2215 3245 2321 3310 nostri
2338 3245 2462 3330 capituli

446 3350 586 3433 prelatis
610 3349 791 3433 preposito,
816 3349 943 3414 decano
966 3350 1000 3413 et
1023 3349 1170 3431 capitulo
1194 3348 1302 3414 sancti
1325 3348 1459 3413 Martini
1485 3347 1686 3413 contulimus
1709 3349 1743 3412 in
1768 3351 1966 3432 perpetuum
1992 3349 2240 3431 possidendam.
2289 3352 2340 3416 Ne
2360 3357 2463 3417 tamen

448 3477 489 3522 ex
511 3456 704 3522 huiusmodi
727 3453 903 3520 collatione
928 3459 1043 3519 nostra
1066 3455 1233 3520 lederetur
1256 3453 1405 3535 ecclesia,
1444 3455 1661 3535 quadraginta
1696 3454 1846 3538 quinque
1875 3474 1985 3521 marce
2008 3454 2199 3520 Bremensis
2223 3459 2351 3540 argenti
2375 3458 2464 3523 nobis

447 3583 467 3627 a
490 3563 578 3628 dicto
603 3561 748 3644 capitulo
772 3561 878 3625 sancti
901 3561 1033 3626 Martini
1069 3562 1146 3626 date
1170 3581 1209 3626 ac
1230 3562 1423 3645 presentate
1447 3559 1591 3634 fuerunt,
1627 3559 1750 3643 quein
1776 3580 1857 3625 usus
1881 3563 1994 3626 nostre
2018 3561 2155 3627 ecclesie
2178 3562 2279 3628 utiles
2303 3567 2335 3628 et
2359 3583 2463 3629 neces-

447 3669 552 3733 sarios
587 3670 666 3732 sunt
700 3687 867 3732 converse.
915 3667 1057 3749 Insuper
1092 3671 1228 3732 centum
1253 3686 1361 3731 marce
1385 3685 1446 3749 per
1470 3667 1606 3731 modum
1630 3665 1811 3750 emptionis
1835 3667 2065 3732 venditoribus
2089 3667 2166 3733 date
2190 3672 2279 3750 sunt,
2316 3671 2373 3752 qui
2395 3691 2463 3754 pre-
2528 3721 2529 3758 ,

446 3775 549 3839 fatam
586 3774 712 3838 curiam
747 3773 966 3856 resignarunt.
1021 3773 1115 3838 Sicut
1148 3794 1226 3856 ergo
1261 3771 1390 3854 prefata
1426 3771 1526 3852 curia,
1563 3772 1643 3837 dum
1674 3793 1693 3836 a
1724 3771 1814 3836 laicis
1850 3773 2094 3856 possidebatur,
2129 3776 2172 3840 ab
2196 3795 2298 3840 onere
2323 3776 2464 3859 quolibet
2528 3759 2529 3840 ζ

447 3881 619 3946 advocatie
654 3880 715 3946 luit
750 3880 866 3959 libera,
902 3879 949 3943 sic
981 3899 1054 3944 eam
1082 3879 1220 3945 liberam
1243 3899 1379 3944 manere
1404 3878 1614 3943 decernimus
1638 3881 1672 3943 et
1696 3879 1737 3942 ab
1762 3879 1852 3944 omni
1876 3881 2047 3946 exactione
2070 3900 2207 3962 prorsus
2229 3881 2411 3946 immunem
2432 3883 2463 3946 in

445 3989 658 4070 perpetumn,
695 3986 773 4050 dum
799 4005 819 4048 a
842 3985 970 4049 clericis
993 3985 1192 4069 possidetur.
1240 3986 1285 4050 Ut
1308 3987 1419 4050 autem
1444 3987 1519 4049 acta
1541 3985 1712 4066 presentia
1735 3985 1770 4049 in
1793 3985 1903 4067 vigore
1928 3985 2039 4051 debite
2062 3986 2228 4051 firmitatis
2252 3991 2463 4072 permaneant

445 4093 573 4157 illibata
596 4112 657 4156 nec
681 4091 820 4156 anobis
844 4094 902 4156 aut
925 4092 968 4157 ab
991 4091 1102 4174 aliquo
1126 4111 1355 4157 successorum
1379 4093 1571 4156 nostrorum
1594 4090 1727 4155 valeant
1748 4091 1922 4168 infirmari,
1945 4112 2083 4174 presens
2107 4093 2269 4176 scriptum
2291 4095 2371 4159 inde
2393 4114 2464 4160 con-

447 4199 570 4263 fectum
607 4198 703 4282 sigilli
739 4198 843 4262 nostri
877 4197 1061 4262 munimine
1096 4197 1303 4262 roboramus.
1351 4197 1546 4280 Prepositus
1579 4198 1679 4262 etiam
1710 4198 1801 4280 Otto,
1837 4198 2026 4264 Gerbardus
2060 4199 2207 4265 decanus
2230 4204 2265 4264 et
2289 4201 2465 4285 capitulum

413 4304 585 4369 'ecclesie
620 4307 732 4370 nostre
770 4305 892 4369 dictam
926 4304 1099 4369 ecclesiam
1134 4303 1239 4368 sancti
1271 4303 1404 4368 Martini
1440 4307 1611 4386 tamquam
1647 4306 1754 4370 mater
1780 4302 1882 4369 filiam
1906 4305 2079 4388 diligentes
2102 4309 2136 4370 ct
2159 4305 2310 4370 eiusdem
2335 4305 2464 4372 ecclesie

445 4412 593 4477 favorem
629 4413 834 4477 contractum
867 4410 1058 4476 huiusmodi
1092 4413 1222 4494 gratum
1243 4409 1413 4494 babentes
1444 4411 1476 4474 et
1507 4411 1616 4475 ratum
1643 4411 1755 4492 ipsum
1779 4411 1939 4494 scripturn
1964 4411 2119 4476 similiter
2142 4412 2351 4495 appensione
2375 4411 2464 4494 sigilli

445 4517 550 4582 nostri
587 4519 722 4601 capituli
757 4516 986 4583 firmaverunt.
1033 4516 1142 4581 Huius
1173 4516 1221 4580 rei
1248 4519 1351 4580 testes
1380 4518 1472 4580 sunt:
1509 4515 1683 4581 Conradus
1710 4516 1902 4598 prepositus
1939 4517 2045 4582 sancti
2074 4515 2248 4599 Jobannis,
2284 4520 2463 4602 Volquinus

445 4624 652 4702 scolasticus
688 4623 786 4690 Anno
811 4626 935 4703 cantor,
971 4623 1141 4688 Jordanus
1163 4623 1364 4704 cellerarius,
1401 4623 1538 4687 ecclesie
1568 4623 1682 4686 nostre
1715 4623 1882 4700 canonici3
1916 4624 2105 4690 Richardus
2129 4626 2265 4708 Vulpes,
2300 4627 2463 4690 lohannes

446 4729 664 4810 Camerarius,
699 4729 872 4795 Johannes
906 4731 947 4796 de
977 4729 1170 4810 Bardeleve,
1205 4729 1343 4810 milites3
1378 4728 1544 4794 Henricus
1576 4728 1793 4809 Monetarius,
1829 4729 1994 4796 Henricus
2019 4729 2159 4814 Sprunc,
2194 4731 2400 4796 Borcbardus
2422 4730 2463 4793 de

443 4835 641 4915 Nienborch,
665 4837 848 4918 burgenses
871 4839 983 4902 nostre
1010 4837 1166 4916 civitatis,
1190 4835 1294 4900 etalii
1310 4855 1411 4918 quam
1427 4836 1552 4918 plures.
1592 4835 1714 4900 Datum
1730 4835 1842 4901 Minde
1858 4855 1946 4902 anno
1963 4836 2098 4901 Domini
2113 4835 2464 4912 interimunt,

440 4940 516 5006 111⁰.
540 4943 709 5007 Kalendas
733 4943 886 5026 Augusti,
910 4943 1092 5009 indictione
1116 4945 1218 5007 sexta.

661 5066 682 5135 ¹)
702 5067 871 5119 conniventia
890 5065 921 5118 B.

582 5169 635 5236 Or.
660 5175 704 5236 im
727 5170 801 5257 Kpl.
828 5170 933 5238 Sc-A.
958 5195 997 5235 zu
1019 5172 1169 5250 divinator,
1194 5182 1230 5236 et.
1254 5172 1376 5236 Martia
1399 5173 1433 5234 in
1456 5170 1583 5236 Mindon
1606 5168 1667 5235 Nr.
1690 5169 1736 5234 23
1760 5170 1819 5255 (A)
1842 5173 1908 5236 und
1929 5169 2087 5236 Frtvulent.
2104 5173 2233 5237 Mindon
2257 5170 2316 5237 Nr.
2333 5169 2373 5235 49
2393 5169 2460 5254 (Β).

657 5277 709 5341 An
734 5277 840 5342 beiden
866 5276 968 5364 Siepcl
989 5279 1055 5342 und
1077 5276 1320 5362 Beteatigunpen
1342 5299 1399 5342 von
1422 5278 1478 5342 der
1505 5274 1584 5343 Uri.
1608 5278 1755 5342 verteren-
1802 5275 1917 5363 Regem
1950 5275 2054 5363 Weats.
2081 5277 2338 5342 Prooiazinl-Bll.
2362 5273 2400 5352 ΙΙ,
2425 5275 2458 5350 l,

658 5383 693 5448 S.
716 5383 759 5446 54
790 5381 851 5446 Nr.
876 5381 950 5450 110.
