5086 6768
1445 459 1513 516 1290

670 655 841 722 Benedicti
864 655 996 721 abbatis
1022 655 1117 736 1290,
1142 653 1209 717 ano
1230 652 1323 716 Md'ra
1341 651 1395 732 20,
1419 677 1445 718 c.
1465 650 1659 738 Hodenberp‚
1684 650 1789 740 Hoyer
1817 650 1886 717 UB.
1911 649 1999 716 Abila.
2025 649 2112 731 VIII,
2139 650 2173 720 S.
2189 651 2234 716 83
2256 650 2316 718 Nr.
2335 651 2392 718 109
2412 669 2453 738 (ec

670 761 797 826 Janncr
820 760 885 846 11).
939 757 1089 823 Wilmono
1118 761 1230 822 nimmt
1255 758 1322 822 dier
1349 757 1455 824 keten
1478 757 1655 844 Datebrnng
1678 780 1721 821 on
1747 757 1813 822 und
1838 769 1914 822 secet
1935 758 1985 822 die
2012 754 2163 822 Urknnde
2184 761 2220 821 in
2241 758 2300 822 dae
2321 758 2351 824 J.
2375 758 2452 836 1291,

670 867 748 931 naci
772 867 827 932 der
849 864 925 930 oben
946 865 1171 931 ceraeiclrneten
1193 865 1252 930 nol
1272 863 1365 928 kanna
1386 866 1445 927 mit
1467 861 1568 927 necne

1413 1042 1527 1120 1433.

456 1175 557 1264 Grof
587 1173 726 1246 Jononn
761 1194 826 1244 oon
858 1171 981 1244 Roden
1014 1177 1170 1242 ernenert
1202 1171 1265 1240 mil
1291 1165 1440 1255 Biscltof
1469 1167 1611 1258 Volqnc‘n
1644 1189 1709 1239 oon
1737 1167 1886 1239 Minden
1918 1167 1984 1238 den
2016 1188 2082 1238 non
2116 1169 2245 1240 seinem
2280 1169 2380 1240 Voter
2407 1175 2455 1241 nit

457 1279 606 1369 Bisclrof
633 1279 771 1352 Jononn
799 1277 1054 1368 gesctloseenen
1092 1276 1239 1365 Vertrnp
1269 1273 1456 1364 betrcffend
1489 1273 1624 1344 Scldoss
1657 1273 1728 1344 nnd
1760 1274 1861 1345 Sion
1901 1272 2090 1361 Wnnrlors.
2150 1275 2208 1345 Im
2243 1275 2454 1364 &disticte

1114 1381 1235 1452 Polcst
1260 1403 1304 1451 en
1333 1379 1482 1450 Minden
1510 1377 1613 1450 1290
1639 1377 1745 1470 April
1773 1383 1827 1450 10.

565 1504 604 1567 In
626 1501 759 1568 nornine
775 1501 908 1565 Domini
931 1519 1038 1564 amen.
1078 1499 1146 1582 Ego
1162 1497 1333 1562 iohannes
1350 1498 1409 1563 Dei
1434 1497 1543 1579 gracia
1565 1516 1677 1562 comes
1701 1497 1742 1562 de
1759 1498 1870 1563 Rothe
1893 1495 2029 1578 cupiens
2053 1497 2305 1580 progenitorum
2327 1517 2455 1564 meorum

459 1612 560 1693 prout
583 1610 679 1674 decet
702 1610 736 1672 et
758 1605 890 1690 expedit
913 1605 1052 1688 vestigia
1067 1603 1199 1680 imitari,
1224 1602 1509 1687 compositionem,
1526 1601 1710 1668 amiciciam
1726 1622 1786 1667 seu
1802 1601 2046 1666 ordinationem
2061 1601 2182 1666 factam
2197 1602 2286 1667 inter
2301 1604 2457 1670 Ludolium

459 1717 588 1798 patrem
623 1732 735 1778 meum
761 1712 864 1778 felicis
893 1711 1130 1776 recordationis
1158 1709 1328 1793 quondam
1356 1707 1511 1773 comitem
1538 1709 1580 1773 de
1608 1707 1718 1772 Rothe
1746 1728 1787 1772 ex
1814 1709 1909 1789 parte
1938 1726 2006 1773 una
2033 1709 2067 1772 et
2096 1707 2323 1773 venerabilem
2347 1713 2457 1790 patrem

460 1823 644 1888 iohannem
672 1819 840 1902 quondam
869 1818 1063 1901 episcopum
1090 1816 1298 1881 Mindensem
1326 1834 1367 1879 ex
1394 1815 1507 1896 altera,
1539 1833 1613 1878 cum
1642 1814 1825 1879 reverendo
1854 1816 1949 1895 patre
1972 1813 2140 1895 Volquino
2163 1812 2225 1878 Dei
2253 1815 2458 1896 gracianum

460 1929 619 2009 episcopo
641 1925 807 1991 Mindensi
837 1925 1020 1988 secundum
1049 1941 1181 1988 omnem
1211 1921 1347 1986 modum
1371 1923 1404 1984 et
1426 1922 1567 1984 formam
1591 1921 1657 1984 huc
1679 1937 1786 2001 usque
1809 1919 1959 1984 habitam
1982 1919 2024 1983 de
2047 1919 2149 1982 verbo
2173 1921 2216 1984 ad
2239 1921 2375 1985 verbum
2395 1921 2458 1986 duxi

459 2033 685 2099 innovandam
717 2032 752 2096 et
785 2032 949 2112 perpetuo
978 2027 1211 2094 inviolabiliter
1239 2027 1490 2091 observandam.
1544 2025 1664 2089 Forma
1692 2029 1804 2090 autem
1831 2024 2094 2107 compositionis,
2128 2025 2276 2090 amicicie
2304 2045 2361 2090 seu
2387 2027 2459 2090 ordi·

430 2211 433 2218 ,
460 2139 606 2203 nationis
628 2137 703 2202 talis
727 2139 790 2200 est:
824 2134 918 2220 (folqc
940 2134 990 2197 die
1018 2131 1168 2197 Urinnde
1189 2155 1247 2196 oon
1271 2128 1356 2195 1247
1380 2128 1554 2195 November
1576 2127 1630 2207 29,
1656 2128 1727 2194 oben
1749 2127 1811 2191 Nr.
1834 2128 1924 2214 475).
1971 2130 2073 2195 Facta
2095 2133 2146 2196 est
2168 2131 2231 2196 hec
2253 2132 2459 2198 innovatioiu

461 2247 559 2311 domo
583 2243 732 2326 episcopi
755 2241 940 2306 Mindensis
964 2239 1051 2304 11110.
1076 2241 1167 2304 Ydus
1190 2239 1315 2322 Aprilis
1340 2256 1428 2302 auno
1451 2236 1584 2301 Domini
1606 2235 1792 2301 M⁰CC⁰XC.

597 2347 652 2412 Or.
675 2352 719 2410 im
742 2345 816 2431 1192.
845 2345 949 2412 sc-A.
974 2367 1013 2408 en
1035 2345 1185 2421 Minime,
1209 2342 1364 2406 Feiretent.
1391 2343 1518 2406 Minden
1541 2338 1602 2405 Nr.
1625 2338 1679 2404 61.
1728 2339 1831 2425 Sieqel
1851 2339 1940 2405 nebat
1961 2340 2165 2426 Befeatigtmp
2187 2343 2333 2407 verloren.
2380 2341 2458 2406 cece.

680 2451 876 2529 Wrirdcnne'n,
905 2450 997 2515 Suos.
1022 2451 1096 2534 cept.
1121 2449 1181 2529 XI,
1208 2447 1242 2513 S.
1270 2448 1344 2512 125.
1394 2447 1505 2533 Reqeot
1527 2448 1603 2513 Mac.
1630 2445 1673 2525 II,
1699 2446 1799 2525 189a,
1823 2445 1883 2512 Nr.
1908 2445 1983 2512 727.

1418 2629 1531 2704 1434.

460 2761 672 2852 Donepropst
701 2759 775 2831 Otto
803 2779 867 2829 oon
894 2758 1044 2828 Mindon
1071 2757 1143 2827 tait
1169 2756 1246 2828 den
1273 2757 1388 2828 Rider
1414 2755 1600 2826 nonnoni
1626 2754 1858 2828 Rnnescotele
1884 2756 1955 2843 mil,
1984 2755 2067 2826 coss
2094 2777 2132 2825 cr
2157 2753 2236 2825 kein
2254 2753 2361 2826 neon
2385 2753 2460 2839 nu,

459 2868 518 2938 ibn
559 2867 619 2937 neit
659 2865 721 2936 der
759 2864 836 2935 den
871 2859 924 2936 ic.
962 2863 1081 2933 Laide
1113 2863 1294 2952 petingen
1315 2860 1472 3038 1121310βέ
1472 2861 1550 3056 ἐξ
1573 2860 1734 3036 Ῑξθίιηίεη
1766 2862 1804 2932 in
1838 2860 1995 2932 Minder
2028 2883 2072 2930 no
2105 2859 2272 2934 onnon.
2335 2859 2461 2930 Mindon
2522 2859 2523 2862 ’

566 3090 645 3155 Otto
668 3088 728 3153 Dei
751 3086 861 3170 gracia
883 3086 1065 3152 Mindensis
1088 3085 1225 3150 ecclesie
1248 3085 1447 3167 prepositus,
1470 3085 1566 3148 heres
1591 3086 1624 3148 et
1639 3083 1741 3147 irater
1756 3081 1940 3147 Burchardi
1964 3081 2092 3147 comitis
2113 3081 2148 3146 in
2164 3083 2315 3167 Welepa,
2339 3084 2459 3148 honesto

459 3195 554 3260 militi
581 3195 772 3259 Everhardo
801 3193 890 3257 dicto
918 3191 1153 3256 Rumescotele
1182 3191 1324 3256 salutem
1352 3210 1427 3254 cum
1456 3188 1642 3254 dilectionis
1673 3189 1803 3254 affectu.
1855 3187 2010 3252 Firmiter
2037 3188 2072 3250 in
2102 3188 2264 3253 memorie
2292 3190 2461 3256 retinemus,

460 3302 562 3384 quod,
587 3320 661 3364 cum
677 3319 734 3363 vos
752 3298 884 3363 anobis
900 3299 1076 3380 petebatis,
1101 3300 1138 3361 ut
1153 3297 1289 3362 feodum
1310 3296 1404 3361 vohis
1421 3295 1571 3360 conferre
1587 3295 1811 3378 dignaremur,
1835 3295 1925 3376 quod
1940 3295 1982 3358 de
1998 3294 2071 3358 iure
2087 3294 2258 3376 porrigere
2274 3295 2460 3369 deberemus,
2522 3285 2523 3336 l

459 3407 494 3471 id
523 3405 670 3486 fecimus,
702 3405 790 3487 quod
819 3405 855 3468 in
884 3423 1003 3486 genere
1026 3401 1201 3485 petivistis.
1248 3404 1314 3466 Vos
1338 3405 1451 3466 autem
1474 3420 1549 3465 cum
1573 3401 1745 3464 nominare
1774 3400 1828 3464 vel
1851 3399 2045 3482 specificare
2074 3399 2253 3480 deberetis,
2286 3400 2364 3482 quid
2385 3398 2461 3461 vobis
2522 3375 2523 3466 l

459 3513 496 3578 in
525 3511 622 3576 feodo
651 3512 840 3592 porrectum
869 3511 967 3587 esset,
1002 3508 1165 3573 decimam
1196 3508 1265 3572 sive
1289 3507 1501 3572 medietatem
1526 3507 1651 3572 decime
1675 3507 1710 3570 in
1733 3507 1904 3586 Mundere,
1939 3525 2040 3587 quam
2063 3505 2248 3571 claustrum
2273 3524 2415 3570 sororum
2435 3503 2461 3566 iu
2522 3573 2523 3578 .

461 3617 600 3682 Lodhen
630 3616 688 3680 diu
717 3615 915 3698 possederat
946 3617 979 3678 et
1005 3613 1167 3695 possidet,
1203 3613 1260 3677 ubi
1284 3613 1383 3677 etiam
1407 3615 1552 3677 vestram
1577 3613 1710 3677 locastis
1733 3611 1846 3692 tiliam,
1882 3611 2104 3693 expressistis,
2137 3630 2238 3692 quam
2262 3611 2416 3677 decimam
2436 3609 2462 3671 ic

460 3722 559 3788 feodo
583 3722 751 3804 porrigere
776 3720 869 3786 nulla
891 3719 1062 3803 potuimus
1087 3720 1231 3798 racione,
1262 3718 1343 3801 quic
1366 3717 1519 3783 dominus
1543 3717 1741 3783 Godeiridus
1766 3717 1807 3782 de
1830 3717 2023 3799 Tysenosen
2047 3720 2078 3780 et
2102 3736 2186 3781 uxor
2208 3717 2293 3800 eius,
2318 3717 2372 3798 qui
2393 3717 2464 3778 hanc

462 3848 481 3892 a
508 3828 608 3892 fratre
636 3831 751 3892 nostro
780 3826 899 3891 comite
921 3826 1117 3890 Burchardo
1148 3827 1334 3904 tenuerant,
1369 3825 1432 3887 hoc
1455 3828 1532 3888 ante
1556 3825 1683 3888 dudum
1706 3823 1895 3903 effecerant,
1931 3824 2021 3904 quod
2044 3821 2146 3887 irater
2168 3826 2286 3888 noster
2309 3841 2411 3886 comes
2432 3819 2464 3882 de

461 3936 574 3999 nostro
604 3952 770 3997 consensu
798 3937 832 3997 et
860 3931 971 3996 fratris
1001 3933 1104 3997 nostri
1136 3929 1317 4014 ..prepositi
1340 3929 1530 3994 Bremensis
1559 3930 1669 4011 ipsam
1692 3929 1854 3994 decimam
1876 3929 1912 3993 in
1936 3929 2135 3992 conventum
2159 3947 2314 3994 sororum
2337 3927 2464 3991 antedic-

461 4042 571 4104 tarum
593 4040 810 4103 transtulerat
833 4039 1097 4120 approbantibus
1123 4040 1156 4100 et
1179 4036 1449 4101 confirmantibus
1473 4036 1535 4100 lroc
1558 4034 1682 4123 facturn
1704 4035 1812 4117 primo
1837 4033 1971 4098 domino
1989 4034 2111 4098 Ottone
2132 4034 2294 4115 episcopo
2311 4028 2464 4103 Mindensi,

459 4145 675 4229 postmodum
699 4146 820 4210 domno
841 4144 880 4227 (!)
904 4143 1088 4225 Vclcquino
1114 4143 1185 4206 eius
1209 4161 1401 4206 successore
1424 4144 1457 4206 et
1480 4141 1624 4224 capitulo
1639 4141 1814 4218 Mindensi,
1839 4141 1925 4204 sicut
1943 4158 2057 4203 eorum
2074 4138 2180 4220 sigilla
2198 4158 2276 4202 cum
2292 4137 2464 4220 patentibus
2522 4201 2523 4236 1

461 4250 581 4315 litteris
608 4252 842 4334 protestantur.
896 4249 992 4326 Quod
1019 4249 1118 4330 igitur
1146 4248 1188 4311 de
1217 4248 1287 4312 iure
1314 4246 1421 4311 iacere
1450 4267 1516 4311 non
1543 4247 1712 4329 potuimus
1739 4248 1835 4327 iuste,
1871 4267 1932 4311 nos
1963 4248 2100 4328 urgente
2130 4243 2262 4308 iusticia
2290 4258 2465 4308 revocamus
2522 4239 2523 4334 l

462 4356 587 4420 nullam
622 4355 719 4419 nobis
756 4358 946 4438 prestantes
976 4354 1178 4418 warandiam
1209 4353 1334 4417 decime
1364 4355 1556 4434 memorate,
1591 4356 1754 4435 quantum
1785 4353 1828 4417 ad
1857 4355 1987 4435 partem
2018 4352 2119 4432 illam,
2155 4370 2222 4433 que
2253 4369 2274 4412 a
2307 4343 2464 4430 sepedictis

462 4462 631 4526 sororibus
662 4462 862 4543 possidetur,
895 4461 995 4524 nichil
1027 4458 1140 4542 itaque
1170 4460 1253 4524 iuris
1283 4479 1343 4522 vos
1376 4461 1409 4522 et
1438 4459 1577 4522 heredes
1607 4458 1709 4522 vestri
1741 4458 1805 4523 sibi
1828 4458 2004 4522 vendicare
2027 4457 2187 4539 poterunt
2209 4456 2247 4519 in
2271 4455 2393 4520 eadem.
2434 4449 2464 4512 Et

461 4568 525 4630 lroc
559 4567 711 4632 omnibus
747 4565 818 4629 lieri
854 4567 1004 4648 cupimus
1039 4566 1250 4630 manifestum
1285 4564 1444 4644 volentes,
1480 4567 1517 4627 ut
1551 4564 1615 4626 hoc
1649 4564 1809 4644 seriptum
1844 4563 1886 4627 ab
1922 4563 2049 4627 eisdem
2080 4561 2252 4626 sororibus
2285 4559 2464 4624 reservetur.
2522 4587 2523 4624 l

462 4674 585 4737 Datum
609 4674 698 4755 apud
721 4672 869 4736 Mindam
894 4691 982 4735 anuo
1007 4672 1137 4736 Domini
1162 4670 1300 4735 M⁰.cc⁰.
1325 4669 1548 4752 nonagesimo,
1572 4669 1672 4733 XVII.
1696 4667 1863 4733 Kalendas
1886 4667 1972 4733 Maii.

595 4776 763 4856 Absclrrift
791 4777 845 4839 dec
870 4773 921 4838 13.
944 4774 1058 4838 Jalnlz.
1090 4777 1125 4838 in
1148 4774 1224 4838 Meo.
1254 4771 1326 4850 VII,
1359 4771 1453 4851 1326,
1476 4773 1537 4856 fol.
1564 4771 1628 4836 119
1656 4777 1699 4835 ine
1721 4771 1794 4857 qu.
1821 4771 1925 4838 Sc-A.
1955 4795 1994 4835 en
2019 4772 2168 4836 Meineter.
2216 4769 2402 4856 Dornpropst
2421 4785 2465 4826 eon

677 4881 810 4945 Bremen
832 4885 872 4944 e'et
896 4881 1063 4944 Bernhard
1084 4903 1142 4944 von
1173 4878 1279 4965 Wdlpe.
1333 4876 1399 4962 Vpl.
1425 4879 1574 4942 accidie
1597 4878 1739 4962 folgende
1762 4875 1821 4940 Nr.

1416 5056 1527 5134 1435.

462 5189 673 5280 Donepropst
707 5189 779 5260 ono
810 5210 874 5259 non
907 5188 1057 5258 Mindon
1090 5187 1260 5275 detondet,
1300 5185 1376 5255 bein
1411 5183 1517 5258 nent
1556 5185 1645 5257 doen
1678 5209 1719 5256 eu
1751 5184 1867 5272 baben,
1909 5184 1965 5254 die
1997 5205 2060 5254 con
2091 5184 2219 5254 seinem
2250 5177 2461 5252 verslorbenn

460 5296 613 5383 Bender,
643 5295 719 5365 den
750 5293 883 5382 Grosen
912 5293 1099 5364 Bnrclecrd
1125 5313 1188 5364 con
1224 5291 1350 5382 Wdlpe,
1387 5293 1462 5362 olene
1488 5285 1622 5364 Ktcsler
1649 5291 1770 5362 Lotide
1803 5290 2006 5379 ncerqecene
2033 5287 2156 5377 Hune
2183 5287 2243 5358 des
2271 5287 2411 5358 Zelnlen
2435 5280 2464 5346 in
2522 5303 2523 5390 i

396 5415 399 5422 '
931 5399 1085 5469 Minder
1111 5421 1153 5470 en
1180 5398 1278 5470 Lelen
1305 5421 1347 5468 en
1372 5398 1483 5488 geben.
1541 5397 1576 5468 O.
1606 5397 1641 5467 J.
1671 5395 1784 5488 (1290
1812 5395 1917 5486 April
1944 5397 2018 5486 15).
