5062 6776
431 429 497 494 354
1421 439 1489 494 1278

536 638 722 721 Volquinus
745 638 806 704 Dei
830 636 942 721 gracia
965 637 1149 702 Mindensis
1178 637 1315 704 ecclesie
1340 637 1517 720 episcopus
1541 638 1697 703 omnibus
1730 639 1792 702 hoc
1822 637 1983 721 scriptum
2012 639 2132 706 visuris
2161 643 2279 706 notum
2309 642 2447 724 iacimus,

429 747 521 828 quod
545 765 604 812 nos
629 765 648 809 a
672 745 800 810 dilectis
827 745 861 809 in
891 744 1025 809 Christo
1053 743 1200 827 capitulo
1231 745 1346 808 nostro
1370 743 1534 808 Mindensi
1566 744 1752 827 recepimus
1775 747 1891 811 mutuo
1922 746 2083 812 ducentas
2114 765 2243 812 marcas
2268 747 2446 814 Bremensis

429 853 556 934 argenti
580 853 613 916 et
637 850 786 916 redditus
815 853 946 917 nostros
975 851 1114 934 singulis
1143 851 1239 916 annis
1263 850 1361 915 nobis
1390 849 1568 915 solvendos
1596 871 1617 915 a
1639 849 1846 916 villicacione
1869 851 2015 934 wigravii
2039 852 2137 919 titulo
2159 853 2310 936 pignoris
2333 853 2446 920 eisdem

428 958 649 1042 obligavimus
672 957 839 1023 tollendos
863 976 952 1021 anno
977 957 1141 1040 quolibet,
1175 957 1283 1021 donec
1305 959 1431 1020 sortem
1460 975 1556 1020 suam
1580 957 1653 1022 sine
1680 957 1905 1022 diminucione
1936 959 2100 1041 recipiant
2122 960 2164 1024 ab
2188 960 2335 1042 eisdem,
2362 962 2447 1026 durn-

428 1067 528 1130 modo
563 1068 676 1129 tamen
711 1064 891 1130 Rabodoni
926 1065 967 1128 de
995 1063 1128 1129 Olleten
1165 1063 1288 1128 famulo
1323 1063 1440 1128 decem
1472 1064 1506 1127 et
1540 1082 1660 1127 novem
1695 1083 1820 1145 marce,
1849 1083 1915 1146 que
1945 1065 2010 1147 ipsi
2039 1065 2074 1130 in
2109 1067 2227 1132 eadem
2255 1066 2448 1134 villicacione

428 1171 594 1252 assignate
617 1173 706 1250 sunt,
731 1170 773 1234 de
795 1170 986 1236 memoratis
1010 1170 1194 1235 redditibus
1222 1170 1465 1252 persolvantur,
1495 1171 1528 1233 et
1560 1171 1672 1252 preter
1696 1169 1862 1235 festivales
1885 1171 2045 1252 redditus,
2070 1191 2156 1254 quos
2180 1173 2280 1238 nobis
2306 1174 2448 1238 duumus

431 1278 664 1342 reservandos.
711 1276 747 1341 Si
770 1295 850 1340 vero
873 1275 1057 1360 predictam
1081 1275 1320 1341 villicacionem
1343 1295 1404 1358 per
1426 1277 1581 1357 mortem,
1605 1276 1880 1359 resignacionem,
1903 1277 2204 1360 permutacionem,
2228 1278 2449 1346 vendicionem

427 1383 480 1449 vel
504 1403 565 1467 per
587 1402 832 1466 quemcumque
856 1402 970 1448 casum
994 1382 1036 1446 ad
1060 1402 1179 1447 manus
1203 1385 1335 1448 nostras
1352 1401 1371 1445 a
1387 1382 1554 1464 Wigravio
1578 1382 1783 1464 contingeret
1802 1382 1970 1462 devenire,
1994 1383 2150 1449 nolumus
2173 1385 2347 1469 predictos
2369 1387 2448 1469 capi-

427 1489 535 1554 tulum
560 1492 712 1554 nostrum
734 1489 770 1552 in
793 1508 854 1553 suo
878 1489 1067 1554 defraudari
1090 1492 1206 1554 mutuo
1235 1491 1269 1554 et
1292 1488 1454 1569 obsequio
1478 1487 1577 1553 nobis
1601 1489 1699 1570 facto,
1729 1489 1789 1552 sed
1812 1489 2035 1571 promittimus
2064 1491 2200 1571 eisdem,
2234 1493 2338 1574 quod,
2361 1493 2449 1557 sisic

428 1596 628 1679 disponente
651 1595 795 1658 Domino
819 1595 975 1674 eveniret,
1004 1595 1234 1678 possessiones
1263 1595 1392 1676 aliquas
1421 1595 1491 1659 sive
1521 1596 1611 1660 bona
1643 1596 1685 1659 de
1718 1598 1904 1660 memorata
1932 1596 2139 1662 villicacione
2168 1599 2369 1663 deberemus
2389 1603 2449 1662 tam

428 1701 486 1768 diu
508 1702 655 1784 obligare
680 1701 815 1780 eisdem,
841 1702 947 1767 donec
970 1702 1094 1766 sortem
1118 1720 1213 1765 suam
1238 1702 1280 1765 de
1302 1700 1460 1782 predictis
1484 1701 1757 1784 possessionibus
1789 1706 1823 1767 et
1846 1702 1944 1768 bonis
1966 1703 2122 1769 tollerent
2145 1724 2221 1769 cum
2247 1705 2400 1788 dampnis
2421 1709 2449 1770 et

426 1808 589 1873 interesse
612 1808 818 1890 integraliter
841 1809 914 1872 sine
936 1807 1061 1872 fraude.
1109 1806 1325 1890 Exigentibus
1349 1807 1453 1871 eciam
1483 1810 1518 1871 et
1546 1808 1739 1890 petentibus
1771 1826 1791 1871 a
1819 1809 1918 1874 nobis
1948 1809 2125 1894 sepedictis
2156 1811 2307 1893 capitulo
2336 1814 2448 1890 nostro,

429 1917 466 1980 ut
490 1914 596 1997 ipsius
620 1916 654 1978 et
676 1917 789 1978 nostre
812 1914 1049 1996 indempnitati
1072 1913 1302 1978 consuleretur
1331 1913 1479 1994 ecclesie,
1509 1911 1576 1977 fide
1605 1914 1682 1979 data
1709 1913 1923 1997 promisimus
1951 1916 2093 1997 eisdem,
2121 1918 2212 1999 quod
2241 1921 2449 1982 memoratam

430 2020 674 2086 villicacionem
697 2020 790 2086 nullo
818 2021 918 2086 modo
946 2020 1092 2084 alienare
1123 2020 1293 2100 debemus,
1327 2039 1538 2102 quocumque
1568 2020 1703 2084 nomine
1733 2019 1895 2088 alienacio
1924 2023 2054 2086 censeri
2084 2023 2214 2104 debeat,
2247 2043 2449 2106 quacumque

427 2129 626 2193 necessitate
658 2128 773 2209 coacti,
809 2130 846 2192 ut
861 2128 912 2193 ad
935 2147 1015 2192 usus
1047 2126 1246 2210 episcopalis
1276 2147 1391 2191 mense
1420 2127 1448 2190 si
1479 2146 1554 2191 eam
1576 2145 1694 2190 vacare
1718 2126 1888 2209 contingat
1915 2128 2032 2193 eadem
2062 2128 2223 2194 villicacio
2261 2134 2447 2194 reservetur.

427 2234 658 2299 Promittendo
681 2233 820 2316 insuper
842 2233 1002 2298 adicimus
1027 2233 1236 2315 supradictis,
1261 2233 1351 2315 quod
1376 2232 1537 2297 decimam
1563 2233 1598 2296 in
1618 2232 1764 2298 Govelde
1789 2252 1987 2315 recuperare
2002 2234 2053 2306 ,ab
2076 2234 2159 2317 ipsis
2183 2254 2255 2300 non
2280 2254 2448 2318 possumus

427 2343 461 2407 et
483 2340 666 2405 transferre
689 2341 732 2404 ad
755 2360 874 2405 manus
899 2341 980 2404 alias
1003 2340 1171 2422 pendente
1196 2340 1368 2405 contractu
1391 2339 1498 2404 mutui
1527 2338 1736 2422 supradicto,
1759 2337 1868 2421 ipsam
1897 2341 2010 2405 tamen
2039 2341 2082 2406 ad
2111 2345 2264 2406 nostram
2287 2343 2449 2425 episcopa·

428 2447 492 2511 lem
527 2466 677 2513 mensam
713 2447 877 2511 redimere
911 2465 1109 2530 possumuS,
1145 2445 1281 2528 quando
1309 2444 1429 2527 placet.
1488 2447 1610 2510 Datum
1640 2444 1721 2509 seria
1748 2449 1869 2528 quarta
1899 2449 1975 2529 post
2003 2445 2173 2512 invocavit
2203 2467 2299 2511 anno
2329 2449 2448 2512 Domini

428 2551 641 2616 M⁰.CC.LXX
665 2555 792 2616 octavo.

562 2657 693 2722 Atcclr.
728 2659 781 2721 dea
812 2655 862 2720 14.
886 2655 1001 2719 Jahrb.
1037 2661 1071 2720 io
1099 2656 1175 2719 Mac.
1208 2653 1278 2734 VII,
1307 2654 1394 2718 2401
1430 2653 1464 2720 S.
1487 2652 1532 2718 67
1559 2659 1603 2719 im
1631 2654 1704 2740 th.
1730 2655 1833 2720 ›St-A.
1865 2679 1904 2720 zu
1934 2657 2082 2723 Miinatcr.
2130 2658 2224 2724 Gedr.
2260 2657 2448 2735 Worctaain,

642 2762 736 2828 Saba.
760 2764 836 2850 dapl.
861 2761 925 2846 XI,
951 2763 984 2829 S.
1010 2762 1063 2827 84.
1087 2762 1201 2848 cheat
1224 2763 1300 2826 Mac.
1325 2759 1370 2840 II,
1396 2760 1497 2841 189a,
1521 2760 1582 2828 No.
1606 2759 1681 2828 928.

1388 2978 1496 3055 1120.

429 3108 576 3196 Bisclrol
610 3107 755 3198 lotqom
788 3128 851 3176 ooo
888 3105 1036 3177 Mindon
1077 3106 1251 3197 chorram
1284 3105 1360 3176 dem
1394 3106 1463 3177 att
1489 3107 1672 3178 Hermann
1706 3106 1779 3178 ond
1814 3107 1891 3178 olem
1918 3104 2089 3178 Kooveotc
2122 3129 2187 3178 ooo
2214 3108 2368 3180 Leccam
2393 3107 2448 3178 dos

428 3215 613 3305 Elpeotum
642 3215 701 3284 des
729 3213 879 3283 Zebotm
906 3235 949 3283 ao
969 3211 1177 3302 Warthere,
1205 3213 1272 3284 deo
1300 3213 1364 3284 dos
1384 3213 1522 3284 Kloster
1548 3235 1623 3284 vom
1642 3211 1860 3303 Domlmpitel
1884 3213 2027 3302 pekoott
2052 3213 2119 3302 bot,
2148 3213 2221 3284 aad
2248 3217 2348 3286 einer
2366 3214 2450 3300 Halo

427 3321 585 3410 doselbst,
614 3320 670 3390 dio
698 3320 754 3390 (iic
782 3319 892 3390 Soloe
919 3319 979 3390 des
1006 3319 1194 3390 Bmclrord
1221 3320 1350 3391 Bosclco
1383 3342 1447 3390 ooo
1475 3319 1546 3390 itm
1580 3343 1622 3390 m
1650 3319 1748 3390 Lelm
1775 3325 1903 3410 tropeo.
1959 3321 2110 3392 Mmdco
2136 3318 2244 3391 1278
2277 3321 2382 3392 Mora
2408 3325 2450 3394 11.

561 3435 653 3501 Naclt
676 3438 744 3502 dan
772 3436 825 3501 Or.
849 3441 893 3500 int
916 3437 1034 3499 Archiv
1057 3437 1110 3500 des
1133 3435 1183 3502 Kl.
1209 3435 1346 3500 Leccam
1378 3437 1465 3521 podo.
1496 3461 1522 3500 o.
1552 3435 1748 3522 Hodenbcrg,
1780 3435 1985 3522 Colonberqcr
2018 3434 2086 3499 UB.
2110 3436 2205 3502 Abtb.
2235 3435 2302 3516 III,
2333 3437 2366 3502 S.
2392 3435 2450 3500 237

642 3541 700 3608 Nr.
724 3539 800 3606 366.
853 3541 964 3627 Wepen
986 3543 1160 3607 Werthere
1183 3543 1242 3627 opt.
1268 3543 1344 3607 oben
1366 3541 1427 3611 Nr.
1455 3539 1549 3609 1095.

1395 3759 1495 3836 1121.

426 3889 537 3980 Popst
567 3888 733 3959 Nilooloos
761 3887 839 3963 ΙΙΙ.
867 3893 1008 3958 erocum
1036 3887 1102 3957 deo
1128 3883 1288 3958 Klerilcer
1306 3885 1455 3976 lotdreio
1481 3907 1545 3955 oon
1574 3886 1723 3957 Miodm
1750 3909 1827 3956 auor
1848 3887 1967 3956 Notor.
2024 3886 2114 3958 Rom
2143 3884 2247 3958 1278
2278 3887 2385 3958 Mtirz
2402 3887 2450 3958 12.

561 4004 656 4071 Gedr.
680 4003 791 4082 mate,
818 4002 889 4067 PU,
921 4002 1025 4083 Wcstf.
1053 4003 1087 4068 S.
1110 4001 1178 4066 338
1201 4002 1261 4066 Nr.
1288 4000 1361 4066 710.

1390 4219 1493 4296 1122.

426 4351 577 4441 Bisolaof
604 4349 752 4421 Komod
780 4371 840 4420 von
863 4347 1059 4420 oscorum
1086 4349 1243 4438 hostatici
1271 4347 1336 4418 dos
1363 4346 1472 4417 dorcic
1500 4346 1557 4417 die
1584 4368 1647 4416 om
1675 4345 1745 4416 itm
1763 4343 2013 4437 Beooftropten
2036 4345 2177 4436 pefc'tllte
2203 4347 2315 4419 Urteit
2342 4349 2378 4416 io
2396 4345 2451 4414 der

428 4459 537 4531 Socim
577 4459 638 4529 des
673 4455 893 4527 aromloabtm
926 4454 1108 4542 Autoteles
1143 4455 1202 4526 dos
1235 4452 1551 4527 Potroootsreclotcr
1585 4453 1649 4524 der
1680 4450 1809 4523 Kircte
1841 4454 1880 4523 m
1907 4452 2113 4524 Ricscnbeclc
2154 4453 2263 4524 dorclr
2297 4453 2363 4524 dos
2396 4449 2449 4522 nl.

1024 4562 1263 4633 Gravenhorst.
1321 4557 1517 4631 Osoobm'tclc
1545 4561 1645 4631 1278
1677 4557 1781 4629 Mdm
1807 4557 1868 4629 24.

536 4681 711 4746 Conradus
727 4681 788 4745 Dei
809 4679 919 4764 gracia
936 4679 1204 4762 osnaburgensis
1228 4679 1404 4762 episcopus
1429 4677 1560 4743 dilectis
1583 4677 1618 4741 in
1642 4677 1774 4742 Christo
1799 4677 1966 4742 abbatisse
1982 4678 2110 4761 totique
2133 4677 2313 4743 conventui
2337 4675 2450 4742 sancti-

427 4788 620 4854 monialium
644 4787 680 4851 in
704 4787 930 4851 Gravenhorst
954 4784 1190 4868 Cysterciensis
1214 4785 1340 4851 ordinis
1364 4785 1478 4848 nostre
1503 4783 1654 4867 dyocesis
1677 4782 1819 4848 salutem
1841 4783 1876 4847 in
1901 4783 2043 4848 Domino
2067 4783 2316 4868 sempiternam.
2363 4782 2449 4846 Cele-

429 4894 526 4959 brato
557 4893 728 4976 quondam
757 4911 777 4956 a
807 4891 902 4956 vobis
931 4893 1101 4956 contractu
1136 4911 1274 4974 prorsus
1303 4890 1417 4955 illicito
1441 4889 1597 4955 videlicet
1630 4889 1664 4952 in
1699 4891 1868 4972 emptione
1902 4889 1983 4954 iun's
2012 4892 2209 4972 patronatus
2243 4889 2380 4954 ecclesie
2413 4887 2449 4949 de

428 4999 618 5066 Risenbeke
653 5019 713 5062 vos
743 5018 763 5063 a
791 4998 888 5062 nobis
923 4999 1070 5062 salutare
1106 4996 1246 5062 duxistis
1282 4996 1455 5061 consilium
1490 4995 1739 5078 requirendum.
1798 4995 1981 5078 Cupientes
2015 4995 2130 5080 itaque
2164 5000 2234 5061 tam
2268 4997 2448 5061 vestrarum

428 5107 615 5173 animarum
639 5106 739 5170 saluti
755 5125 857 5186 quam
882 5104 980 5168 etiam
1003 5103 1240 5186 indempnitati
1263 5102 1363 5168 vestri
1379 5101 1572 5167 monasterii
1596 5104 1785 5168 contractus
1806 5101 1911 5166 illiciti
1935 5100 2171 5168 rectificatione
2193 5121 2256 5166 seu
2270 5100 2449 5165 irritatione

428 5212 602 5277 consulere
626 5211 776 5277 discretis
806 5211 885 5276 viris
915 5210 1084 5293 preposito
1115 5208 1309 5276 monasterii
1337 5209 1378 5274 de
1403 5210 1529 5273 Levere
1560 5209 1712 5292 dyocesis
1735 5208 1919 5274 Mindensis
1947 5211 1980 5272 et
2007 5208 2108 5292 priori
2135 5207 2275 5274 fratrum
2300 5205 2447 5272 Predica-

429 5321 540 5384 torum
565 5318 600 5382 in
622 5318 736 5382 Minda
759 5317 822 5381 sub
846 5319 936 5381 certa
960 5316 1129 5382 literarum
1153 5316 1260 5382 forma
1283 5315 1371 5381 circa
1386 5316 1558 5398 negocium
1583 5314 1771 5379 huiusmodi
1796 5314 2023 5379 commisimus
2038 5313 2186 5379 totaliter
2208 5313 2296 5378 vices
2314 5315 2446 5376 nostras.

427 5424 550 5491 Coram
572 5425 696 5506 quibus
731 5443 801 5503 vos,
830 5443 850 5486 o
879 5422 1014 5487 domina
1045 5422 1232 5504 abbatissa,
1268 5422 1399 5487 duabus
1430 5421 1587 5486 comitata
1617 5420 1818 5486 monialibus
1854 5422 1896 5486 de
1923 5422 2033 5486 vestro
2061 5419 2281 5500 monasterio,
2317 5438 2391 5484 cum
2416 5413 2447 5477 in
