5086 6768
446 369 511 434 462
1440 383 1505 438 1291

1401 579 1513 658 1458.

450 709 618 800 Edeivopt
648 708 810 781 Gertard
842 729 917 779 vom
944 707 1058 796 Berge
1090 705 1246 779 cerbidd
1274 707 1340 778 dea
1368 708 1528 797 Scinipen
1561 708 1660 780 einen
1692 707 1758 780 aas
1785 708 1846 780 Kl.
1876 708 2356 801 montemmaranum
2388 713 2462 803 Wep

619 815 691 886 aad
718 813 855 904 tradedit,
882 835 951 884 nur
978 813 1043 886 deo
1070 813 1161 884 adea
1196 813 1282 902 ch
1308 811 1418 884 durch
1445 812 1698 908 Bodendorpe
1724 835 1768 886 aa
1795 813 1963 886 benaiam
2018 815 2114 890 1291
2141 815 2223 888 Mai
2249 819 2312 888 23.

554 932 746 998 Gerhardus
770 931 830 997 Dei
857 931 968 1014 gracia
995 930 1176 996 advocatus
1205 931 1247 996 de
1270 931 1384 996 Monte
1414 931 1577 996 universis
1606 930 1730 996 Christi
1761 930 1916 997 fidelibus
1939 935 2129 1016 presentem
2152 934 2318 998 cartulam
2340 935 2461 1018 inspec-

444 1039 530 1104 turis
552 1039 606 1104 vel
628 1037 790 1104 audituris
814 1038 954 1102 eandem
978 1036 1120 1102 salutem
1143 1035 1178 1100 in
1201 1036 1350 1101 omniurn
1374 1035 1521 1102 salutari.
1569 1037 1654 1114 Quia
1677 1037 1771 1119 pium
1794 1040 1846 1103 est
1868 1037 2002 1103 Christo
2026 1039 2241 1106 servientium
2265 1039 2461 1122 gravamina,

445 1145 639 1210 vexationes
672 1147 705 1210 et
733 1143 901 1208 molestias
925 1142 1082 1223 relevare,
1114 1161 1175 1207 nos
1198 1142 1255 1225 pia
1278 1141 1541 1208 consideratione
1564 1142 1708 1225 permoti
1731 1145 1773 1208 de
1796 1142 2039 1226 inquietudine,
2070 1163 2171 1227 quam
2195 1145 2319 1210 devote
2343 1165 2460 1212 sorores

445 1250 482 1316 in
506 1250 637 1315 Lothen
666 1267 706 1314 ex
734 1269 773 1313 eo
801 1247 978 1328 sustinent,
1008 1247 1099 1329 quod
1127 1265 1243 1312 currus
1271 1250 1304 1311 et
1331 1249 1460 1331 equites
1484 1249 1645 1314 eteniam
1675 1268 1790 1314 omnes
1818 1249 1948 1333 pedites
1971 1269 2033 1332 per
2056 1269 2170 1316 earum
2193 1271 2292 1334 agros
2317 1254 2352 1316 et
2375 1257 2462 1335 prata

445 1359 656 1421 transeuntes
685 1354 828 1418 maxime
851 1354 944 1419 iuxta
967 1353 1075 1435 ripam
1099 1353 1226 1418 Wisere
1250 1355 1284 1418 et
1307 1355 1427 1430 curias,
1457 1354 1557 1437 que1)
1585 1354 1741 1420 dicuntur
1763 1355 1905 1436 Mersch,
1932 1355 2023 1440 ipsas
2047 1355 2287 1440 dampnificant
2312 1358 2462 1422 eteniam

445 1461 643 1544 inquietant,
672 1462 826 1526 volumus
850 1463 883 1525 et
906 1459 1109 1532 ordinamus,
1138 1461 1175 1523 ut
1198 1479 1313 1523 omnes
1336 1459 1489 1525 homines
1513 1460 1609 1525 nobis
1633 1461 1813 1526 attinentes
1837 1481 1897 1544 per
1920 1463 2104 1545 antiquam,
2134 1463 2267 1528 solitam
2292 1469 2328 1528 et
2351 1465 2464 1546 regiam

446 1569 535 1632 viam
558 1567 685 1634 scilicet
707 1587 768 1650 per
789 1566 1013 1646 Bodendorpe
1037 1567 1154 1630 euntes
1178 1567 1212 1628 et
1235 1565 1413 1630 redeuntes
1437 1565 1594 1631 incedant
1619 1569 1652 1630 et
1674 1565 1775 1632 aliam
1797 1567 1885 1631 viam
1908 1567 1944 1632 in
1968 1587 2120 1632 sororum
2144 1569 2375 1651 predictarum
2397 1589 2464 1652 pre·

445 1672 605 1739 iudicium
630 1673 756 1738 nullam
776 1675 926 1754 querant.
966 1671 1140 1735 Monemus
1163 1671 1263 1754 igitur
1285 1674 1318 1735 et
1341 1690 1496 1754 rogamus
1520 1673 1647 1736 attente
1671 1671 1838 1755 quoslibet
1853 1674 1961 1737 Deum
1982 1673 2149 1753 timentes
2173 1675 2336 1757 quatinus
2360 1676 2464 1739 eterne

444 1778 606 1844 mercedis
633 1779 755 1844 intuitu
782 1778 953 1861 pacienter
981 1779 1178 1857 sustineant,
1208 1797 1338 1842 sorores
1361 1780 1496 1843 easdem
1524 1779 1573 1841 uti
1603 1777 1705 1842 libere
1728 1777 1832 1862 gratia
1855 1778 1919 1842 sibi
1942 1779 2030 1844 data.
2077 1780 2199 1845 Datum
2223 1799 2316 1846 anno
2340 1779 2463 1844 Domini

446 1883 585 1949 M⁰.CC⁰.
609 1885 823 1966 nonagesimo
846 1883 965 1967 primo,
989 1883 1071 1947 feria
1094 1886 1214 1966 quarta
1236 1886 1313 1966 post
1337 1883 1537 1950 dominicam
1560 1883 1711 1950 Cantate.

579 2076 634 2141 Or.
666 1987 857 2141 imoriiililliiv
887 2077 940 2142 dea
969 2076 1022 2141 Kl.
1047 2076 1192 2140 Laecam.
1238 2078 1293 2141 Aa
1323 2075 1638 2162 Pergamenutreifeo
1667 2075 1872 2163 becchd'dc‘ptea
1902 2076 2005 2164 Sinape!
2036 2081 2090 2144 dea
2112 2080 2313 2145 Amatae.
2361 2079 2464 2164 Repeat

671 2179 774 2260 Weatf.
800 2182 1028 2247 Preciana-Bit.
1054 2182 1099 2262 II,
1124 2182 1155 2261 4,
1181 2183 1215 2248 S.
1239 2180 1285 2245 62
1307 2181 1368 2250 Nr.
1394 2181 1470 2249 138.
1516 2181 1670 2248 maniat
1689 2207 1716 2246 a.
1741 2179 1938 2272 Hodenberp,
1965 2183 2169 2270 Calenberqer
2197 2184 2264 2252 ΠΒ.
2292 2185 2389 2251 Aba.
2407 2181 2463 2260 ΙΙΙ,

662 2287 696 2354 S.
719 2287 786 2354 298
808 2287 868 2354 Nr.
893 2287 956 2354 474
981 2287 1068 2356 Note.
1122 2286 1190 2372 Vpl.
1215 2291 1296 2352 auch
1318 2290 1368 2354 die
1384 2289 1531 2374 folpende
1554 2286 1616 2354 Nr.

1396 2468 1512 2546 1459.

446 2597 597 2685 Bischof
630 2596 775 2688 Volqain
807 2619 872 2667 von
905 2595 1054 2667 Mindon
1087 2595 1238 2684 eotferot
1270 2597 1368 2667 einen
1399 2597 1475 2668 dem
1503 2593 1564 2669 Kl.
1591 2595 1714 2667 Lotide
1747 2595 1964 2668 sanatam
1998 2596 2083 2686 Wea
2116 2597 2189 2667 aad
2214 2596 2357 2686 deflebit,
2391 2596 2465 2666 dass

568 2702 685 2792 fortan
712 2726 779 2774 aar
806 2703 870 2774 der
898 2703 964 2774 alte
1000 2703 1085 2791 Weq
1112 2701 1221 2773 dorcic
1248 2700 1500 2794 Bodendorpe
1527 2724 1571 2773 aa
1598 2701 1758 2774 beawaeo
1786 2704 1844 2775 sci.
1900 2701 2050 2773 Miaden
2078 2699 2177 2776 1291
2208 2702 2291 2774 Mai
2319 2707 2380 2776 25.

551 2821 737 2903 Volquinus
754 2820 814 2885 Dei
837 2820 945 2904 gracia
961 2819 1144 2886 Mindensis
1169 2821 1345 2902 episcopus
1369 2821 1534 2885 universis
1551 2820 1675 2886 Christi
1698 2820 1855 2885 fidelibus
1878 2823 2069 2902 presentem
2092 2820 2253 2886 cartulam
2268 2819 2463 2906 inspecturis

443 2926 497 2992 vel
521 2926 682 2992 audituris
706 2927 847 2991 eandem
872 2928 1014 2992 salutem
1037 2926 1071 2990 in
1094 2925 1242 2991 omnium
1267 2926 1413 2990 salutari.
1454 2927 1542 3004 Quia
1564 2928 1657 3010 pium
1682 2928 1734 2991 est
1750 2924 1882 2990 Christo
1907 2925 2121 2990 servientium
2144 2925 2348 3009 gravamina,
2373 2945 2464 2991 vexa·

444 3035 552 3097 tiones
576 3035 608 3098 et
632 3031 800 3098 molestias
824 3031 983 3110 relevare,
1006 3051 1069 3096 nos
1092 3035 1231 3116 paterna
1255 3031 1539 3112 consid(eratione
1562 3034 1721 3116 per)moti
1745 3034 1786 3098 de
1810 3032 2052 3115 inquietudine,
2076 3051 2178 3114 quam
2203 3033 2323 3098 devote
2340 3053 2462 3099 sorores

444 3139 479 3203 in
501 3139 631 3204 Lothen
654 3157 694 3202 ex
719 3157 758 3203 eo
781 3137 956 3218 sustinent,
980 3139 1070 3220 quod
1092 3137 1147 3201 via
1170 3137 1314 3220 quedam
1336 3137 1428 3202 iuxta
1452 3137 1558 3221 ripam
1574 3137 1703 3203 Wisere
1726 3141 1758 3202 et
1780 3138 1873 3204 iuxta
1888 3137 2020 3202 Mersch
2042 3138 2209 3204 transiens
2232 3139 2382 3222 dampna
2404 3155 2463 3202 nou

444 3244 575 3310 modica
595 3243 695 3308 infert
716 3243 773 3324 eia,
797 3243 904 3327 ipsam
928 3243 1065 3306 omnino
1088 3243 1312 3307 destruximus
1334 3244 1387 3308 vel
1410 3243 1536 3308 destrui
1559 3243 1698 3308 fecimus
1721 3245 1881 3326 volenteS,
1904 3247 1941 3308 ut
1957 3263 2017 3327 per
2033 3245 2122 3309 viam
2138 3243 2323 3326 antiquam,
2341 3243 2464 3309 solitam
2534 3245 2535 3252 ’

446 3355 479 3416 et
506 3350 640 3432 regiam,
669 3349 792 3413 scilicet
820 3369 881 3433 per
903 3348 1126 3431 Bodendorpe
1153 3351 1222 3414 tam
1251 3349 1380 3431 equites
1411 3367 1512 3431 quam
1540 3348 1668 3432 pedites
1692 3352 1809 3414 euntes
1840 3351 1872 3414 et
1896 3349 2074 3416 redeuntes
2097 3350 2265 3432 incedant,
2298 3350 2387 3415 sicut
2408 3347 2464 3412 tuit

446 3455 631 3537 antiquitus
663 3455 887 3534 observatum,
923 3473 984 3519 nec
1014 3453 1078 3519 atia
1106 3456 1161 3520 ria
1183 3473 1245 3536 per
1269 3456 1398 3520 Lothen
1422 3458 1591 3536 queratur,
1627 3475 1693 3538 que
1716 3456 1812 3520 dictis
1836 3455 2005 3522 sororibus
2029 3457 2073 3520 sit
2095 3455 2247 3520 molesta.
2295 3457 2463 3522 Mouemus

444 3561 547 3644 igitur
570 3565 602 3626 et
626 3581 780 3644 rogamus
804 3563 929 3624 attente
950 3559 1117 3642 quoslibet
1133 3561 1238 3624 Deum
1255 3561 1424 3642 timentes,
1449 3562 1606 3643 quatinus
1630 3563 1745 3627 eterne
1761 3562 1924 3626 mercedis
1939 3563 2064 3628 intuitu
2081 3561 2254 3645 pacienter
2268 3563 2462 3638 sustineant,

447 3686 578 3732 sorores
603 3667 736 3732 easdem
760 3667 808 3732 uti
837 3666 940 3732 libere
968 3667 1076 3749 gracia
1100 3667 1164 3730 sibi
1191 3667 1287 3732 facta.
1334 3667 1457 3732 Datum
1481 3667 1593 3731 Minde
1616 3687 1704 3731 anno
1729 3668 1862 3734 Domini
1886 3667 2025 3732 M⁰.CG⁰.
2051 3669 2266 3750 nonagesimo
2290 3667 2409 3750 primo,
2432 3667 2463 3728 in

447 3773 501 3839 die
524 3775 631 3838 sancti
656 3773 783 3838 Urbani
807 3792 893 3856 pape
917 3775 949 3837 et
972 3772 1127 3837 martiris

584 3876 637 3942 Or.
669 3882 712 3942 im
734 3878 856 3941 Archiv
883 3877 936 3942 dea
962 3875 1015 3939 Kl.
1039 3875 1172 3940 Locenot
1201 3879 1258 3939 mit
1285 3877 1453 3940 varietatem
1483 3876 1586 3961 Sr'eqel
1612 3878 1666 3942 dea
1696 3877 1840 3956 Baedosa
1872 3901 1913 3942 an
1945 3877 2266 3963 Pergamentatreisen.
2312 3877 2463 3942 Erwdiat

659 4008 685 4048 o.
709 3981 904 4068 Hodenberp,
931 3981 1132 4068 Calncberper
1161 3981 1228 4047 UB.
1253 3981 1350 4049 Abit.
1376 3979 1438 4060 ΙΙΙ,
1465 3981 1499 4048 S.
1522 3981 1590 4046 298
1612 3980 1672 4047 Nr.
1698 3981 1762 4047 474
1788 3981 1876 4052 Note.
1929 3982 1996 4068 Vqt.
2022 3983 2072 4049 dte
2094 3985 2235 4069 cochem.
2260 3981 2325 4047 Nr.

1407 4161 1521 4239 1460.

447 4289 609 4363 Geriard
636 4290 708 4360 aad
738 4290 811 4361 Otto
842 4288 977 4376 Grosea
1004 4311 1068 4359 oon
1096 4289 1198 4380 Hopo
1227 4295 1429 4377 nntcracpen
1456 4289 1522 4359 den
1551 4289 1695 4378 Idripea
1727 4289 1782 4359 die
1809 4289 2012 4380 Bonnam
2044 4289 2136 4360 eines
2167 4288 2231 4359 das
2263 4285 2319 4363 Kt.
2349 4285 2464 4360 lodda

449 4395 776 4485 benachteiiipcnden
820 4395 941 4484 Wepes
982 4395 1053 4466 aad
1091 4395 1241 4483 pebieten
1281 4395 1413 4572 ihxnp}
1435 4417 1524 4571 effi
1544 4395 1610 4572 d3eln
1650 4395 1740 4466 niteo
1781 4393 1890 4468 daret
1924 4394 2176 4488 Bodendorpe
2215 4415 2259 4464 aa
2299 4394 2463 4466 bennam.

583 4615 636 4682 Or.
660 4622 704 4681 im
727 4617 846 4680 Archiv
873 4617 925 4681 dea
949 4615 1002 4682 ΙΙΙ.
1028 4616 1171 4681 Loccum.
1218 4617 1273 4680 An
1296 4560 1611 4701 Perpernam-strafort
1634 4619 1709 4681 awai
1729 4619 1829 4702 wenip
1854 4615 2046 4702 besctadiqo
2071 4614 2182 4701 Siepel.
2228 4615 2291 4681 Die
2320 4613 2463 4679 Urlrande

659 4727 774 4786 stim-mc
800 4723 935 4786 wdrtlich
964 4727 1021 4786 mit
1047 4723 1103 4787 der
1132 4724 1185 4787 dea
1208 4721 1388 4806 Edelcoptea
1410 4719 1559 4786 Gerbo-cd
1580 4719 1640 4789 Nr.
1668 4719 1754 4786 1458
1777 4726 1897 4788 acerem
1930 4721 1978 4786 tn's
2002 4721 2063 4806 aar*
2081 4723 2140 4787 den
2162 4722 2296 4808 Ansanp
2319 4722 2388 4784 omi
2408 4721 2462 4781 dna

659 4827 795 4891 Datum:
818 4830 853 4894 in
876 4832 961 4895 festo
986 4829 1166 4895 Petronille
1190 4829 1336 4913 virginis.

1399 4991 1509 5070 1461.

444 5118 547 5207 Graf
561 5119 635 5190 Otto
661 5138 724 5188 oon
745 5116 963 5206 Ravennam
983 5115 1144 5188 detondet
1173 5140 1231 5188 vor
1258 5118 1324 5190 dea
1344 5115 1608 5208 Bnrpmdonern
1633 5139 1696 5188 oon
1715 5115 1934 5206 Rcvcnaberp
1952 5115 2019 5187 den
2044 5115 2206 5204 Verkoaf
2216 5117 2310 5188 circes
2329 5117 2460 5187 Hooses

693 5223 742 5293 im
770 5223 969 5314 Kirchspiel
996 5223 1140 5311 Greffco
1167 5246 1214 5295 on
1242 5224 1306 5294 dos
1333 5220 1387 5299 Ki.
1415 5223 1642 5311 Morienfeid.
1697 5221 1915 5313 Raocnsberp
1943 5220 2042 5294 1291
2070 5223 2160 5294 Jont
2187 5226 2218 5292 6.

578 5340 672 5406 Gedr.
700 5340 850 5405 Zeitsclrr.
876 5337 937 5420 IX,
964 5338 997 5406 S.
1020 5338 1088 5403 313
1144 5339 1256 5424 Reqeat
1283 5338 1390 5420 Weatf.
1419 5337 1450 5403 U
1453 5339 1490 5404 B.
1515 5335 1577 5418 ΙΙΙ,
1604 5337 1638 5406 S.
1664 5337 1731 5403 742
1752 5335 1812 5407 Nr.
1840 5337 1935 5404 1426.
1982 5335 2105 5424 Greffen
2127 5341 2171 5402 im
2186 5337 2245 5401 Kr.
2269 5332 2455 5418 Wareadorj.
