5058 6792
1434 409 1501 464 1267

1423 606 1507 684 877.

450 735 521 806 Die
549 733 682 822 Grofen
710 755 773 803 noh
803 733 984 803 Euerstcin
1011 731 1194 820 hehunden,
1222 733 1305 803 dass
1324 733 1493 804 Heinrich
1520 757 1584 805 uon
1610 735 1754 808 Wiedeh
1782 736 1857 807 dem
1884 735 2062 808 deutschen
2085 737 2204 808 Ordeh
2230 739 2266 807 11
2282 739 2446 812 Jerusalem

616 839 729 928 Lohd,
757 839 821 908 dos
847 861 977 910 11111
1004 839 1107 910 r‘hnen
1133 863 1176 909 ru
1203 839 1300 910 Lehn
1327 841 1393 928 hat,
1424 840 1624 930 ribertropen
1650 842 1717 915 hot.
1773 837 1999 913 Holemihden
2028 840 2131 915 1267
2157 843 2316 918 111114.

558 958 627 1022 Nos
651 975 762 1020 comes
787 955 882 1036 ono,
913 975 1024 1020 comes
1048 956 1277 1036 Hermannus,
1307 977 1418 1023 comes
1443 958 1639 1024 Ludewicus
1670 963 1702 1023 et
1726 980 1836 1025 comes
1864 960 2039 1026 Conradus
2067 960 2234 1027 fratruelis
2262 982 2366 1027 eorum
2387 965 2448 1030 dicti

447 1065 491 1128 de
514 1063 690 1127 Eberstein
703 1064 730 1146 ¹)
753 1065 907 1126 constare
932 1060 1084 1144 cupimus
1109 1063 1272 1127 universis
1295 1068 1485 1146 presentem
1500 1066 1656 1148 paginam
1678 1066 1877 1150 inspecturis
1899 1069 1969 1132 tani
1989 1068 2204 1150 presentibus
2220 1086 2317 1149 quam
2338 1072 2448 1149 tuturis,

450 1171 542 1252 quod
565 1189 627 1233 nos
653 1169 800 1233 unanimi
825 1187 990 1235 consensu
1013 1172 1046 1232 et
1070 1169 1241 1234 voluntate
1265 1170 1416 1251 plenaria
1439 1171 1481 1234 ad
1506 1171 1666 1237 honorem
1691 1173 1751 1237 Dei
1780 1175 1814 1236 et
1843 1193 1904 1256 pro
1936 1175 2043 1238 salute
2075 1176 2267 1239 nostrarum
2290 1175 2448 1241 animarum

448 1276 656 1359 parrochiam
681 1276 791 1340 Plawe
815 1295 890 1340 cum
913 1275 1125 1356 molendinis,
1150 1276 1425 1341 decimationibus
1450 1279 1483 1340 et
1506 1277 1579 1340 aliis
1603 1279 1768 1343 universis
1797 1279 1840 1343 ad
1869 1280 2008 1344 eandem
2034 1280 2208 1345 ecclesiam
2230 1280 2448 1362 pertinentibus

450 1383 484 1447 in
508 1385 599 1447 terra
622 1382 703 1462 sitis,
728 1402 794 1464 que
817 1381 955 1445 Dobene
979 1381 1180 1460 nominatur,
1203 1401 1304 1464 quam
1328 1381 1429 1446 frater
1450 1383 1627 1448 Heinricus
1652 1386 1693 1449 de
1709 1384 1838 1465 Widal)
1862 1385 1964 1450 Terre
1988 1390 2102 1450 sancte
2126 1389 2160 1450 et
2185 1386 2335 1470 hospitali
2356 1393 2448 1452 sancte

453 1491 554 1554 Mario
579 1490 697 1554 domus
721 1488 930 1553 Teuthonice
953 1487 1220 1553 lerosotimitane
1244 1508 1306 1571 pro
1323 1489 1470 1553 remedio
1494 1489 1604 1554 anime
1629 1511 1688 1555 sue
1713 1491 1853 1555 contulit
1876 1495 1909 1556 et
1932 1492 2065 1556 anobis
2089 1491 2163 1556 iure
2180 1493 2298 1558 feodali
2314 1495 2447 1574 possedit.

446 1595 637 1660 cumomni
661 1594 805 1659 utilitate
837 1598 868 1658 et
897 1598 1072 1678 proventu,
1102 1593 1159 1676 qui
1186 1614 1275 1658 nune
1305 1597 1354 1658 est
1383 1598 1416 1658 et
1445 1595 1672 1678 inposterum
1701 1599 1742 1662 de
1766 1597 1892 1662 eisdem
1924 1599 2021 1664 bonis
2044 1598 2222 1682 provenire
2252 1599 2376 1681 poterit,
2400 1621 2447 1682 pro

449 1703 546 1767 nobis
575 1703 607 1765 et
637 1701 758 1766 nostris
793 1701 1044 1765 successoribus
1077 1700 1232 1766 omnibus
1262 1701 1364 1765 Terre
1395 1704 1508 1766 sancte
1537 1707 1569 1767 et
1598 1705 1710 1768 domui
1733 1704 1940 1769 Teuthonice
1965 1706 2105 1769 eandem
2130 1704 2340 1770 donationem
2362 1705 2447 1768 libere

449 1808 697 1887 confirmamus,
715 1808 777 1872 hoc
794 1807 933 1887 adiecto,
958 1811 1005 1887 ut,
1030 1807 1058 1871 si
1074 1807 1178 1888 aliqui
1195 1807 1349 1871 debonis
1374 1807 1408 1871 in
1425 1809 1573 1890 predicta
1589 1813 1677 1873 terra
1701 1809 1839 1874 Dobene
1855 1809 1925 1874 sitis
1948 1813 2062 1894 preter
2078 1831 2117 1875 ea
2133 1811 2235 1888 bona,
2252 1829 2313 1892 que
2329 1811 2388 1874 sire
2402 1831 2447 1892 per

449 1915 585 1979 tratrem
610 1913 803 1978 Heinricum
834 1913 1019 1994 predictum
1043 1913 1083 1977 de
1107 1913 1241 1997 Widal)
1271 1913 1339 1977 sive
1362 1933 1423 1995 per
1447 1935 1676 1998 quoscumque
1705 1917 1853 1981 eiusdem
1882 1919 1971 1980 terre
1995 1918 2150 1982 dominos
2175 1917 2335 1981 antedicte
2358 1917 2447 1979 domui

448 2021 654 2086 Teuthonice
678 2021 713 2084 in
737 2019 848 2085 Plawe
872 2023 950 2084 sunt
973 2019 1090 2084 collata
1114 2022 1147 2083 et
1170 2041 1190 2082 a
1206 2021 1303 2083 nobis
1327 2019 1515 2085 firmissime
1539 2021 1733 2086 confirmata
1757 2023 1790 2086 in
1815 2022 1956 2087 salutern
1983 2023 2171 2088 animarum
2196 2042 2337 2100 suarum,
2358 2022 2447 2102 aliqua

448 2129 596 2192 remedia
626 2147 700 2190 cum
731 2125 890 2190 fratribus
918 2126 1133 2190 Teuthonicis
1169 2126 1323 2190 ordinare
1357 2127 1540 2206 voluerint,
1575 2129 1628 2192 uel
1659 2128 1685 2191 si
1716 2130 1834 2193 tratres
1870 2132 1912 2194 ad
1943 2148 2023 2192 usus
2052 2149 2132 2193 suos
2165 2130 2207 2192 de
2232 2129 2349 2192 eisdem
2370 2126 2446 2190 bonis

448 2235 562 2316 aliqua
586 2253 777 2315 comparare
801 2233 842 2298 de
866 2237 976 2296 cetero
1002 2233 1218 2313 decreverint,
1248 2235 1412 2314 quantum
1435 2234 1478 2297 ad
1501 2234 1720 2315 quadraginta
1754 2254 1941 2299 marcarum
1965 2234 2116 2299 redditus
2141 2236 2301 2300 annuales
2324 2239 2447 2296 nostran

448 2340 703 2425 permissionem
733 2342 766 2403 et
796 2359 996 2403 consensum
1025 2339 1224 2403 omnimodis
1254 2340 1444 2404 benivolum
1472 2339 1592 2404 titteris
1620 2341 1832 2422 presentibus
1865 2341 2072 2406 adhibemus.
2122 2343 2166 2406 111
2190 2344 2300 2406 autem
2322 2338 2446 2402 1111111-

450 2447 529 2512 latio
553 2446 658 2510 Terre
683 2448 796 2510 sancte
823 2449 856 2508 et
880 2446 992 2509 domui
1015 2445 1220 2509 Teuthonice
1248 2446 1333 2509 sicut
1356 2445 1577 2528 prescriptum
1607 2448 1657 2509 cst
1680 2447 1768 2511 facta
1796 2449 1828 2510 et
1859 2467 1919 2530 per
1942 2467 2003 2513 nos
2035 2449 2069 2511 et
2096 2452 2234 2513 nostros
2265 2463 2445 2510 successores

449 2551 643 2619 confirmata
666 2551 823 2618 fratribus
848 2555 882 2616 et
898 2553 1009 2617 domui
1026 2551 1232 2616 Teuthonice
1255 2553 1291 2617 in
1308 2552 1419 2616 Plawe
1443 2573 1463 2617 a
1487 2552 1583 2616 nobis
1608 2554 1642 2616 et
1657 2552 1779 2618 nostris
1796 2552 1973 2617 heredibus
1998 2552 2094 2619 firma
2110 2558 2144 2618 et
2160 2554 2293 2637 penitus
2315 2550 2445 2616 inviotata

448 2663 653 2743 permaneat,
678 2661 868 2740 presentem
892 2658 1034 2723 litteram
1058 2659 1197 2740 prefatis
1222 2656 1379 2725 tratribus
1403 2658 1436 2722 in
1459 2658 1687 2724 testimonium
1705 2659 1858 2723 dedimus
1875 2659 2059 2740 sigillorum
2075 2665 2269 2725 nostrorum
2292 2655 2445 2722 munimine

448 2765 686 2830 confirmatam.
735 2767 856 2830 Datum
880 2767 912 2828 et
936 2768 1046 2828 actum
1069 2765 1102 2827 in
1128 2765 1398 2845 Holzesminden,
1423 2785 1511 2828 anno
1536 2765 1668 2829 Domini
1692 2765 1991 2830 hl⁰.CC⁰.LX⁰Vil⁰.
2032 2767 2066 2831 in
2090 2766 2204 2849 vigilia
2235 2765 2335 2830 sancti
2355 2759 2445 2824 iacobi

448 2872 602 2954 apostoli.
649 2872 767 2935 Testes
791 2871 891 2935 huius
916 2871 963 2935 rei
986 2873 1079 2935 sunt:
1113 2870 1289 2935 Conradus
1313 2871 1440 2935 villicus
1465 2871 1505 2936 de
1530 2871 1684 2951 Hamele,
1710 2870 1897 2936 Hartwicus
1919 2873 1961 2936 de
1984 2872 2255 2954 Meingerhusen,
2280 2867 2446 2934 Lodewicus

449 2978 556 3045 dictus
580 2978 711 3058 htucke,
750 2976 967 3042 Bernhardus
998 2978 1040 3040 de
1065 2977 1248 3056 Stocheim,
1287 2978 1457 3041 Arnoldus
1480 2977 1620 3059 Vulpes,
1658 2976 1827 3044 iohannes
1858 2978 1899 3041 de
1927 2979 2136 3061 Perburnen,
2179 2978 2350 3043 Heinricns
2377 2971 2445 3036 tilius

445 3084 591 3167 dapiferi
614 3085 656 3148 de
679 3084 854 3149 Eberstein
879 3087 911 3146 et
935 3083 1109 3148 Conradus
1133 3085 1235 3150 trater
1258 3104 1339 3148 suus
1364 3086 1397 3147 et
1420 3084 1475 3148 alii
1498 3103 1599 3165 quam
1623 3083 1748 3166 plures,
1771 3083 1829 3166 qui
1853 3084 1915 3148 hoc
1939 3086 2095 3151 siderant
2118 3089 2152 3152 et
2177 3084 2357 3151 audierunt.

664 3207 685 3276 ¹)
708 3207 773 3260 Rect
789 3207 839 3260 der
857 3207 933 3260 Zeile
952 3207 1036 3258 durch
1057 3205 1291 3276 Selilanyenh'nien
1309 3206 1460 3276 auspefilllt.
1501 3206 1520 3276 ¹)
1541 3204 1652 3259 Sclrernt
1668 3206 1874 3277 nnchyetraqen.

582 3313 637 3377 Or.
661 3317 705 3377 111
728 3312 805 3379 Geh.
825 3312 930 3378 Sc-A.
954 3336 992 3376 zu
1018 3312 1137 3391 Berlin,
1164 3310 1416 3378 1111111111-1111.
1441 3310 1503 3376 Ν1.
1526 3310 1558 3376 9.
1593 3310 1648 3375 An
1671 3323 1753 3377 roten
1780 3311 1989 3393 Seidenfdden
2011 3312 2031 3375 4
2058 3313 2176 3399 Siepel,
2205 3311 2299 3376 1-3.
2321 3303 2446 3386 dreicclu'p

659 3423 717 3483 mit
732 3421 800 3484 dem
815 3419 1054 3485 ebersteinaclren
1069 3418 1192 3497 laem,
1216 3418 1449 3504 1111111191·
1466 3417 1576 3483 Schild
1589 3420 1754 3504 perpellere,
1772 3419 1872 3485 rechtc
1884 3420 1994 3484 holder
2006 3421 2116 3497 Adler,
2133 3421 2218 3485 1111111
2233 3411 2444 3496 3011111111-

1420 3653 1507 3731 878.

448 3784 567 3871 Ktirrip
595 3781 706 3851 111111
742 3780 802 3866 VI.
830 3803 894 3850 uon
921 3777 1123 3852 anemcrh
1141 3781 1312 3851 schlichtet
1347 3783 1444 3851 einen
1466 3781 1671 3852 Griterstrcit
1698 3780 1863 3851 ewisclreh
1893 3781 1981 3871 Otto,
2010 3781 2144 3870 Grosen
2171 3805 2237 3852 uon
2256 3770 2447 3854 1111111111

664 3887 736 3956 ared
764 3885 933 3957 Nikoleus
959 3888 1031 3956 crud
1055 3886 1175 3974 Johoh,
1205 3885 1341 3974 Grofen
1368 3910 1433 3957 uon
1461 3886 1625 3959 Hellohd.
1688 3886 1940 3976 Worch'nphorp
1969 3886 2070 3958 1267
2096 3887 2172 3959 Juli
2200 3890 2261 3962 28.

554 4005 670 4070 Ericus
706 4005 766 4069 Dei
800 4003 908 4087 gracia
948 4005 1117 4070 Danorum
1149 4004 1407 4087 Seianorumque
1442 4026 1499 4069 rex
1529 4005 1683 4069 omnibus
1711 4025 1850 4088 presens
1882 4005 2041 4088 scriptum
2086 4005 2297 4070 cernentibus
2328 3995 2446 4060 salultffl

449 4115 484 4178 in
519 4112 673 4177 Domino.
709 4111 872 4175 Noverint
896 4111 1043 4174 universi
1079 4112 1146 4174 tam
1170 4111 1296 4194 posteri
1331 4131 1431 4193 quam
1471 4114 1661 4194 presentes,
1691 4111 1782 4196 quod
1814 4111 1997 4176 Nicholaus
2026 4114 2059 4176 et
2092 4110 2239 4178 lacobus
2267 4109 2374 4172 iratres
2399 4095 2445 4160 filii

448 4220 579 4283 comitis
604 4217 756 4282 Nicholai
781 4218 822 4282 de
848 4216 1024 4282 Hailandia
1048 4237 1159 4282 coram
1183 4217 1279 4282 nobis
1303 4217 1477 4300 protestati
1501 4218 1637 4282 inerunt
1660 4221 1694 4282 et
1718 4218 1885 4297 dixerunt,
1909 4218 2001 4299 quod
2024 4217 2124 4282 nichil
2149 4218 2233 4282 iuris
2255 4209 2401 4280 haberent
2419 4201 2446 4263 1¹¹

449 4324 546 4389 bonis
570 4323 645 4404 illis,
669 4343 736 4405 que
760 4324 831 4388 iure
855 4323 1058 4388 hereditario
1083 4323 1126 4388 ad
1149 4323 1295 4388 nobilem
1318 4323 1427 4386 virum
1450 4322 1624 4403 Ottonem,
1653 4324 1806 4390 comitem
1831 4325 1871 4389 de
1896 4323 2176 4405 Ravaensbaergh
2202 4324 2277 4406 post
2299 4313 2444 4382 dominun

446 4431 635 4496 iohannem
659 4451 800 4514 parvum
830 4431 886 4514 pie
909 4429 1068 4496 memorie
1099 4427 1235 4494 fratrem
1265 4449 1362 4494 suum
1387 4431 1465 4494 sunt
1488 4430 1647 4494 devoluta
1680 4433 1712 4494 et
1737 4429 1920 4494 secundum
1951 4429 2040 4511 leges
2067 4432 2156 4494 terre
2184 4431 2294 4496 nostre
2322 4417 2446 4486 raciona-

448 4536 559 4602 biliter
583 4537 781 4602 adiudicata.
830 4537 897 4601 Sed
921 4557 1035 4602 verum
1059 4538 1119 4618 est,
1144 4537 1235 4618 quod
1257 4556 1338 4619 sepe
1361 4536 1601 4619 querimoniam
1632 4556 1742 4600 coram
1776 4535 1871 4600 nobis
1895 4534 2055 4613 iecerunt,
2079 4536 2170 4618 quod
2193 4535 2259 4600 iarn
2282 4530 2378 4596 dictus
2398 4520 2445 4582 d0·

447 4643 557 4708 minus
580 4642 759 4723 lohannes,
784 4663 860 4708 cum
883 4646 971 4707 esset
993 4646 1084 4708 tutor
1107 4642 1266 4725 ipsorum,
1291 4662 1390 4724 grave
1415 4642 1463 4707 eis
1488 4643 1670 4726 dampnum
1701 4643 1737 4707 in
1761 4641 1830 4706 suis
1853 4641 1951 4705 bonis
1974 4641 2152 4722 intulisset,
2189 4641 2277 4706 unde
2300 4628 2446 4699 dominun

447 4750 603 4815 comitem
628 4749 694 4812 iam
717 4749 935 4830 nominatum,
961 4749 1017 4831 qui
1040 4749 1131 4814 bona
1155 4747 1280 4813 domini
1303 4748 1465 4814 lobannis
1489 4739 1648 4832 superius
1667 4747 1822 4831 premissi
1846 4747 1880 4810 in
1904 4766 1965 4812 sua
1995 4747 2097 4813 babet
2114 4746 2331 4829 possessione,
2352 4729 2444 4813 sepius

447 4855 674 4937 impetebant3
693 4856 753 4920 sed
770 4855 925 4921 dominus
939 4855 1103 4920 Henricus
1116 4855 1208 4937 prior
1224 4855 1265 4919 de
1281 4855 1531 4938 Andwarscogh
1543 4857 1659 4920 volens
1675 4855 1848 4918 destruere
1864 4872 1997 4917 omnem
2013 4873 2196 4934 rancorem,
2213 4853 2270 4936 qui
2282 4839 2446 4912 vertebatur

448 4962 538 5026 inter
562 4982 641 5045 sepe
665 4961 789 5026 dictum
817 4962 971 5026 comitem
1003 4981 1043 5026 ex
1070 4981 1138 5027 una
1164 4964 1259 5045 parte
1289 4965 1322 5026 et
1351 4981 1428 5026 suos
1453 4965 1592 5043 nepotes
1625 4981 1664 5025 ex
1692 4960 1797 5026 altera
1831 4979 1892 5043 pro
1924 4959 2171 5026 restauracione
2199 4935 2444 5040 (111111111111011

449 5067 606 5133 dicebant
629 5088 664 5133 se
680 5068 856 5151 recepisse,
873 5071 906 5133 et
928 5088 990 5151 pro
1012 5067 1103 5132 omni
1127 5067 1256 5132 actione
1272 5067 1475 5133 destruenda
1496 5068 1633 5132 terciam
1650 5070 1780 5151 partem
1802 5067 2043 5150 premissorum
2065 5066 2231 5131 bonorum
2248 5065 2287 5130 de
2306 5061 2443 5122 consensu

449 5177 482 5240 et
504 5173 673 5240 voluntate
705 5175 830 5239 domini
860 5175 990 5239 comitis
1020 5174 1101 5256 ipsis
1133 5193 1245 5239 coram
1276 5174 1373 5238 nobis
1404 5173 1551 5256 erogavit
1576 5175 1609 5238 et
1631 5193 1692 5256 per
1719 5174 1784 5237 hoc
1810 5192 1943 5237 omnem
1971 5191 2143 5237 rancorem
2171 5173 2258 5236 inter
2280 5169 2361 5250 ipsos
2381 5150 2443 5217 snb·

448 5285 557 5347 ortum
581 5281 715 5364 penitus
740 5280 898 5363 relegavit
929 5283 962 5346 et
990 5300 1070 5363 sepe
1099 5279 1178 5343 dicti
1206 5280 1302 5362 pueri
1331 5279 1423 5344 omni
1451 5279 1591 5360 actioni,
1627 5299 1728 5362 quam
1757 5282 1855 5344 antea
1883 5278 2054 5343 habebant
2082 5277 2133 5342 vel
2163 5277 2317 5357 deinceps
2343 5261 2443 5372 habere

447 5389 618 5472 poterunt,
643 5407 754 5452 coram
779 5387 876 5451 nobis
899 5387 1150 5466 reponderunt,
1180 5385 1226 5450 ita
1248 5386 1339 5468 quod
1362 5385 1519 5451 dominus
1547 5405 1659 5450 comes
1683 5385 1845 5451 debonis
1873 5385 1943 5449 suis
1974 5405 2040 5467 que
2064 5403 2153 5450 nunc
2176 5384 2276 5449 babet
2297 5379 2335 5444 de
2355 5377 2443 5453 grana
