5168 6798
447 405 511 470 180
1437 415 1505 472 1254

443 747 572 836 Propst
607 742 767 818 thlrelra
798 764 864 814 vore
895 763 921 813 s.
950 741 1089 813 ‚totam
1121 743 1160 812 ire
1190 741 1389 813 omitteret
1419 742 1492 812 arrd
1526 741 1762 814 Arete-idiotice
1788 745 1827 814 tre
1855 745 1976 834 Erper
2007 745 2163 838 bestttipt
2194 747 2269 820 eine
2310 745 2463 822 ortem

446 852 508 923 des
541 849 698 938 Bisthofs
726 847 846 920 Braeo
873 871 939 918 corr
969 847 1169 920 Oenotrrtelr
1194 869 1269 918 coro
1296 850 1357 923 28.
1385 845 1588 939 September,
1616 850 1726 921 darete
1751 851 1873 921 welche
1899 851 2013 922 dieser
2040 852 2116 923 dem
2135 853 2277 944 Kapitet
2295 856 2334 925 in
2353 856 2463 946 Errper

440 963 608 1049 pestettet‚
637 955 692 1028 die
718 954 923 1044 Austeitrmp
949 954 1012 1026 der
1040 951 1264 1026 Solremente
1290 956 1327 1025 irc
1355 953 1416 1025 der
1443 954 1695 1028 Arsserzlrirelte
1720 954 1894 1049 (forensis
1923 957 2093 1052 ecclesia)
2128 959 2238 1031 duret
2264 961 2462 1054 Stistsarpe·

890 1062 1005 1151 tetrice
1032 1060 1193 1132 verseleerr
1219 1083 1263 1131 ru
1290 1059 1413 1132 tessere.
1471 1061 1670 1133 Osuobrtelr
1697 1061 1795 1134 1254
1824 1063 1966 1135 Olctober
1994 1068 2025 1135 6.

578 1177 673 1246 Gedr.
710 1175 818 1264 Wectf.
848 1176 921 1242 UB.
945 1176 967 1240 Ι
969 1175 1004 1256 V,
1035 1176 1069 1244 S.
1097 1176 1164 1241 328
1193 1175 1252 1242 Nr.
1279 1175 1355 1243 575.
1413 1175 1452 1242 Io
1481 1178 1653 1244 demeelbcn
1679 1179 1786 1259 dabre,
1816 1177 1943 1245 Leitttelc
1966 1177 2138 1247 November
2158 1181 2214 1260 28,
2245 1182 2390 1268 beetdttyt
2419 1185 2462 1250 die

664 1283 810 1350 Urlrunde
841 1284 966 1348 Brunca
1001 1284 1082 1348 aucte
1116 1284 1172 1349 der
1199 1284 1372 1370 pdpettr'elre
1405 1282 1507 1370 Lepet
1538 1283 1815 1350 Kardinoldt'okon
1845 1285 1958 1352 Petram
1990 1285 2151 1374 Capuam,
2187 1290 2274 1373 pede.
2311 1313 2342 1353 a.
2370 1314 2401 1353 a.
2430 1289 2461 1352 0.

660 1390 694 1457 S.
717 1389 784 1456 340
807 1389 867 1456 Nr.
890 1389 967 1457 681.

1407 1517 1502 1594 620.

441 1645 594 1735 Bisetof
623 1645 809 1718 Widelrtrtd
842 1666 906 1715 eoo
942 1643 1091 1714 Mtredere
1125 1641 1260 1714 serente
1294 1645 1370 1715 dem
1403 1643 1464 1716 Kl.
1493 1643 1693 1718 Moricrrsee
1724 1669 1830 1736 ‚repen
1864 1651 1911 1718 60
1939 1645 2049 1719 Mart
2075 1647 2190 1719 Silter
2230 1649 2296 1721 den
2326 1673 2462 1740 pressea

441 1754 514 1826 ert
541 1753 673 1825 kleinerr
700 1751 851 1834 Zelmtert
878 1753 915 1820 io
952 1749 1148 1838 Wolfelede
1181 1749 1254 1821 rod
1286 1751 1408 1822 erlttsst
1442 1751 1519 1822 dem
1550 1751 1689 1824 Kloster
1723 1753 1797 1826 elue
1829 1776 1875 1824 ort
1907 1753 1973 1824 dere
2000 1751 2083 1844 Hof
2102 1753 2294 1827 Bellersen
2327 1780 2371 1827 ru
2399 1765 2461 1828 ent-

833 1857 1006 1928 rt'elttercde
1032 1857 1255 1928 Jetresrerrte
1282 1879 1347 1928 core
1375 1856 1424 1928 10
1453 1855 1625 1948 Selillr'rrp.
1680 1861 1776 1932 1254
1804 1857 1994 1930 November
2019 1864 2078 1932 26.

550 1977 657 2043 Huius
679 1977 726 2042 rei
747 1979 851 2040 testes
872 1977 964 2040 sunt:
988 1975 1168 2040 Wernerus
1187 1975 1343 2056 decanus,
1360 1974 1474 2040 Bruno
1491 1979 1617 2056 cantor,
1640 1977 1802 2044 Ludoltus
1820 1977 1909 2059 Post,
1929 1978 2106 2044 Heinricus
2125 1979 2167 2043 de
2185 1979 2277 2060 Slon,
2299 1981 2462 2046 Jolrarmes

441 2088 482 2151 de
499 2086 715 2164 Stendenem,
742 2083 914 2148 Conradus
939 2082 1086 2146 decanus
1109 2081 1215 2146 sancti
1231 2081 1375 2160 Martini,
1399 2081 1569 2148 Arnoldus
1593 2084 1634 2148 de
1651 2084 1774 2149 Scinna
1797 2083 1929 2148 maioris
1952 2085 2091 2149 ecclesie
2116 2085 2149 2148 in
2167 2086 2279 2150 llinda
2300 2088 2461 2168 canonici;

440 2191 628 2258 Richardus
651 2191 787 2272 VulpeS,
822 2188 1000 2252 Heinricus
1024 2191 1057 2252 et
1080 2188 1249 2252 lohannes
1280 2187 1401 2252 iratres
1429 2189 1507 2254 dicti
1531 2190 1572 2254 de
1597 2191 1785 2272 Dugerden‚
1817 2189 1990 2256 Conradus
2014 2194 2047 2256 et
2071 2191 2265 2256 Thidericus
2290 2193 2332 2256 de
2358 2195 2461 2274 Ullen,

441 2298 635 2364 Gerhardus
660 2297 702 2361 de
725 2295 900 2378 Bastorpe,
923 2293 1139 2359 Wilhrandus
1163 2294 1261 2358 llana
1283 2293 1416 2358 milites.

574 2402 629 2468 Or.
654 2406 696 2466 tm
721 2400 793 2485 th.
820 2399 925 2465 Sc-A.
949 2421 988 2464 ert
1010 2397 1187 2476 Hannooer,
1212 2399 1385 2464 Mortencee
1407 2397 1468 2464 Nr.
1488 2398 1534 2463 59
1555 2403 1613 2463 mit
1634 2405 1710 2464 ewer’
1733 2399 1865 2486 Siepelra
1914 2400 2009 2466 Gedr.
2032 2401 2113 2465 nack
2135 2401 2203 2467 dero
2219 2401 2274 2468 Or.
2299 2429 2326 2470 o.
2344 2403 2463 2470 Hoderr·

655 2507 740 2593 berp,
767 2504 973 2590 Celenderqer
1000 2503 1070 2571 UB.
1095 2503 1191 2570 Atro.
1224 2501 1257 2583 V,
1284 2503 1318 2569 S.
1341 2505 1384 2568 51
1409 2503 1472 2568 Nr.
1495 2503 1549 2573 60.
1598 2505 1711 2592 Reqeet
1740 2504 1847 2586 Weetf.
1870 2505 1939 2569 UB.
1958 2503 2016 2585 IV,
2042 2505 2076 2572 S.
2092 2505 2157 2571 341
2183 2507 2245 2574 Nr.
2260 2509 2336 2575 583.
2387 2512 2462 2575 Zum

654 2612 759 2678 Introit
780 2615 839 2698 opt.
865 2611 936 2678 odere
959 2609 1021 2673 Nr.
1045 2608 1121 2673 267.
1175 2609 1347 2688 Wolfelade
1369 2615 1414 2676 im
1435 2611 1493 2677 Kr.
1519 2609 1675 2677 Neretadt
1696 2637 1726 2679 o.
1753 2611 1804 2692 a,
1828 2635 1931 2698 erepere
1953 2613 2124 2680 Bellersen
2149 2615 2225 2679 oben
2248 2613 2306 2680 Nr.
2331 2616 2408 2682 267.

1411 2810 1498 2888 621.

440 2939 591 3030 Riecte(
623 2939 810 3014 Wtdelo'rret
832 2960 897 3040 verr
918 2937 1074 3026 Micelae,
1103 2937 1253 3029 rupteielr
1281 2937 1501 3028 Domprmrst,
1529 2936 1688 3026 certumst
1712 2938 1788 3009 dem
1807 2935 1862 3010 Kt.
1883 2939 2032 3010 Leccam
2059 2940 2116 3010 dte
2143 2941 2206 3012 der
2218 2931 2464 3032 'Deoperopstei

439 3048 512 3120 trud
539 3049 615 3119 deut
644 3047 738 3134 Hofe
765 3048 803 3114 ire
830 3045 1059 3134 Leesertrrperr
1080 3043 1283 3134 psttehtipcn
1313 3043 1421 3114 Gttter
1448 3045 1485 3113 to
1509 3043 1724 3140 Roggela-ge
1751 3045 1825 3115 arrd
1851 3046 2041 3116 vereeeodet
2067 3046 2124 3117 dte
2142 3045 2375 3136 Koutcumme
2404 3071 2465 3119 eurr

739 3151 891 3240 reuererip
921 3149 1030 3220 Marte
1056 3173 1119 3220 eur
1146 3149 1361 3241 Eru‘erbrrtp
1389 3149 1452 3220 der
1480 3149 1754 3240 (tressortem
1782 3147 2000 3226 Stemwedc.
2056 3150 2166 3224 1254.

547 3271 774 3336 Wedeldndus
799 3270 859 3334 Dei
883 3268 993 3352 gracia
1017 3269 1208 3347 Myndensis
1232 3267 1410 3351 episcopus
1433 3269 1468 3332 et
1491 3268 1688 3334 auctoritate
1717 3269 1899 3353 superioris
1932 3267 2080 3336 eiusdem
2112 3270 2249 3335 ecclesie
2275 3273 2464 3355 prepositus

441 3378 605 3444 universis
641 3377 764 3442 Christi
798 3375 954 3442 fidelibus
989 3376 1023 3439 in
1058 3380 1272 3458 perpetuum.
1329 3375 1494 3452 Quoniam
1530 3375 1714 3440 secundum
1748 3377 1942 3441 varietatem
1976 3379 2165 3460 temporum
2200 3379 2320 3442 mutari
2356 3380 2464 3443 solent

439 3486 615 3550 varietates
645 3485 840 3560 animorum,
872 3503 941 3546 non
970 3481 1071 3547 debet
1102 3479 1364 3564 reprehensibile
1396 3481 1535 3546 iudicari
1564 3482 1624 3546 sed
1654 3482 1830 3564 laudabile,
1860 3485 1896 3546 ut
1920 3501 1960 3548 ea
1983 3503 2048 3565 qne
2075 3482 2110 3546 in
2132 3485 2284 3566 tempore
2307 3491 2466 3567 geruntur

440 3592 572 3676 scriptis
594 3591 855 3673 perhennentnr.
904 3589 1048 3653 Proinde
1073 3590 1116 3653 ad
1139 3587 1298 3653 noticiam
1321 3592 1390 3652 tam
1413 3586 1601 3652 futurorum
1624 3607 1726 3669 quam
1749 3588 1960 3671 presencium
1980 3590 2156 3672 pervenire
2177 3589 2341 3668 volumus,
2366 3592 2466 3673 quod,

440 3717 515 3763 cum
543 3697 740 3761 auctoritate
777 3695 959 3779 superioris
989 3695 1202 3778 prepositura
1233 3693 1370 3758 ecclesie
1398 3693 1581 3758 Mindensis
1616 3713 1692 3757 cum
1720 3693 1829 3760 officio
1853 3713 1931 3758 cure
1954 3694 2130 3776 pastoralis
2154 3696 2304 3760 eiusdem
2327 3698 2466 3761 ecclesie

439 3804 537 3869 nobis
561 3804 605 3868 sit
628 3803 852 3882 commissum,
878 3821 938 3866 nos
962 3801 1051 3867 bona
1073 3800 1107 3864 in
1131 3800 1319 3882 Roggelage
1344 3801 1408 3863 sita
1431 3799 1472 3864 ad
1497 3799 1616 3864 curtim
1639 3802 1788 3865 nostram
1811 3799 1988 3882 Lesingere
2010 3800 2225 3884 pertinencia,
2249 3805 2324 3868 octo
2341 3802 2466 3870 solidos

438 3910 649 3995 prepositure
672 3912 787 3973 nostre
812 3912 845 3972 et
869 3927 974 3972 unum
998 3907 1141 3974 solidum
1164 3906 1314 3988 predicte
1338 3905 1437 3969 curiis
1454 3906 1562 3970 villico
1579 3925 1641 3989 pro
1658 3905 1792 3972 servitio
1809 3905 1873 3970 sibi
1890 3907 2002 3972 debito
2019 3907 2115 3971 annis
2131 3907 2269 3989 singulis
2285 3909 2466 3988 solvencia,

439 4017 575 4083 domino
612 4015 724 4080 abbati
749 4018 782 4080 et
806 4013 982 4079 conventui
1005 4014 1144 4077 fratrum
1167 4013 1203 4077 in
1227 4012 1338 4076 Lucka
1362 4012 1600 4094 cysterciensis
1636 4012 1763 4077 ordinis
1792 4015 1906 4077 nostre
1934 4013 2085 4095 dyocesis
2120 4031 2195 4078 cum
2223 4015 2315 4079 omni
2339 4015 2413 4080 iure
2436 4019 2469 4080 et

438 4121 680 4202 iurisdictione,
715 4139 781 4204 que
811 4123 852 4185 ad
880 4119 937 4185 illa
967 4122 1152 4184 noscuntur
1175 4119 1327 4202 quolibet
1349 4119 1449 4184 modo
1472 4118 1642 4202 pertinere
1666 4121 1699 4184 et
1723 4119 1874 4200 utilitate,
1909 4139 1975 4202 que
2008 4118 2088 4184 inde
2121 4121 2243 4203 poterit
2276 4122 2467 4204 provenire,

440 4249 606 4297 consensu
635 4233 668 4294 et
695 4229 868 4294 voluntate
898 4227 1034 4310 capituli
1061 4226 1166 4292 nostri
1194 4226 1373 4291 accedente
1403 4225 1445 4289 ab
1473 4227 1564 4290 omni
1594 4225 1777 4306 advocatia,
1811 4225 1974 4308 pensione
2002 4227 2035 4290 et
2063 4227 2154 4291 omni
2187 4226 2300 4291 debito
2336 4227 2468 4293 servicii

444 4337 599 4403 absoluta
622 4340 657 4401 et
680 4337 784 4401 libera
807 4354 869 4418 pro
892 4334 1008 4417 viginti
1032 4335 1153 4398 marcis
1169 4332 1379 4397 vendidimus
1395 4332 1429 4396 in
1446 4333 1621 4415 proprium
1636 4332 1778 4396 eandem
1794 4351 1957 4396 summam
1974 4333 2116 4415 pecunie
2131 4333 2166 4397 in
2183 4333 2470 4416 comparationem

441 4445 580 4509 cometie
604 4441 639 4506 in
662 4442 851 4507 Stemwede
875 4442 1117 4506 convertentes.
1165 4439 1204 4502 In
1228 4439 1321 4503 cuius
1345 4439 1393 4502 rei
1415 4437 1644 4502 testimonium
1668 4457 1710 4502 ne
1733 4439 1796 4503 hoc
1819 4439 1944 4504 lactum
1967 4438 2064 4503 alicui
2085 4438 2276 4503 indubium
2293 4443 2470 4506 revocetur

440 4571 499 4614 seu
521 4567 727 4632 aquoqnam
749 4547 922 4612 hominum
946 4565 1029 4611 ausu
1051 4547 1226 4612 temerario
1249 4545 1401 4625 violetur,
1426 4547 1616 4627 presentem
1639 4545 1795 4628 paginam
1818 4545 1896 4610 inde
1919 4545 2141 4627 conscriptam
2165 4545 2271 4627 sigillo
2296 4550 2415 4612 nostro
2437 4548 2470 4610 et

441 4655 579 4740 capituli
613 4653 718 4719 nostri
754 4655 889 4720 maioris
920 4654 1059 4718 fecimus
1091 4653 1247 4717 roborari.
1296 4653 1380 4715 Acta
1400 4653 1477 4714 sunt
1501 4650 1563 4714 hec
1586 4670 1674 4715 anno
1699 4651 1831 4715 Domini
1854 4649 2077 4732 M.GG.LIIH.,
2112 4650 2329 4734 pontificatus
2358 4654 2470 4718 nostri

438 4783 527 4828 ΜΟ
551 4762 707 4932 silcdmdni
719 4866 840 4930 Arelate
863 4867 916 4932 dee
939 4865 992 4930 Kl.
1017 4863 1160 4942 Leccam,
1183 4867 1241 4927 mit
1265 4863 1491 4948 berettttrtem
1517 4860 1621 4948 Siepel
1642 4863 1695 4926 dee
1719 4860 1863 4944 Biccdoti
1885 4863 1950 4925 lmd
1972 4863 2025 4927 ‘²⁰⁸
2040 4860 2183 4947 Rapite&
2200 4885 2249 4930 Μ
2265 4861 2472 4946 Pe’yamm'

652 4975 790 5052 stretfen.
849 4971 943 5038 Gedr.
978 4971 1059 5036 rroelt
1093 4971 1161 5034 dem
1191 4969 1247 5034 Or.
1282 4993 1308 5035 υ.
1339 4967 1534 5054 Hodertderq,
1573 4967 1780 5053 Celenderper
1811 4965 1883 5031 UB.
1915 4967 2010 5035 Abtlt.
2040 4964 2102 5046 ΙΙΙ,
2136 4967 2170 5034 S.
2202 4967 2264 5031 121
2298 4965 2358 5036 Nr.
2390 4967 2471 5034 176.

658 5079 760 5146 Ueber·
789 5081 978 5164 Roggelage
1011 5077 1070 5162 opt.
1108 5076 1184 5141 oben
1218 5073 1277 5138 Nr.
1304 5074 1355 5140 72.
1409 5073 1614 5161 Leeeertnpen
1643 5074 1692 5139 bet
1722 5071 1838 5154 Eetorf
1869 5074 1925 5137 Kr.
1958 5072 2128 5160 Nature,
2163 5075 2241 5140 iiber
2274 5076 2472 5143 Stemwede

654 5211 678 5251 e.
708 5186 784 5250 odere
814 5184 872 5252 Nr.
895 5183 971 5250 591.
1018 5182 1080 5246 Dte
1104 5181 1308 5268 Reeipuation
1342 5183 1395 5247 dee
1424 5182 1549 5259 Grafeo
1579 5204 1637 5246 corr
1666 5179 1886 5266 deterrereturq
1918 5183 1983 5262 aas
2009 5182 2059 5247 die
2092 5179 2199 5267 Vopter'
2227 5181 2282 5246 der
2304 5181 2409 5246 Griter
2436 5188 2473 5248 ia

654 5295 842 5375 Roggclage
866 5293 938 5355 olene
961 5289 1082 5352 Dotem
1108 5291 1169 5374 opt.
1193 5288 1311 5353 edenda
1339 5285 1399 5353 Nr.
1427 5288 1489 5353 175
1518 5312 1550 5353 re.
1576 5287 1688 5374 Repetit
1714 5285 1826 5366 Haece,
1860 5285 2278 5355 schelestrate-Laome.
2307 5285 2411 5374 Reyq.
2438 5313 2469 5352 a

658 5395 755 5460 Urlclr.
780 5392 824 5475 II,
851 5395 884 5461 S.
908 5395 953 5460 30
975 5393 1035 5459 Nr.
1063 5393 1113 5458 76.
1399 5387 1402 5394 ’
