<?xml version="1.0" encoding="UTF-8"?>
<!DOCTYPE html PUBLIC "-//W3C//DTD XHTML 1.0 Transitional//EN"
    "http://www.w3.org/TR/xhtml1/DTD/xhtml1-transitional.dtd">
<html xmlns="http://www.w3.org/1999/xhtml" xml:lang="en" lang="en">
 <head>
  <title>
</title>
<meta http-equiv="Content-Type" content="text/html;charset=utf-8" />
  <meta name='ocr-system' content='tesseract 3.04.00' />
  <meta name='ocr-capabilities' content='ocr_page ocr_carea ocr_par ocr_line ocrx_word'/>
</head>
<body>
  <div class='ocr_page' id='page_1' title='image "./westflischesurk00westgoog_0498.png"; bbox 0 0 5032 6796; ppageno 0'>
   <div class='ocr_carea' id='block_1_1' title="bbox 1021 381 2082 456">
    <p class='ocr_par' dir='ltr' id='par_1_1' title="bbox 1021 381 2082 456">
     <span class='ocr_line' id='line_1_1' title="bbox 1021 381 2082 456; baseline -0.008 0"><span class='ocrx_word' id='word_1_1' title='bbox 1021 397 1091 456; x_wconf 77' lang='lat'>1294</span> <span class='ocrx_word' id='word_1_2' title='bbox 2016 381 2082 448; x_wconf 74' lang='lat'>481</span> 
     </span>
    </p>
   </div>
   <div class='ocr_carea' id='block_1_2' title="bbox 65 593 2084 792">
    <p class='ocr_par' dir='ltr' id='par_1_2' title="bbox 65 593 2084 792">
     <span class='ocr_line' id='line_1_2' title="bbox 65 593 2084 686; baseline -0.002 -19"><span class='ocrx_word' id='word_1_3' title='bbox 65 601 239 686; x_wconf 88' lang='lat' dir='ltr'>predictam</span> <span class='ocrx_word' id='word_1_4' title='bbox 267 601 430 666; x_wconf 83' lang='lat' dir='ltr'><strong>decimam</strong></span> <span class='ocrx_word' id='word_1_5' title='bbox 459 598 632 683; x_wconf 87' lang='lat' dir='ltr'>perpetuis</span> <span class='ocrx_word' id='word_1_6' title='bbox 660 596 869 679; x_wconf 83' lang='lat' dir='ltr'>temporibus</span> <span class='ocrx_word' id='word_1_7' title='bbox 899 597 1094 662; x_wconf 89' lang='lat' dir='ltr'>cumomni</span> <span class='ocrx_word' id='word_1_8' title='bbox 1124 595 1208 663; x_wconf 88' lang='lat' dir='ltr'>iuris</span> <span class='ocrx_word' id='word_1_9' title='bbox 1238 595 1290 662; x_wconf 88' lang='lat' dir='ltr'>sui</span> <span class='ocrx_word' id='word_1_10' title='bbox 1319 594 1528 680; x_wconf 76' lang='lat' dir='ltr'>plenitudine</span> <span class='ocrx_word' id='word_1_11' title='bbox 1555 595 1739 678; x_wconf 87' lang='lat' dir='ltr'>possidere.</span> <span class='ocrx_word' id='word_1_12' title='bbox 1785 593 1853 660; x_wconf 86' lang='lat' dir='ltr'>Sed</span> <span class='ocrx_word' id='word_1_13' title='bbox 1882 597 1915 660; x_wconf 88' lang='lat' dir='ltr'>et</span> <span class='ocrx_word' id='word_1_14' title='bbox 1938 593 2003 660; x_wconf 93' lang='lat' dir='ltr'>hoc</span> <span class='ocrx_word' id='word_1_15' title='bbox 2024 593 2084 663; x_wconf 83' lang='lat' dir='ltr'>tali</span> 
     </span>
     <span class='ocr_line' id='line_1_3' title="bbox 65 699 2082 792; baseline -0.003 -19"><span class='ocrx_word' id='word_1_16' title='bbox 65 707 270 792; x_wconf 80' lang='lat' dir='ltr'>promisimus</span> <span class='ocrx_word' id='word_1_17' title='bbox 298 707 334 772; x_wconf 89' lang='lat' dir='ltr'>in</span> <span class='ocrx_word' id='word_1_18' title='bbox 361 707 545 786; x_wconf 88' lang='lat' dir='ltr'>contractu,</span> <span class='ocrx_word' id='word_1_19' title='bbox 580 703 673 787; x_wconf 91' lang='lat' dir='ltr'>quod</span> <span class='ocrx_word' id='word_1_20' title='bbox 699 702 833 785; x_wconf 78' lang='lat' dir='ltr'>Alsydis</span> <span class='ocrx_word' id='word_1_21' title='bbox 861 702 963 768; x_wconf 88' lang='lat' dir='ltr'>vidua</span> <span class='ocrx_word' id='word_1_22' title='bbox 993 701 1082 770; x_wconf 91' lang='lat' dir='ltr'>dicta</span> <span class='ocrx_word' id='word_1_23' title='bbox 1108 703 1150 768; x_wconf 92' lang='lat' dir='ltr'>de</span> <span class='ocrx_word' id='word_1_24' title='bbox 1173 701 1364 768; x_wconf 89' lang='lat' dir='ltr'>Holthusen</span> <span class='ocrx_word' id='word_1_25' title='bbox 1398 720 1437 770; x_wconf 88' lang='lat' dir='ltr'>ac</span> <span class='ocrx_word' id='word_1_26' title='bbox 1460 702 1532 766; x_wconf 90' lang='lat' dir='ltr'>eius</span> <span class='ocrx_word' id='word_1_27' title='bbox 1556 701 1652 766; x_wconf 89' lang='lat' dir='ltr'>liberi</span> <span class='ocrx_word' id='word_1_28' title='bbox 1675 700 1888 768; x_wconf 87' lang='lat' dir='ltr'>medietatem</span> <span class='ocrx_word' id='word_1_29' title='bbox 1911 699 2082 786; x_wconf 84' lang='lat' dir='ltr'>sepedicta</span> 
     </span>
    </p>
   </div>
   <div class='ocr_carea' id='block_1_3' title="bbox 64 806 2087 1004">
    <p class='ocr_par' dir='ltr' id='par_1_3' title="bbox 64 806 2087 1004">
     <span class='ocr_line' id='line_1_4' title="bbox 65 806 2087 898; baseline -0.003 -19"><span class='ocrx_word' id='word_1_30' title='bbox 65 813 194 896; x_wconf 81' lang='lat' dir='ltr'>decime,</span> <span class='ocrx_word' id='word_1_31' title='bbox 225 833 328 898; x_wconf 89' lang='lat' dir='ltr'>quam</span> <span class='ocrx_word' id='word_1_32' title='bbox 350 832 370 877; x_wconf 89' lang='lat' dir='ltr'>a</span> <span class='ocrx_word' id='word_1_33' title='bbox 393 813 491 879; x_wconf 88' lang='lat' dir='ltr'>nobis</span> <span class='ocrx_word' id='word_1_34' title='bbox 521 814 660 877; x_wconf 89' lang='lat' dir='ltr'>actenus</span> <span class='ocrx_word' id='word_1_35' title='bbox 688 810 725 876; x_wconf 88' lang='lat' dir='ltr'>in</span> <span class='ocrx_word' id='word_1_36' title='bbox 752 808 852 876; x_wconf 87' lang='lat' dir='ltr'>feudo</span> <span class='ocrx_word' id='word_1_37' title='bbox 880 811 1070 891; x_wconf 77' lang='lat' dir='ltr'>tenuerunt,</span> <span class='ocrx_word' id='word_1_38' title='bbox 1102 827 1316 892; x_wconf 87' lang='lat' dir='ltr'>nequaquam</span> <span class='ocrx_word' id='word_1_39' title='bbox 1339 808 1481 876; x_wconf 90' lang='lat' dir='ltr'>anobis</span> <span class='ocrx_word' id='word_1_40' title='bbox 1504 806 1575 872; x_wconf 88' lang='lat' dir='ltr'>sire</span> <span class='ocrx_word' id='word_1_41' title='bbox 1599 827 1619 872; x_wconf 87' lang='lat' dir='ltr'>a</span> <span class='ocrx_word' id='word_1_42' title='bbox 1641 807 1765 872; x_wconf 78' lang='lat' dir='ltr'>posuis</span> <span class='ocrx_word' id='word_1_43' title='bbox 1788 807 1876 872; x_wconf 91' lang='lat' dir='ltr'>ultra</span> <span class='ocrx_word' id='word_1_44' title='bbox 1898 807 2087 892; x_wconf 79' lang='lat' dir='ltr'>suscipient</span> 
     </span>
     <span class='ocr_line' id='line_1_5' title="bbox 64 913 2084 1004; baseline -0.003 -20"><span class='ocrx_word' id='word_1_45' title='bbox 64 919 247 1001; x_wconf 84' lang='lat' dir='ltr'>heredibus,</span> <span class='ocrx_word' id='word_1_46' title='bbox 271 920 331 984; x_wconf 90' lang='lat' dir='ltr'>sed</span> <span class='ocrx_word' id='word_1_47' title='bbox 354 937 374 983; x_wconf 91' lang='lat' dir='ltr'>a</span> <span class='ocrx_word' id='word_1_48' title='bbox 396 917 557 1004; x_wconf 89' lang='lat' dir='ltr'>priorissa</span> <span class='ocrx_word' id='word_1_49' title='bbox 580 919 765 982; x_wconf 90' lang='lat' dir='ltr'>conventus</span> <span class='ocrx_word' id='word_1_50' title='bbox 788 914 970 1000; x_wconf 89' lang='lat' dir='ltr'>supradicti</span> <span class='ocrx_word' id='word_1_51' title='bbox 994 915 1036 979; x_wconf 93' lang='lat' dir='ltr'>de</span> <span class='ocrx_word' id='word_1_52' title='bbox 1060 918 1171 980; x_wconf 91' lang='lat' dir='ltr'>cetero</span> <span class='ocrx_word' id='word_1_53' title='bbox 1196 914 1359 998; x_wconf 79' lang='lat' dir='ltr'>recipient</span> <span class='ocrx_word' id='word_1_54' title='bbox 1381 916 1416 979; x_wconf 90' lang='lat' dir='ltr'>et</span> <span class='ocrx_word' id='word_1_55' title='bbox 1440 915 1616 979; x_wconf 90' lang='lat' dir='ltr'>tenebunt.</span> <span class='ocrx_word' id='word_1_56' title='bbox 1664 913 1773 980; x_wconf 91' lang='lat' dir='ltr'>Huius</span> <span class='ocrx_word' id='word_1_57' title='bbox 1797 913 1847 980; x_wconf 91' lang='lat' dir='ltr'>rei</span> <span class='ocrx_word' id='word_1_58' title='bbox 1870 917 1973 980; x_wconf 87' lang='lat' dir='ltr'>testes</span> <span class='ocrx_word' id='word_1_59' title='bbox 1990 915 2084 980; x_wconf 88' lang='lat' dir='ltr'>sunt:</span> 
     </span>
    </p>
   </div>
   <div class='ocr_carea' id='block_1_4' title="bbox 59 1019 2086 1528">
    <p class='ocr_par' dir='ltr' id='par_1_4' title="bbox 59 1019 2086 1528">
     <span class='ocr_line' id='line_1_6' title="bbox 64 1019 2082 1108; baseline -0.003 -17"><span class='ocrx_word' id='word_1_60' title='bbox 64 1025 159 1092; x_wconf 85' lang='lat' dir='ltr'>irater</span> <span class='ocrx_word' id='word_1_61' title='bbox 180 1025 340 1091; x_wconf 89' lang='lat' dir='ltr'>Albertus</span> <span class='ocrx_word' id='word_1_62' title='bbox 372 1023 532 1108; x_wconf 85' lang='lat' dir='ltr'>supprior</span> <span class='ocrx_word' id='word_1_63' title='bbox 557 1020 751 1103; x_wconf 89' lang='lat' dir='ltr'>Mindensis,</span> <span class='ocrx_word' id='word_1_64' title='bbox 786 1023 890 1088; x_wconf 90' lang='lat' dir='ltr'>irater</span> <span class='ocrx_word' id='word_1_65' title='bbox 913 1020 1118 1086; x_wconf 84' lang='lat' dir='ltr'>Reinbertus</span> <span class='ocrx_word' id='word_1_66' title='bbox 1149 1019 1257 1086; x_wconf 87' lang='lat' dir='ltr'>dictus</span> <span class='ocrx_word' id='word_1_67' title='bbox 1281 1020 1460 1103; x_wconf 81' lang='lat' dir='ltr'>Dyabolus,</span> <span class='ocrx_word' id='word_1_68' title='bbox 1495 1019 1598 1087; x_wconf 83' lang='lat' dir='ltr'>irater</span> <span class='ocrx_word' id='word_1_69' title='bbox 1621 1019 1807 1086; x_wconf 89' lang='lat' dir='ltr'>Baldm&#39;nns</span> <span class='ocrx_word' id='word_1_70' title='bbox 1838 1039 2016 1086; x_wconf 87' lang='lat' dir='ltr'>conversus</span> <span class='ocrx_word' id='word_1_71' title='bbox 2040 1020 2082 1085; x_wconf 89' lang='lat' dir='ltr'>de</span> 
     </span>
     <span class='ocr_line' id='line_1_7' title="bbox 63 1126 2082 1215; baseline -0.003 -17"><span class='ocrx_word' id='word_1_72' title='bbox 63 1132 174 1214; x_wconf 87' lang='lat' dir='ltr'>Lothe,</span> <span class='ocrx_word' id='word_1_73' title='bbox 199 1132 277 1198; x_wconf 89' lang='lat' dir='ltr'>Otto</span> <span class='ocrx_word' id='word_1_74' title='bbox 300 1131 465 1215; x_wconf 90' lang='lat' dir='ltr'>plebanus</span> <span class='ocrx_word' id='word_1_75' title='bbox 488 1128 664 1212; x_wconf 84' lang='lat' dir='ltr'>parrochie</span> <span class='ocrx_word' id='word_1_76' title='bbox 686 1127 818 1208; x_wconf 87' lang='lat' dir='ltr'>Montis,</span> <span class='ocrx_word' id='word_1_77' title='bbox 843 1126 1010 1191; x_wconf 89' lang='lat' dir='ltr'>Henricus</span> <span class='ocrx_word' id='word_1_78' title='bbox 1033 1126 1199 1209; x_wconf 89' lang='lat' dir='ltr'>plebanus</span> <span class='ocrx_word' id='word_1_79' title='bbox 1222 1127 1258 1191; x_wconf 92' lang='lat' dir='ltr'>in</span> <span class='ocrx_word' id='word_1_80' title='bbox 1281 1127 1476 1209; x_wconf 90' lang='lat' dir='ltr'>Vornholte,</span> <span class='ocrx_word' id='word_1_81' title='bbox 1499 1128 1706 1206; x_wconf 89' lang='lat' dir='ltr'>sacerdotes;</span> <span class='ocrx_word' id='word_1_82' title='bbox 1734 1127 1924 1192; x_wconf 88' lang='lat' dir='ltr'>Richardus</span> <span class='ocrx_word' id='word_1_83' title='bbox 1947 1127 2082 1212; x_wconf 71' lang='lat' dir='ltr'>Vulpes</span> 
     </span>
     <span class='ocr_line' id='line_1_8' title="bbox 61 1231 2086 1318; baseline -0.003 -14"><span class='ocrx_word' id='word_1_84' title='bbox 61 1238 238 1305; x_wconf 89' lang='lat' dir='ltr'>Nicholaus</span> <span class='ocrx_word' id='word_1_85' title='bbox 261 1238 304 1303; x_wconf 90' lang='lat' dir='ltr'>de</span> <span class='ocrx_word' id='word_1_86' title='bbox 326 1237 498 1318; x_wconf 88' lang='lat' dir='ltr'>Lierbeke,</span> <span class='ocrx_word' id='word_1_87' title='bbox 530 1235 668 1317; x_wconf 83' lang='lat' dir='ltr'>milites3</span> <span class='ocrx_word' id='word_1_88' title='bbox 704 1234 876 1300; x_wconf 80' lang='lat' dir='ltr'>Comedus</span> <span class='ocrx_word' id='word_1_89' title='bbox 904 1232 947 1297; x_wconf 92' lang='lat' dir='ltr'>de</span> <span class='ocrx_word' id='word_1_90' title='bbox 969 1231 1156 1316; x_wconf 88' lang='lat' dir='ltr'>Gripeshop</span> <span class='ocrx_word' id='word_1_91' title='bbox 1180 1235 1214 1297; x_wconf 89' lang='lat' dir='ltr'>et</span> <span class='ocrx_word' id='word_1_92' title='bbox 1238 1232 1464 1298; x_wconf 87' lang='lat' dir='ltr'>Theodericus</span> <span class='ocrx_word' id='word_1_93' title='bbox 1487 1233 1609 1297; x_wconf 88' lang='lat' dir='ltr'>Knolle</span> <span class='ocrx_word' id='word_1_94' title='bbox 1632 1231 1758 1298; x_wconf 80' lang='lat' dir='ltr'>famuli.</span> <span class='ocrx_word' id='word_1_95' title='bbox 1805 1232 1891 1298; x_wconf 88' lang='lat' dir='ltr'>Acta</span> <span class='ocrx_word' id='word_1_96' title='bbox 1914 1237 1992 1298; x_wconf 88' lang='lat' dir='ltr'>sunt</span> <span class='ocrx_word' id='word_1_97' title='bbox 2021 1233 2086 1297; x_wconf 89' lang='lat' dir='ltr'>hec</span> 
     </span>
     <span class='ocr_line' id='line_1_9' title="bbox 61 1338 2085 1423; baseline -0.003 -15"><span class='ocrx_word' id='word_1_98' title='bbox 61 1344 95 1408; x_wconf 91' lang='lat' dir='ltr'>in</span> <span class='ocrx_word' id='word_1_99' title='bbox 117 1345 228 1409; x_wconf 88' lang='lat' dir='ltr'>Monte</span> <span class='ocrx_word' id='word_1_100' title='bbox 251 1363 340 1409; x_wconf 91' lang='lat' dir='ltr'>anno</span> <span class='ocrx_word' id='word_1_101' title='bbox 363 1343 497 1409; x_wconf 89' lang='lat' dir='ltr'>Domini</span> <span class='ocrx_word' id='word_1_102' title='bbox 520 1341 659 1407; x_wconf 83' lang='lat' dir='ltr'>M⁰.CC⁰.</span> <span class='ocrx_word' id='word_1_103' title='bbox 683 1339 899 1422; x_wconf 89' lang='lat' dir='ltr'>nonagesimo</span> <span class='ocrx_word' id='word_1_104' title='bbox 922 1341 1052 1423; x_wconf 84' lang='lat' dir='ltr'>quarto,</span> <span class='ocrx_word' id='word_1_105' title='bbox 1077 1338 1243 1404; x_wconf 90' lang='lat' dir='ltr'>dominica</span> <span class='ocrx_word' id='word_1_106' title='bbox 1265 1340 1342 1423; x_wconf 90' lang='lat' dir='ltr'>post</span> <span class='ocrx_word' id='word_1_107' title='bbox 1364 1338 1485 1403; x_wconf 88' lang='lat' dir='ltr'>festum</span> <span class='ocrx_word' id='word_1_108' title='bbox 1509 1341 1624 1404; x_wconf 88' lang='lat' dir='ltr'>sancte</span> <span class='ocrx_word' id='word_1_109' title='bbox 1646 1338 1829 1422; x_wconf 88' lang='lat' dir='ltr'>Margarete</span> <span class='ocrx_word' id='word_1_110' title='bbox 1851 1338 1996 1421; x_wconf 86' lang='lat' dir='ltr'>virginis.</span> <span class='ocrx_word' id='word_1_111' title='bbox 2044 1339 2085 1404; x_wconf 93' lang='lat' dir='ltr'>In</span> 
     </span>
     <span class='ocr_line' id='line_1_10' title="bbox 59 1443 2085 1528; baseline -0.003 -13"><span class='ocrx_word' id='word_1_112' title='bbox 59 1451 157 1515; x_wconf 89' lang='lat' dir='ltr'>huius</span> <span class='ocrx_word' id='word_1_113' title='bbox 188 1449 236 1514; x_wconf 90' lang='lat' dir='ltr'>rei</span> <span class='ocrx_word' id='word_1_114' title='bbox 267 1448 500 1515; x_wconf 76' lang='lat' dir='ltr'>certitudinem</span> <span class='ocrx_word' id='word_1_115' title='bbox 531 1450 565 1514; x_wconf 93' lang='lat' dir='ltr'>et</span> <span class='ocrx_word' id='word_1_116' title='bbox 592 1445 880 1513; x_wconf 87' lang='lat' dir='ltr'>confirmationem</span> <span class='ocrx_word' id='word_1_117' title='bbox 915 1448 1107 1528; x_wconf 87' lang='lat' dir='ltr'>presentem</span> <span class='ocrx_word' id='word_1_118' title='bbox 1142 1443 1288 1509; x_wconf 86' lang='lat' dir='ltr'>litteram</span> <span class='ocrx_word' id='word_1_119' title='bbox 1323 1444 1401 1510; x_wconf 90' lang='lat' dir='ltr'>inde</span> <span class='ocrx_word' id='word_1_120' title='bbox 1437 1444 1620 1510; x_wconf 86' lang='lat' dir='ltr'>confectam</span> <span class='ocrx_word' id='word_1_121' title='bbox 1655 1443 1762 1526; x_wconf 90' lang='lat' dir='ltr'>sigillo</span> <span class='ocrx_word' id='word_1_122' title='bbox 1796 1448 1911 1510; x_wconf 87' lang='lat' dir='ltr'>nostro</span> <span class='ocrx_word' id='word_1_123' title='bbox 1946 1443 2085 1510; x_wconf 87' lang='lat' dir='ltr'>fecimus</span> 
     </span>
    </p>
   </div>
   <div class='ocr_carea' id='block_1_5' title="bbox 58 1555 2085 1742">
    <p class='ocr_par' dir='ltr' id='par_1_5' title="bbox 58 1555 2085 1742">
     <span class='ocr_line' id='line_1_11' title="bbox 58 1555 2085 1742; baseline 0.02 -63"><span class='ocrx_word' id='word_1_124' title='bbox 58 1555 248 1725; x_wconf 46' lang='lat' dir='ltr'><strong>mborambr·</strong></span> <span class='ocrx_word' id='word_1_125' title='bbox 272 1663 317 1724; x_wconf 57' lang='lat' dir='ltr'>im</span> <span class='ocrx_word' id='word_1_126' title='bbox 339 1660 456 1724; x_wconf 54' lang='lat' dir='ltr'><strong><em>Archi„</em></strong></span> <span class='ocrx_word' id='word_1_127' title='bbox 478 1659 531 1724; x_wconf 56' lang='lat' dir='ltr'>ge,</span> <span class='ocrx_word' id='word_1_128' title='bbox 553 1657 607 1724; x_wconf 72' lang='grc' dir='ltr'>Κῑ,</span> <span class='ocrx_word' id='word_1_129' title='bbox 625 1657 770 1724; x_wconf 67' lang='lat' dir='ltr'>Locoum.</span> <span class='ocrx_word' id='word_1_130' title='bbox 817 1659 870 1722; x_wconf 84' lang='lat' dir='ltr'>An</span> <span class='ocrx_word' id='word_1_131' title='bbox 892 1659 1020 1722; x_wconf 79' lang='lat' dir='ltr'>weissen</span> <span class='ocrx_word' id='word_1_132' title='bbox 1043 1653 1289 1736; x_wconf 77' lang='lat' dir='ltr'>Honfecbnciren</span> <span class='ocrx_word' id='word_1_133' title='bbox 1313 1655 1523 1742; x_wconf 74' lang='lat' dir='ltr'>beecbdda&#39;ptee</span> <span class='ocrx_word' id='word_1_134' title='bbox 1548 1653 1651 1740; x_wconf 76' lang='lat' dir='ltr'>Siegel</span> <span class='ocrx_word' id='word_1_135' title='bbox 1673 1657 1727 1720; x_wconf 75' lang='lat' dir='ltr'>dea</span> <span class='ocrx_word' id='word_1_136' title='bbox 1742 1655 1939 1720; x_wconf 69' lang='lat' dir='ltr'>Amendae</span> <span class='ocrx_word' id='word_1_137' title='bbox 1989 1652 2085 1721; x_wconf 66' lang='lat' dir='ltr'>dede.</span> 
     </span>
    </p>
   </div>
   <div class='ocr_carea' id='block_1_6' title="bbox 270 1758 2089 2060">
    <p class='ocr_par' dir='ltr' id='par_1_6' title="bbox 270 1758 2089 2060">
     <span class='ocr_line' id='line_1_12' title="bbox 271 1758 2086 1853; baseline -0.003 -23"><span class='ocrx_word' id='word_1_138' title='bbox 271 1791 297 1830; x_wconf 89' lang='lat' dir='ltr'>o.</span> <span class='ocrx_word' id='word_1_139' title='bbox 322 1764 519 1853; x_wconf 73' lang='lat' dir='ltr'>Hodenberg,</span> <span class='ocrx_word' id='word_1_140' title='bbox 544 1764 751 1852; x_wconf 74' lang='lat' dir='ltr'>Colcaberqer</span> <span class='ocrx_word' id='word_1_141' title='bbox 778 1761 849 1829; x_wconf 82' lang='grc' dir='ltr'>ΠΒ.</span> <span class='ocrx_word' id='word_1_142' title='bbox 873 1763 971 1828; x_wconf 74' lang='lat' dir='ltr'>Aban.</span> <span class='ocrx_word' id='word_1_143' title='bbox 997 1759 1060 1840; x_wconf 92' lang='grc' dir='ltr'><em>ΙΙΙ,</em></span> <span class='ocrx_word' id='word_1_144' title='bbox 1094 1760 1129 1828; x_wconf 82' lang='lat' dir='ltr'>S.</span> <span class='ocrx_word' id='word_1_145' title='bbox 1152 1760 1218 1824; x_wconf 86' lang='grc'><em>314</em></span> <span class='ocrx_word' id='word_1_146' title='bbox 1248 1758 1309 1824; x_wconf 85' lang='lat' dir='ltr'>Nr.</span> <span class='ocrx_word' id='word_1_147' title='bbox 1333 1761 1409 1827; x_wconf 81' lang='grc'><em>504.</em></span> <span class='ocrx_word' id='word_1_148' title='bbox 1457 1760 1572 1848; x_wconf 69' lang='lat' dir='ltr'>Repeti</span> <span class='ocrx_word' id='word_1_149' title='bbox 1601 1759 1704 1842; x_wconf 82' lang='lat' dir='ltr'>Westf.</span> <span class='ocrx_word' id='word_1_150' title='bbox 1730 1760 1955 1828; x_wconf 67' lang='lat' dir='ltr'>Preciae-Bit.</span> <span class='ocrx_word' id='word_1_151' title='bbox 1982 1758 2029 1840; x_wconf 93' lang='grc' dir='ltr'>ΙΙ,</span> <span class='ocrx_word' id='word_1_152' title='bbox 2054 1760 2086 1839; x_wconf 89' lang='grc'>4,</span> 
     </span>
     <span class='ocr_line' id='line_1_13' title="bbox 273 1863 2089 1954; baseline -0.004 -16"><span class='ocrx_word' id='word_1_153' title='bbox 273 1871 306 1940; x_wconf 84' lang='lat' dir='ltr'>S.</span> <span class='ocrx_word' id='word_1_154' title='bbox 330 1871 375 1936; x_wconf 79' lang='lat'>6⁸3</span> <span class='ocrx_word' id='word_1_155' title='bbox 403 1869 463 1937; x_wconf 82' lang='lat' dir='ltr'>Nr.</span> <span class='ocrx_word' id='word_1_156' title='bbox 488 1871 562 1937; x_wconf 85' lang='grc'><em>144.</em></span> <span class='ocrx_word' id='word_1_157' title='bbox 609 1872 792 1939; x_wconf 84' lang='lat' dir='ltr'>Vornholte</span> <span class='ocrx_word' id='word_1_158' title='bbox 815 1870 894 1952; x_wconf 72' lang='lat' dir='ltr'>jetti</span> <span class='ocrx_word' id='word_1_159' title='bbox 928 1866 955 1930; x_wconf 88' lang='lat' dir='ltr'><em>V</em></span> <span class='ocrx_word' id='word_1_160' title='bbox 953 1867 1099 1933; x_wconf 80' lang='lat' dir='ltr'>arcnlrolz</span> <span class='ocrx_word' id='word_1_161' title='bbox 1129 1865 1166 1936; x_wconf 89' lang='lat'>0.</span> <span class='ocrx_word' id='word_1_162' title='bbox 1201 1863 1310 1932; x_wconf 77' lang='lat' dir='ltr'>Vlorbo</span> <span class='ocrx_word' id='word_1_163' title='bbox 1336 1869 1380 1931; x_wconf 83' lang='lat' dir='ltr'>im</span> <span class='ocrx_word' id='word_1_164' title='bbox 1408 1865 1607 1954; x_wconf 66' lang='lat' dir='ltr'>Lippisoben.</span> <span class='ocrx_word' id='word_1_165' title='bbox 1653 1867 1819 1933; x_wconf 68' lang='lat' dir='ltr'>Gerrnodab</span> <span class='ocrx_word' id='word_1_166' title='bbox 1852 1870 1895 1932; x_wconf 76' lang='lat' dir='ltr'>br</span> <span class='ocrx_word' id='word_1_167' title='bbox 1921 1866 2089 1947; x_wconf 73' lang='lat' dir='ltr'>7&#39;edensolls</span> 
     </span>
     <span class='ocr_line' id='line_1_14' title="bbox 270 1971 1715 2060; baseline -0.003 -16"><span class='ocrx_word' id='word_1_168' title='bbox 270 1983 337 2044; x_wconf 81' lang='lat' dir='ltr'>eine</span> <span class='ocrx_word' id='word_1_169' title='bbox 360 1977 479 2044; x_wconf 79' lang='lat' dir='ltr'>Person</span> <span class='ocrx_word' id='word_1_170' title='bbox 500 1979 635 2043; x_wconf 73' lang='lat' dir='ltr'>mittier</span> <span class='ocrx_word' id='word_1_171' title='bbox 658 1975 720 2040; x_wconf 85' lang='lat' dir='ltr'>Nr.</span> <span class='ocrx_word' id='word_1_172' title='bbox 746 1975 833 2042; x_wconf 76' lang='lat'><em>1508</em></span> <span class='ocrx_word' id='word_1_173' title='bbox 854 1977 921 2040; x_wconf 77' lang='lat' dir='ltr'>aad</span> <span class='ocrx_word' id='word_1_174' title='bbox 938 1973 1053 2052; x_wconf 79' lang='lat' dir='ltr'>friiber</span> <span class='ocrx_word' id='word_1_175' title='bbox 1074 1985 1248 2059; x_wconf 71' lang='lat' dir='ltr'>penanatcn</span> <span class='ocrx_word' id='word_1_176' title='bbox 1271 1972 1443 2060; x_wconf 69' lang='lat' dir='ltr'>Gerburyia</span> <span class='ocrx_word' id='word_1_177' title='bbox 1465 1995 1523 2038; x_wconf 82' lang='lat' dir='ltr'>oon</span> <span class='ocrx_word' id='word_1_178' title='bbox 1545 1971 1715 2060; x_wconf 73' lang='lat' dir='ltr'>Homharp.</span> 
     </span>
    </p>
   </div>
   <div class='ocr_carea' id='block_1_7' title="bbox 1019 2190 1125 2269">
    <p class='ocr_par' dir='ltr' id='par_1_7' title="bbox 1019 2190 1125 2269">
     <span class='ocr_line' id='line_1_15' title="bbox 1019 2190 1125 2269; baseline 0.009 -1"><span class='ocrx_word' id='word_1_179' title='bbox 1019 2190 1125 2269; x_wconf 78' lang='lat'><strong>1517.</strong></span> 
     </span>
    </p>
   </div>
   <div class='ocr_carea' id='block_1_8' title="bbox 57 2315 2088 2514">
    <p class='ocr_par' dir='ltr' id='par_1_8' title="bbox 57 2315 2088 2514">
     <span class='ocr_line' id='line_1_16' title="bbox 57 2315 2088 2496; baseline -0.004 -102"><span class='ocrx_word' id='word_1_180' title='bbox 57 2321 223 2411; x_wconf 76' lang='lat' dir='ltr'>Edeluopi</span> <span class='ocrx_word' id='word_1_181' title='bbox 251 2320 414 2392; x_wconf 78' lang='lat' dir='ltr'>Gerbord</span> <span class='ocrx_word' id='word_1_182' title='bbox 439 2340 514 2392; x_wconf 80' lang='grc'><em>111111</em></span> <span class='ocrx_word' id='word_1_183' title='bbox 540 2316 654 2408; x_wconf 71' lang='lat' dir='ltr'>Berge</span> <span class='ocrx_word' id='word_1_184' title='bbox 687 2319 879 2408; x_wconf 68' lang='grc' dir='ltr'><em>141111θό9111</em></span> <span class='ocrx_word' id='word_1_185' title='bbox 905 2317 1075 2496; x_wconf 53' lang='grc' dir='ltr'><em>4121154Ιῇ</em></span> <span class='ocrx_word' id='word_1_186' title='bbox 1103 2317 1226 2496; x_wconf 54' lang='lat' dir='ltr'>Laid}</span> <span class='ocrx_word' id='word_1_187' title='bbox 1253 2316 1320 2390; x_wconf 82' lang='lat' dir='ltr'>deo</span> <span class='ocrx_word' id='word_1_188' title='bbox 1344 2337 1486 2408; x_wconf 73' lang='lat' dir='ltr'>grossae</span> <span class='ocrx_word' id='word_1_189' title='bbox 1514 2316 1599 2405; x_wconf 75' lang='lat' dir='ltr'>Hos</span> <span class='ocrx_word' id='word_1_190' title='bbox 1618 2317 1657 2388; x_wconf 81' lang='lat' dir='ltr'>in</span> <span class='ocrx_word' id='word_1_191' title='bbox 1682 2315 1817 2388; x_wconf 83' lang='lat' dir='ltr'>stsco.</span> <span class='ocrx_word' id='word_1_192' title='bbox 1864 2315 2088 2408; x_wconf 77' lang='lat' dir='ltr'>Sobolhsderg</span> 
     </span>
     <span class='ocr_line' id='line_1_17' title="bbox 912 2430 1234 2514; baseline -0.003 -19"><span class='ocrx_word' id='word_1_193' title='bbox 912 2430 933 2495; x_wconf 88' lang='lat'><strong><em>1</em></strong></span> <span class='ocrx_word' id='word_1_194' title='bbox 1073 2431 1175 2514; x_wconf 73' lang='lat' dir='ltr'>opust</span> <span class='ocrx_word' id='word_1_195' title='bbox 1226 2479 1234 2494; x_wconf 93' lang='lat'><strong>.</strong></span> 
     </span>
    </p>
   </div>
   <div class='ocr_carea' id='block_1_9' title="bbox 57 2543 2088 4632">
    <p class='ocr_par' dir='ltr' id='par_1_9' title="bbox 57 2543 2088 4225">
     <span class='ocr_line' id='line_1_18' title="bbox 165 2543 2086 2628; baseline -0.003 -17"><span class='ocrx_word' id='word_1_196' title='bbox 165 2545 331 2611; x_wconf 90' lang='lat' dir='ltr'>Omnibus</span> <span class='ocrx_word' id='word_1_197' title='bbox 358 2547 549 2628; x_wconf 86' lang='lat' dir='ltr'>presentem</span> <span class='ocrx_word' id='word_1_198' title='bbox 577 2544 738 2610; x_wconf 88' lang='lat' dir='ltr'>cartulam</span> <span class='ocrx_word' id='word_1_199' title='bbox 773 2543 974 2625; x_wconf 86' lang='lat' dir='ltr'>inspecturis</span> <span class='ocrx_word' id='word_1_200' title='bbox 1007 2543 1128 2610; x_wconf 92' lang='lat' dir='ltr'>nobilis</span> <span class='ocrx_word' id='word_1_201' title='bbox 1163 2544 1214 2608; x_wconf 88' lang='lat' dir='ltr'>vir</span> <span class='ocrx_word' id='word_1_202' title='bbox 1246 2543 1467 2628; x_wconf 86' lang='lat' dir='ltr'>Ger(hardus)</span> <span class='ocrx_word' id='word_1_203' title='bbox 1499 2543 1679 2608; x_wconf 90' lang='lat' dir='ltr'>advocatus</span> <span class='ocrx_word' id='word_1_204' title='bbox 1712 2543 1753 2606; x_wconf 92' lang='lat' dir='ltr'>de</span> <span class='ocrx_word' id='word_1_205' title='bbox 1776 2543 1890 2607; x_wconf 91' lang='lat' dir='ltr'>Monte</span> <span class='ocrx_word' id='word_1_206' title='bbox 1921 2543 2086 2625; x_wconf 85' lang='lat' dir='ltr'>presentis</span> 
     </span>
     <span class='ocr_line' id='line_1_19' title="bbox 61 2647 2087 2735; baseline -0.001 -19"><span class='ocrx_word' id='word_1_207' title='bbox 61 2651 172 2735; x_wconf 87' lang='lat' dir='ltr'>scripti</span> <span class='ocrx_word' id='word_1_208' title='bbox 196 2650 441 2717; x_wconf 82' lang='lat' dir='ltr'>continenciam</span> <span class='ocrx_word' id='word_1_209' title='bbox 464 2651 638 2716; x_wconf 89' lang='lat' dir='ltr'>attendere</span> <span class='ocrx_word' id='word_1_210' title='bbox 661 2649 844 2733; x_wconf 87' lang='lat' dir='ltr'>diligenter.</span> <span class='ocrx_word' id='word_1_211' title='bbox 893 2649 1027 2716; x_wconf 89' lang='lat' dir='ltr'>Curiam</span> <span class='ocrx_word' id='word_1_212' title='bbox 1050 2653 1201 2714; x_wconf 88' lang='lat' dir='ltr'>nostram</span> <span class='ocrx_word' id='word_1_213' title='bbox 1225 2669 1377 2732; x_wconf 87' lang='lat' dir='ltr'>magnam</span> <span class='ocrx_word' id='word_1_214' title='bbox 1401 2649 1436 2713; x_wconf 90' lang='lat' dir='ltr'>in</span> <span class='ocrx_word' id='word_1_215' title='bbox 1459 2647 1588 2730; x_wconf 83' lang='lat' dir='ltr'>lutsen,</span> <span class='ocrx_word' id='word_1_216' title='bbox 1612 2667 1713 2732; x_wconf 89' lang='lat' dir='ltr'>qnam</span> <span class='ocrx_word' id='word_1_217' title='bbox 1736 2649 1891 2716; x_wconf 88' lang='lat' dir='ltr'>monachi</span> <span class='ocrx_word' id='word_1_218' title='bbox 1916 2650 1957 2716; x_wconf 91' lang='lat' dir='ltr'>de</span> <span class='ocrx_word' id='word_1_219' title='bbox 1975 2647 2087 2716; x_wconf 86' lang='lat' dir='ltr'>Lucka</span> 
     </span>
     <span class='ocr_line' id='line_1_20' title="bbox 60 2737 2086 2840; baseline -0.003 -16"><span class='ocrx_word' id='word_1_220' title='bbox 60 2779 119 2840; x_wconf 91' lang='lat' dir='ltr'>per</span> <span class='ocrx_word' id='word_1_221' title='bbox 147 2758 279 2840; x_wconf 89' lang='lat' dir='ltr'>aliquos</span> <span class='ocrx_word' id='word_1_222' title='bbox 306 2777 413 2823; x_wconf 88' lang='lat' dir='ltr'>annos</span> <span class='ocrx_word' id='word_1_223' title='bbox 439 2759 555 2821; x_wconf 92' lang='lat' dir='ltr'>nostro</span> <span class='ocrx_word' id='word_1_224' title='bbox 584 2757 719 2823; x_wconf 91' lang='lat' dir='ltr'>nomine</span> <span class='ocrx_word' id='word_1_225' title='bbox 746 2758 969 2840; x_wconf 88' lang='lat' dir='ltr'>possederunt</span> <span class='ocrx_word' id='word_1_226' title='bbox 1000 2757 1234 2838; x_wconf 83' lang='lat' dir='ltr'>presentantes</span> <span class='ocrx_word' id='word_1_227' title='bbox 1262 2755 1401 2838; x_wconf 90' lang='lat' dir='ltr'>singulis</span> <span class='ocrx_word' id='word_1_228' title='bbox 1425 2737 1521 2821; x_wconf 85' lang='lat' dir='ltr'>annis</span> <span class='ocrx_word' id='word_1_229' title='bbox 1546 2774 1647 2820; x_wconf 89' lang='lat' dir='ltr'>unam</span> <span class='ocrx_word' id='word_1_230' title='bbox 1671 2756 1891 2837; x_wconf 79' lang='lat' dir='ltr'>plaustratam</span> <span class='ocrx_word' id='word_1_231' title='bbox 1913 2754 2050 2838; x_wconf 87' lang='lat' dir='ltr'>siliginis</span> <span class='ocrx_word' id='word_1_232' title='bbox 2059 2754 2086 2840; x_wconf 91' lang='lat'>¹)</span> 
     </span>
     <span class='ocr_line' id='line_1_21' title="bbox 62 2861 2087 2947; baseline -0.001 -19"><span class='ocrx_word' id='word_1_233' title='bbox 62 2863 206 2929; x_wconf 91' lang='lat' dir='ltr'>Henrico</span> <span class='ocrx_word' id='word_1_234' title='bbox 242 2863 331 2930; x_wconf 90' lang='lat' dir='ltr'>dicto</span> <span class='ocrx_word' id='word_1_235' title='bbox 360 2863 492 2947; x_wconf 91' lang='lat' dir='ltr'>Sprunc</span> <span class='ocrx_word' id='word_1_236' title='bbox 522 2863 585 2928; x_wconf 87' lang='lat' dir='ltr'>ciri</span> <span class='ocrx_word' id='word_1_237' title='bbox 615 2863 791 2946; x_wconf 82' lang='lat' dir='ltr'>Mindensi,</span> <span class='ocrx_word' id='word_1_238' title='bbox 826 2883 888 2928; x_wconf 87' lang='lat' dir='ltr'>nos</span> <span class='ocrx_word' id='word_1_239' title='bbox 917 2864 960 2928; x_wconf 89' lang='lat' dir='ltr'>ab</span> <span class='ocrx_word' id='word_1_240' title='bbox 988 2862 1071 2945; x_wconf 88' lang='lat' dir='ltr'>ipsis</span> <span class='ocrx_word' id='word_1_241' title='bbox 1099 2861 1272 2926; x_wconf 91' lang='lat' dir='ltr'>monachis</span> <span class='ocrx_word' id='word_1_242' title='bbox 1300 2861 1428 2927; x_wconf 90' lang='lat' dir='ltr'>curiam</span> <span class='ocrx_word' id='word_1_243' title='bbox 1458 2863 1598 2928; x_wconf 88' lang='lat' dir='ltr'>eandem</span> <span class='ocrx_word' id='word_1_244' title='bbox 1628 2862 1829 2946; x_wconf 89' lang='lat' dir='ltr'>recipientes</span> <span class='ocrx_word' id='word_1_245' title='bbox 1856 2862 1898 2927; x_wconf 91' lang='lat' dir='ltr'>de</span> <span class='ocrx_word' id='word_1_246' title='bbox 1922 2880 2087 2927; x_wconf 87' lang='lat' dir='ltr'>consensu</span> 
     </span>
     <span class='ocr_line' id='line_1_22' title="bbox 61 2967 2087 3038; baseline -0.001 -3"><span class='ocrx_word' id='word_1_247' title='bbox 61 2973 171 3038; x_wconf 90' lang='lat' dir='ltr'>nostre</span> <span class='ocrx_word' id='word_1_248' title='bbox 205 2969 318 3034; x_wconf 83' lang='lat' dir='ltr'>uxoris</span> <span class='ocrx_word' id='word_1_249' title='bbox 353 2969 487 3035; x_wconf 80' lang='lat' dir='ltr'>donune</span> <span class='ocrx_word' id='word_1_250' title='bbox 523 2969 699 3036; x_wconf 89' lang='lat' dir='ltr'>Germodis</span> <span class='ocrx_word' id='word_1_251' title='bbox 733 2989 772 3036; x_wconf 89' lang='lat' dir='ltr'>ac</span> <span class='ocrx_word' id='word_1_252' title='bbox 806 2967 941 3034; x_wconf 90' lang='lat' dir='ltr'>nomine</span> <span class='ocrx_word' id='word_1_253' title='bbox 977 2969 1139 3034; x_wconf 89' lang='lat' dir='ltr'>heredum</span> <span class='ocrx_word' id='word_1_254' title='bbox 1173 2972 1368 3034; x_wconf 87' lang='lat' dir='ltr'>nostrorum</span> <span class='ocrx_word' id='word_1_255' title='bbox 1402 2968 1438 3034; x_wconf 91' lang='lat' dir='ltr'>in</span> <span class='ocrx_word' id='word_1_256' title='bbox 1470 2969 1653 3034; x_wconf 88' lang='lat' dir='ltr'>claustrum</span> <span class='ocrx_word' id='word_1_257' title='bbox 1687 2989 1841 3036; x_wconf 89' lang='lat' dir='ltr'>sororum</span> <span class='ocrx_word' id='word_1_258' title='bbox 1875 2969 1908 3034; x_wconf 92' lang='lat' dir='ltr'>in</span> <span class='ocrx_word' id='word_1_259' title='bbox 1946 2967 2087 3033; x_wconf 91' lang='lat' dir='ltr'>Lodhen</span> 
     </span>
     <span class='ocr_line' id='line_1_23' title="bbox 60 3074 2087 3158; baseline -0.001 -16"><span class='ocrx_word' id='word_1_260' title='bbox 60 3076 291 3142; x_wconf 88' lang='lat' dir='ltr'>transtulimus</span> <span class='ocrx_word' id='word_1_261' title='bbox 315 3079 349 3142; x_wconf 89' lang='lat' dir='ltr'>et</span> <span class='ocrx_word' id='word_1_262' title='bbox 369 3076 600 3143; x_wconf 84' lang='lat' dir='ltr'>transferimus</span> <span class='ocrx_word' id='word_1_263' title='bbox 623 3078 687 3143; x_wconf 91' lang='lat' dir='ltr'>snb</span> <span class='ocrx_word' id='word_1_264' title='bbox 711 3077 774 3142; x_wconf 90' lang='lat' dir='ltr'>hac</span> <span class='ocrx_word' id='word_1_265' title='bbox 796 3075 914 3156; x_wconf 87' lang='lat' dir='ltr'>forma,</span> <span class='ocrx_word' id='word_1_266' title='bbox 950 3075 1104 3140; x_wconf 86' lang='lat' dir='ltr'>videlicet</span> <span class='ocrx_word' id='word_1_267' title='bbox 1127 3074 1219 3156; x_wconf 93' lang='lat' dir='ltr'>quod</span> <span class='ocrx_word' id='word_1_268' title='bbox 1240 3075 1313 3157; x_wconf 90' lang='lat' dir='ltr'>ipse</span> <span class='ocrx_word' id='word_1_269' title='bbox 1337 3094 1470 3139; x_wconf 92' lang='lat' dir='ltr'>sorores</span> <span class='ocrx_word' id='word_1_270' title='bbox 1492 3075 1735 3158; x_wconf 80' lang='lat' dir='ltr'>proprietatem</span> <span class='ocrx_word' id='word_1_271' title='bbox 1759 3075 1906 3141; x_wconf 89' lang='lat' dir='ltr'>habeant</span> <span class='ocrx_word' id='word_1_272' title='bbox 1929 3078 1962 3141; x_wconf 92' lang='lat' dir='ltr'>et</span> <span class='ocrx_word' id='word_1_273' title='bbox 1986 3093 2087 3140; x_wconf 90' lang='lat' dir='ltr'>omne</span> 
     </span>
     <span class='ocr_line' id='line_1_24' title="bbox 61 3180 2086 3267; baseline -0 -21"><span class='ocrx_word' id='word_1_274' title='bbox 61 3182 108 3246; x_wconf 89' lang='lat' dir='ltr'>ins</span> <span class='ocrx_word' id='word_1_275' title='bbox 133 3202 302 3249; x_wconf 88' lang='lat' dir='ltr'>annexum</span> <span class='ocrx_word' id='word_1_276' title='bbox 333 3182 423 3248; x_wconf 89' lang='lat' dir='ltr'>curie</span> <span class='ocrx_word' id='word_1_277' title='bbox 450 3182 615 3266; x_wconf 84' lang='lat' dir='ltr'>prelibata</span> <span class='ocrx_word' id='word_1_278' title='bbox 644 3182 792 3267; x_wconf 90' lang='lat' dir='ltr'>dentque</span> <span class='ocrx_word' id='word_1_279' title='bbox 816 3181 954 3265; x_wconf 89' lang='lat' dir='ltr'>singulis</span> <span class='ocrx_word' id='word_1_280' title='bbox 978 3180 1075 3248; x_wconf 88' lang='lat' dir='ltr'>annis</span> <span class='ocrx_word' id='word_1_281' title='bbox 1098 3181 1319 3264; x_wconf 86' lang='lat' dir='ltr'>plaustratam</span> <span class='ocrx_word' id='word_1_282' title='bbox 1342 3200 1443 3246; x_wconf 92' lang='lat' dir='ltr'>unam</span> <span class='ocrx_word' id='word_1_283' title='bbox 1466 3180 1604 3264; x_wconf 83' lang='lat' dir='ltr'>siliginis</span> <span class='ocrx_word' id='word_1_284' title='bbox 1629 3181 1759 3265; x_wconf 84' lang='lat' dir='ltr'>prefato</span> <span class='ocrx_word' id='word_1_285' title='bbox 1784 3181 1929 3247; x_wconf 90' lang='lat' dir='ltr'>Henrico</span> <span class='ocrx_word' id='word_1_286' title='bbox 1953 3182 2086 3263; x_wconf 89' lang='lat' dir='ltr'>Sprunc</span> 
     </span>
     <span class='ocr_line' id='line_1_25' title="bbox 62 3286 2088 3373; baseline -0 -21"><span class='ocrx_word' id='word_1_287' title='bbox 62 3309 186 3373; x_wconf 90' lang='lat' dir='ltr'>sueque</span> <span class='ocrx_word' id='word_1_288' title='bbox 211 3289 341 3371; x_wconf 86' lang='lat' dir='ltr'>coniugi</span> <span class='ocrx_word' id='word_1_289' title='bbox 364 3291 526 3373; x_wconf 88' lang='lat' dir='ltr'>quamdiu</span> <span class='ocrx_word' id='word_1_290' title='bbox 549 3289 692 3356; x_wconf 83' lang='lat' dir='ltr'>vixerint</span> <span class='ocrx_word' id='word_1_291' title='bbox 715 3289 813 3355; x_wconf 90' lang='lat' dir='ltr'>ambo</span> <span class='ocrx_word' id='word_1_292' title='bbox 836 3290 889 3355; x_wconf 86' lang='lat' dir='ltr'>vel</span> <span class='ocrx_word' id='word_1_293' title='bbox 912 3308 1058 3372; x_wconf 89' lang='lat' dir='ltr'>persona</span> <span class='ocrx_word' id='word_1_294' title='bbox 1080 3289 1243 3353; x_wconf 86' lang='lat' dir='ltr'>alterutra</span> <span class='ocrx_word' id='word_1_295' title='bbox 1265 3288 1500 3370; x_wconf 89' lang='lat' dir='ltr'>predictorum.</span> <span class='ocrx_word' id='word_1_296' title='bbox 1547 3288 1622 3352; x_wconf 90' lang='lat' dir='ltr'>Hoc</span> <span class='ocrx_word' id='word_1_297' title='bbox 1644 3287 1750 3353; x_wconf 92' lang='lat' dir='ltr'>eciam</span> <span class='ocrx_word' id='word_1_298' title='bbox 1774 3288 1955 3354; x_wconf 89' lang='lat' dir='ltr'>adiecimus</span> <span class='ocrx_word' id='word_1_299' title='bbox 1971 3286 2007 3352; x_wconf 91' lang='lat' dir='ltr'>in</span> <span class='ocrx_word' id='word_1_300' title='bbox 2021 3288 2088 3352; x_wconf 90' lang='lat' dir='ltr'>hoc</span> 
     </span>
     <span class='ocr_line' id='line_1_26' title="bbox 61 3393 2087 3480; baseline -0 -21"><span class='ocrx_word' id='word_1_301' title='bbox 61 3399 244 3478; x_wconf 89' lang='lat' dir='ltr'>contractu,</span> <span class='ocrx_word' id='word_1_302' title='bbox 267 3396 369 3480; x_wconf 92' lang='lat' dir='ltr'>quod,</span> <span class='ocrx_word' id='word_1_303' title='bbox 393 3396 423 3460; x_wconf 93' lang='lat' dir='ltr'>si</span> <span class='ocrx_word' id='word_1_304' title='bbox 446 3395 542 3480; x_wconf 87' lang='lat' dir='ltr'>siligo</span> <span class='ocrx_word' id='word_1_305' title='bbox 565 3395 637 3462; x_wconf 87' lang='lat' dir='ltr'>dari</span> <span class='ocrx_word' id='word_1_306' title='bbox 659 3415 728 3461; x_wconf 90' lang='lat' dir='ltr'>non</span> <span class='ocrx_word' id='word_1_307' title='bbox 751 3395 875 3479; x_wconf 92' lang='lat' dir='ltr'>poterit</span> <span class='ocrx_word' id='word_1_308' title='bbox 898 3415 939 3460; x_wconf 83' lang='lat' dir='ltr'>ex</span> <span class='ocrx_word' id='word_1_309' title='bbox 962 3395 1076 3478; x_wconf 89' lang='lat' dir='ltr'>aliqua</span> <span class='ocrx_word' id='word_1_310' title='bbox 1098 3415 1209 3474; x_wconf 90' lang='lat' dir='ltr'>causa,</span> <span class='ocrx_word' id='word_1_311' title='bbox 1234 3396 1418 3459; x_wconf 86' lang='lat' dir='ltr'>conventus</span> <span class='ocrx_word' id='word_1_312' title='bbox 1441 3413 1594 3460; x_wconf 90' lang='lat' dir='ltr'>sororum</span> <span class='ocrx_word' id='word_1_313' title='bbox 1617 3394 1659 3460; x_wconf 93' lang='lat' dir='ltr'>de</span> <span class='ocrx_word' id='word_1_314' title='bbox 1682 3395 1795 3475; x_wconf 91' lang='lat' dir='ltr'>orde0‚</span> <span class='ocrx_word' id='word_1_315' title='bbox 1817 3414 1923 3460; x_wconf 88' lang='lat' dir='ltr'>avena</span> <span class='ocrx_word' id='word_1_316' title='bbox 1939 3395 1998 3459; x_wconf 91' lang='lat' dir='ltr'>aut</span> <span class='ocrx_word' id='word_1_317' title='bbox 2013 3393 2087 3459; x_wconf 91' lang='lat' dir='ltr'>aliis</span> 
     </span>
     <span class='ocr_line' id='line_1_27' title="bbox 61 3500 2086 3586; baseline 0.001 -22"><span class='ocrx_word' id='word_1_318' title='bbox 61 3500 220 3567; x_wconf 85' lang='lat' dir='ltr'>imctibus</span> <span class='ocrx_word' id='word_1_319' title='bbox 244 3502 333 3568; x_wconf 88' lang='lat' dir='ltr'>curie</span> <span class='ocrx_word' id='word_1_320' title='bbox 355 3504 488 3568; x_wconf 90' lang='lat' dir='ltr'>tantum</span> <span class='ocrx_word' id='word_1_321' title='bbox 510 3502 682 3586; x_wconf 90' lang='lat' dir='ltr'>percipiat,</span> <span class='ocrx_word' id='word_1_322' title='bbox 711 3503 804 3585; x_wconf 93' lang='lat' dir='ltr'>quod</span> <span class='ocrx_word' id='word_1_323' title='bbox 828 3502 993 3584; x_wconf 84' lang='lat' dir='ltr'>siliginem</span> <span class='ocrx_word' id='word_1_324' title='bbox 1017 3502 1096 3565; x_wconf 89' lang='lat' dir='ltr'>dare</span> <span class='ocrx_word' id='word_1_325' title='bbox 1119 3500 1264 3584; x_wconf 91' lang='lat' dir='ltr'>possint;</span> <span class='ocrx_word' id='word_1_326' title='bbox 1300 3500 1328 3564; x_wconf 93' lang='lat' dir='ltr'>si</span> <span class='ocrx_word' id='word_1_327' title='bbox 1351 3520 1430 3567; x_wconf 84' lang='lat' dir='ltr'>vero</span> <span class='ocrx_word' id='word_1_328' title='bbox 1454 3500 1629 3583; x_wconf 86' lang='lat' dir='ltr'>contigerit</span> <span class='ocrx_word' id='word_1_329' title='bbox 1652 3500 1776 3566; x_wconf 89' lang='lat' dir='ltr'>curiam</span> <span class='ocrx_word' id='word_1_330' title='bbox 1800 3501 1908 3584; x_wconf 90' lang='lat' dir='ltr'>ipsam</span> <span class='ocrx_word' id='word_1_331' title='bbox 1930 3500 2086 3567; x_wconf 91' lang='lat' dir='ltr'>incendio</span> 
     </span>
     <span class='ocr_line' id='line_1_28' title="bbox 62 3607 2087 3692; baseline 0.001 -21"><span class='ocrx_word' id='word_1_332' title='bbox 62 3607 188 3673; x_wconf 89' lang='lat' dir='ltr'>destrui</span> <span class='ocrx_word' id='word_1_333' title='bbox 216 3608 268 3674; x_wconf 86' lang='lat' dir='ltr'>vel</span> <span class='ocrx_word' id='word_1_334' title='bbox 297 3609 416 3691; x_wconf 86' lang='lat' dir='ltr'>rapina</span> <span class='ocrx_word' id='word_1_335' title='bbox 448 3609 501 3674; x_wconf 84' lang='lat' dir='ltr'>vel</span> <span class='ocrx_word' id='word_1_336' title='bbox 530 3610 765 3692; x_wconf 89' lang='lat' dir='ltr'>qualicumque</span> <span class='ocrx_word' id='word_1_337' title='bbox 796 3609 896 3674; x_wconf 92' lang='lat' dir='ltr'>modo</span> <span class='ocrx_word' id='word_1_338' title='bbox 922 3610 1053 3673; x_wconf 88' lang='lat' dir='ltr'>tantum</span> <span class='ocrx_word' id='word_1_339' title='bbox 1078 3607 1262 3687; x_wconf 87' lang='lat' dir='ltr'>extenuari,</span> <span class='ocrx_word' id='word_1_340' title='bbox 1298 3607 1389 3691; x_wconf 93' lang='lat' dir='ltr'>quod</span> <span class='ocrx_word' id='word_1_341' title='bbox 1411 3626 1478 3671; x_wconf 90' lang='lat' dir='ltr'>uno</span> <span class='ocrx_word' id='word_1_342' title='bbox 1502 3627 1591 3673; x_wconf 90' lang='lat' dir='ltr'>anno</span> <span class='ocrx_word' id='word_1_343' title='bbox 1614 3608 1666 3672; x_wconf 90' lang='lat' dir='ltr'>vel</span> <span class='ocrx_word' id='word_1_344' title='bbox 1690 3607 1841 3690; x_wconf 89' lang='lat' dir='ltr'>pluribus</span> <span class='ocrx_word' id='word_1_345' title='bbox 1865 3627 1985 3673; x_wconf 90' lang='lat' dir='ltr'>census</span> <span class='ocrx_word' id='word_1_346' title='bbox 2008 3608 2087 3673; x_wconf 92' lang='lat' dir='ltr'>inde</span> 
     </span>
     <span class='ocr_line' id='line_1_29' title="bbox 62 3712 2087 3798; baseline 0 -20"><span class='ocrx_word' id='word_1_347' title='bbox 62 3715 192 3779; x_wconf 89' lang='lat' dir='ltr'>debitus</span> <span class='ocrx_word' id='word_1_348' title='bbox 227 3715 403 3797; x_wconf 85' lang='lat' dir='ltr'>provenire</span> <span class='ocrx_word' id='word_1_349' title='bbox 432 3734 500 3780; x_wconf 93' lang='lat' dir='ltr'>non</span> <span class='ocrx_word' id='word_1_350' title='bbox 530 3715 648 3798; x_wconf 87' lang='lat' dir='ltr'>possit,</span> <span class='ocrx_word' id='word_1_351' title='bbox 681 3716 865 3780; x_wconf 90' lang='lat' dir='ltr'>memorate</span> <span class='ocrx_word' id='word_1_352' title='bbox 888 3733 1021 3779; x_wconf 87' lang='lat' dir='ltr'>sorores</span> <span class='ocrx_word' id='word_1_353' title='bbox 1045 3719 1113 3780; x_wconf 87' lang='lat' dir='ltr'>tam</span> <span class='ocrx_word' id='word_1_354' title='bbox 1138 3715 1196 3778; x_wconf 92' lang='lat' dir='ltr'>diu</span> <span class='ocrx_word' id='word_1_355' title='bbox 1220 3713 1344 3779; x_wconf 90' lang='lat' dir='ltr'>curiam</span> <span class='ocrx_word' id='word_1_356' title='bbox 1368 3715 1478 3796; x_wconf 87' lang='lat' dir='ltr'>ipsam</span> <span class='ocrx_word' id='word_1_357' title='bbox 1501 3733 1577 3779; x_wconf 89' lang='lat' dir='ltr'>cum</span> <span class='ocrx_word' id='word_1_358' title='bbox 1601 3712 1765 3780; x_wconf 88' lang='lat' dir='ltr'>fructibus</span> <span class='ocrx_word' id='word_1_359' title='bbox 1789 3715 1858 3778; x_wconf 90' lang='lat' dir='ltr'>suis</span> <span class='ocrx_word' id='word_1_360' title='bbox 1881 3713 2087 3797; x_wconf 85' lang='lat' dir='ltr'>possideant,</span> 
     </span>
     <span class='ocr_line' id='line_1_30' title="bbox 59 3819 2088 3906; baseline 0 -22"><span class='ocrx_word' id='word_1_361' title='bbox 59 3839 235 3906; x_wconf 88' lang='lat' dir='ltr'>quousque</span> <span class='ocrx_word' id='word_1_362' title='bbox 259 3821 300 3886; x_wconf 93' lang='lat' dir='ltr'>de</span> <span class='ocrx_word' id='word_1_363' title='bbox 325 3821 470 3904; x_wconf 90' lang='lat' dir='ltr'>dampno</span> <span class='ocrx_word' id='word_1_364' title='bbox 495 3841 556 3886; x_wconf 91' lang='lat' dir='ltr'>suo</span> <span class='ocrx_word' id='word_1_365' title='bbox 580 3821 644 3886; x_wconf 90' lang='lat' dir='ltr'>sibi</span> <span class='ocrx_word' id='word_1_366' title='bbox 667 3820 766 3886; x_wconf 86' lang='lat' dir='ltr'>luerit</span> <span class='ocrx_word' id='word_1_367' title='bbox 789 3820 1013 3899; x_wconf 83' lang='lat' dir='ltr'>satisfactum3</span> <span class='ocrx_word' id='word_1_368' title='bbox 1050 3820 1141 3903; x_wconf 91' lang='lat' dir='ltr'>quod</span> <span class='ocrx_word' id='word_1_369' title='bbox 1171 3822 1282 3885; x_wconf 90' lang='lat' dir='ltr'>autem</span> <span class='ocrx_word' id='word_1_370' title='bbox 1311 3820 1556 3904; x_wconf 87' lang='lat' dir='ltr'>supercreverit</span> <span class='ocrx_word' id='word_1_371' title='bbox 1590 3819 1673 3903; x_wconf 86' lang='lat' dir='ltr'>ipsis</span> <span class='ocrx_word' id='word_1_372' title='bbox 1698 3820 1849 3885; x_wconf 90' lang='lat' dir='ltr'>deductis</span> <span class='ocrx_word' id='word_1_373' title='bbox 1873 3820 2030 3903; x_wconf 87' lang='lat' dir='ltr'>expensis</span> <span class='ocrx_word' id='word_1_374' title='bbox 2053 3823 2088 3885; x_wconf 87' lang='lat' dir='ltr'>et</span> 
     </span>
     <span class='ocr_line' id='line_1_31' title="bbox 59 3924 2087 4010; baseline 0 -21"><span class='ocrx_word' id='word_1_375' title='bbox 59 3926 188 4009; x_wconf 84' lang='lat' dir='ltr'>siligine</span> <span class='ocrx_word' id='word_1_376' title='bbox 211 3927 392 4010; x_wconf 86' lang='lat' dir='ltr'>persoluta,</span> <span class='ocrx_word' id='word_1_377' title='bbox 421 3926 516 3993; x_wconf 92' lang='lat' dir='ltr'>nobis</span> <span class='ocrx_word' id='word_1_378' title='bbox 540 3927 627 3994; x_wconf 88' lang='lat' dir='ltr'>dicte</span> <span class='ocrx_word' id='word_1_379' title='bbox 650 3947 782 3993; x_wconf 89' lang='lat' dir='ltr'>sorores</span> <span class='ocrx_word' id='word_1_380' title='bbox 805 3926 982 3993; x_wconf 85' lang='lat' dir='ltr'>refundere</span> <span class='ocrx_word' id='word_1_381' title='bbox 1004 3927 1224 4006; x_wconf 82' lang='lat' dir='ltr'>tenebuntur3</span> <span class='ocrx_word' id='word_1_382' title='bbox 1259 3926 1400 3990; x_wconf 90' lang='lat' dir='ltr'>mortuis</span> <span class='ocrx_word' id='word_1_383' title='bbox 1424 3945 1559 4010; x_wconf 92' lang='lat' dir='ltr'>quoque</span> <span class='ocrx_word' id='word_1_384' title='bbox 1582 3925 1737 4007; x_wconf 89' lang='lat' dir='ltr'>personis</span> <span class='ocrx_word' id='word_1_385' title='bbox 1760 3925 1933 4008; x_wconf 82' lang='lat' dir='ltr'>ambabus,</span> <span class='ocrx_word' id='word_1_386' title='bbox 1964 3924 2087 4008; x_wconf 92' lang='lat' dir='ltr'>quibus</span> 
     </span>
     <span class='ocr_line' id='line_1_32' title="bbox 58 4031 2085 4118; baseline 0 -22"><span class='ocrx_word' id='word_1_387' title='bbox 58 4033 198 4097; x_wconf 76' lang='lat' dir='ltr'>solvitur</span> <span class='ocrx_word' id='word_1_388' title='bbox 219 4034 294 4116; x_wconf 89' lang='lat' dir='ltr'>ipsa</span> <span class='ocrx_word' id='word_1_389' title='bbox 316 4034 422 4118; x_wconf 86' lang='lat' dir='ltr'>siligo,</span> <span class='ocrx_word' id='word_1_390' title='bbox 446 4033 589 4100; x_wconf 87' lang='lat' dir='ltr'>cessabit</span> <span class='ocrx_word' id='word_1_391' title='bbox 611 4034 673 4098; x_wconf 91' lang='lat' dir='ltr'>hec</span> <span class='ocrx_word' id='word_1_392' title='bbox 694 4034 813 4118; x_wconf 92' lang='lat' dir='ltr'>pensio</span> <span class='ocrx_word' id='word_1_393' title='bbox 837 4036 870 4098; x_wconf 92' lang='lat' dir='ltr'>et</span> <span class='ocrx_word' id='word_1_394' title='bbox 893 4034 936 4099; x_wconf 94' lang='lat' dir='ltr'>ad</span> <span class='ocrx_word' id='word_1_395' title='bbox 958 4053 1020 4099; x_wconf 92' lang='lat' dir='ltr'>nos</span> <span class='ocrx_word' id='word_1_396' title='bbox 1045 4033 1119 4115; x_wconf 91' lang='lat' dir='ltr'>ipsa</span> <span class='ocrx_word' id='word_1_397' title='bbox 1143 4033 1236 4098; x_wconf 88' lang='lat' dir='ltr'>curia</span> <span class='ocrx_word' id='word_1_398' title='bbox 1259 4035 1452 4098; x_wconf 89' lang='lat' dir='ltr'>revertetur.</span> <span class='ocrx_word' id='word_1_399' title='bbox 1500 4033 1621 4098; x_wconf 89' lang='lat' dir='ltr'>Datum</span> <span class='ocrx_word' id='word_1_400' title='bbox 1644 4032 1678 4097; x_wconf 93' lang='lat' dir='ltr'>in</span> <span class='ocrx_word' id='word_1_401' title='bbox 1701 4033 1813 4098; x_wconf 89' lang='lat' dir='ltr'>Monte</span> <span class='ocrx_word' id='word_1_402' title='bbox 1837 4052 1925 4097; x_wconf 90' lang='lat' dir='ltr'>anno</span> <span class='ocrx_word' id='word_1_403' title='bbox 1951 4031 2085 4099; x_wconf 90' lang='lat' dir='ltr'>Domini</span> 
     </span>
     <span class='ocr_line' id='line_1_33' title="bbox 57 4137 1687 4225; baseline 0.001 -23"><span class='ocrx_word' id='word_1_404' title='bbox 57 4137 196 4204; x_wconf 86' lang='lat' dir='ltr'>M⁰.CC⁰.</span> <span class='ocrx_word' id='word_1_405' title='bbox 220 4139 435 4223; x_wconf 88' lang='lat' dir='ltr'>nonagesimo</span> <span class='ocrx_word' id='word_1_406' title='bbox 459 4144 577 4223; x_wconf 84' lang='lat' dir='ltr'>quarto</span> <span class='ocrx_word' id='word_1_407' title='bbox 585 4138 624 4225; x_wconf 74' lang='lat'>²),</span> <span class='ocrx_word' id='word_1_408' title='bbox 648 4141 684 4205; x_wconf 94' lang='lat' dir='ltr'>in</span> <span class='ocrx_word' id='word_1_409' title='bbox 705 4141 791 4206; x_wconf 90' lang='lat' dir='ltr'>sesto</span> <span class='ocrx_word' id='word_1_410' title='bbox 815 4140 1016 4206; x_wconf 88' lang='lat' dir='ltr'>inventionis</span> <span class='ocrx_word' id='word_1_411' title='bbox 1039 4140 1129 4204; x_wconf 91' lang='lat' dir='ltr'>beati</span> <span class='ocrx_word' id='word_1_412' title='bbox 1153 4139 1316 4221; x_wconf 89' lang='lat' dir='ltr'>Stephani</span> <span class='ocrx_word' id='word_1_413' title='bbox 1338 4138 1482 4205; x_wconf 89' lang='lat' dir='ltr'>martiris</span> <span class='ocrx_word' id='word_1_414' title='bbox 1506 4137 1640 4223; x_wconf 90' lang='lat' dir='ltr'>gloriosi</span> <span class='ocrx_word' id='word_1_415' title='bbox 1649 4137 1687 4224; x_wconf 76' lang='lat'>8).</span> 
     </span>
    </p>

    <p class='ocr_par' dir='ltr' id='par_1_10' title="bbox 273 4243 1312 4317">
     <span class='ocr_line' id='line_1_34' title="bbox 273 4243 1312 4317; baseline -0.002 -19"><span class='ocrx_word' id='word_1_416' title='bbox 273 4243 295 4315; x_wconf 79' lang='lat'>¹)</span> <span class='ocrx_word' id='word_1_417' title='bbox 314 4246 429 4317; x_wconf 88' lang='lat' dir='ltr'>siliginis</span> <span class='ocrx_word' id='word_1_418' title='bbox 440 4245 515 4316; x_wconf 76' lang='lat' dir='ltr'>selle</span> <span class='ocrx_word' id='word_1_419' title='bbox 534 4245 567 4299; x_wconf 81' lang='grc' dir='ltr'>Α.</span> <span class='ocrx_word' id='word_1_420' title='bbox 605 4246 626 4313; x_wconf 87' lang='lat'>¹)</span> <span class='ocrx_word' id='word_1_421' title='bbox 646 4245 848 4300; x_wconf 82' lang='lat' dir='ltr'>A:x0⁰.1111⁰.</span> <span class='ocrx_word' id='word_1_422' title='bbox 887 4243 910 4314; x_wconf 82' lang='lat'>⁸)</span> <span class='ocrx_word' id='word_1_423' title='bbox 930 4246 1045 4298; x_wconf 78' lang='lat' dir='ltr'>martiris</span> <span class='ocrx_word' id='word_1_424' title='bbox 1063 4245 1174 4314; x_wconf 86' lang='lat' dir='ltr'>gloriosi</span> <span class='ocrx_word' id='word_1_425' title='bbox 1185 4244 1260 4314; x_wconf 74' lang='lat' dir='ltr'>fehlt</span> <span class='ocrx_word' id='word_1_426' title='bbox 1277 4243 1312 4296; x_wconf 78' lang='lat' dir='ltr'>A.</span> 
     </span>
    </p>

    <p class='ocr_par' dir='ltr' id='par_1_11' title="bbox 191 4330 2086 4632">
     <span class='ocr_line' id='line_1_35' title="bbox 191 4330 2084 4420; baseline 0.001 -24"><span class='ocrx_word' id='word_1_427' title='bbox 191 4331 353 4414; x_wconf 65' lang='lat' dir='ltr'>aberret</span> <span class='ocrx_word' id='word_1_428' title='bbox 373 4334 427 4399; x_wconf 81' lang='lat' dir='ltr'>dee</span> <span class='ocrx_word' id='word_1_429' title='bbox 451 4333 503 4401; x_wconf 90' lang='grc'><em>14.</em></span> <span class='ocrx_word' id='word_1_430' title='bbox 526 4333 641 4399; x_wconf 75' lang='lat' dir='ltr'>Jahrb.</span> <span class='ocrx_word' id='word_1_431' title='bbox 673 4337 718 4398; x_wconf 81' lang='lat' dir='ltr'>im</span> <span class='ocrx_word' id='word_1_432' title='bbox 740 4332 819 4420; x_wconf 64' lang='grc' dir='ltr'>Καρ.</span> <span class='ocrx_word' id='word_1_433' title='bbox 845 4331 907 4416; x_wconf 81' lang='grc' dir='ltr'><em>ΙΙΙ,</em></span> <span class='ocrx_word' id='word_1_434' title='bbox 932 4331 1007 4412; x_wconf 83' lang='lat'>130,</span> <span class='ocrx_word' id='word_1_435' title='bbox 1033 4331 1068 4398; x_wconf 78' lang='lat' dir='ltr'>S.</span> <span class='ocrx_word' id='word_1_436' title='bbox 1097 4331 1159 4397; x_wconf 85' lang='lat'>106</span> <span class='ocrx_word' id='word_1_437' title='bbox 1188 4337 1233 4398; x_wconf 82' lang='lat' dir='ltr'>im</span> <span class='ocrx_word' id='word_1_438' title='bbox 1255 4331 1328 4418; x_wconf 72' lang='lat' dir='ltr'>Kpl.</span> <span class='ocrx_word' id='word_1_439' title='bbox 1355 4331 1462 4398; x_wconf 78' lang='lat' dir='ltr'>sc-A.</span> <span class='ocrx_word' id='word_1_440' title='bbox 1492 4355 1532 4398; x_wconf 81' lang='lat' dir='ltr'>zu</span> <span class='ocrx_word' id='word_1_441' title='bbox 1555 4330 1724 4397; x_wconf 79' lang='lat' dir='ltr'>Honaooer</span> <span class='ocrx_word' id='word_1_442' title='bbox 1752 4333 1818 4416; x_wconf 82' lang='lat' dir='ltr'><strong><em>(A).</em></strong></span> <span class='ocrx_word' id='word_1_443' title='bbox 1865 4330 1937 4396; x_wconf 79' lang='lat' dir='ltr'>Dae</span> <span class='ocrx_word' id='word_1_444' title='bbox 1960 4331 2016 4397; x_wconf 83' lang='lat' dir='ltr'>Or.</span> <span class='ocrx_word' id='word_1_445' title='bbox 2039 4335 2084 4398; x_wconf 82' lang='lat' dir='ltr'>im</span> 
     </span>
     <span class='ocr_line' id='line_1_36' title="bbox 274 4435 2085 4525; baseline -0.001 -21"><span class='ocrx_word' id='word_1_446' title='bbox 274 4437 472 4525; x_wconf 56' lang='lat' dir='ltr'>Sbffiorehio</span> <span class='ocrx_word' id='word_1_447' title='bbox 492 4461 532 4504; x_wconf 78' lang='lat' dir='ltr'>aa</span> <span class='ocrx_word' id='word_1_448' title='bbox 554 4439 700 4523; x_wconf 77' lang='lat' dir='ltr'>Loccrom,</span> <span class='ocrx_word' id='word_1_449' title='bbox 723 4441 850 4505; x_wconf 82' lang='lat' dir='ltr'>monach</span> <span class='ocrx_word' id='word_1_450' title='bbox 872 4463 900 4506; x_wconf 88' lang='lat' dir='ltr'>o.</span> <span class='ocrx_word' id='word_1_451' title='bbox 924 4438 1120 4525; x_wconf 76' lang='lat' dir='ltr'>Hodenberp,</span> <span class='ocrx_word' id='word_1_452' title='bbox 1148 4439 1354 4524; x_wconf 74' lang='lat' dir='ltr'>Celenderqcr</span> <span class='ocrx_word' id='word_1_453' title='bbox 1381 4437 1452 4504; x_wconf 87' lang='lat' dir='ltr'>UB.</span> <span class='ocrx_word' id='word_1_454' title='bbox 1479 4438 1570 4504; x_wconf 69' lang='lat' dir='ltr'>Aba</span> <span class='ocrx_word' id='word_1_455' title='bbox 1595 4435 1658 4516; x_wconf 92' lang='grc' dir='ltr'><em>ΙΙΙ,</em></span> <span class='ocrx_word' id='word_1_456' title='bbox 1685 4437 1719 4503; x_wconf 84' lang='lat' dir='ltr'>S.</span> <span class='ocrx_word' id='word_1_457' title='bbox 1742 4436 1811 4502; x_wconf 81' lang='lat'>316</span> <span class='ocrx_word' id='word_1_458' title='bbox 1833 4435 1895 4506; x_wconf 86' lang='lat' dir='ltr'>Nr.</span> <span class='ocrx_word' id='word_1_459' title='bbox 1917 4436 1985 4503; x_wconf 77' lang='lat'>506</span> <span class='ocrx_word' id='word_1_460' title='bbox 2005 4439 2085 4503; x_wconf 79' lang='lat' dir='ltr'>norb</span> 
     </span>
     <span class='ocr_line' id='line_1_37' title="bbox 271 4542 2086 4632; baseline -0.001 -23"><span class='ocrx_word' id='word_1_461' title='bbox 271 4545 408 4628; x_wconf 69' lang='lat' dir='ltr'>deceta,</span> <span class='ocrx_word' id='word_1_462' title='bbox 431 4569 500 4611; x_wconf 82' lang='lat' dir='ltr'>war</span> <span class='ocrx_word' id='word_1_463' title='bbox 520 4547 604 4611; x_wconf 76' lang='lat' dir='ltr'>nicht</span> <span class='ocrx_word' id='word_1_464' title='bbox 624 4547 710 4611; x_wconf 76' lang='lat' dir='ltr'>ncehr</span> <span class='ocrx_word' id='word_1_465' title='bbox 732 4545 939 4630; x_wconf 78' lang='lat' dir='ltr'>ocfzufinden.</span> <span class='ocrx_word' id='word_1_466' title='bbox 986 4545 1101 4632; x_wconf 76' lang='lat' dir='ltr'>Reqest</span> <span class='ocrx_word' id='word_1_467' title='bbox 1129 4544 1235 4629; x_wconf 64' lang='lat' dir='ltr'>Werff.</span> <span class='ocrx_word' id='word_1_468' title='bbox 1260 4544 1520 4611; x_wconf 65' lang='lat' dir='ltr'>ProoinzialBll.</span> <span class='ocrx_word' id='word_1_469' title='bbox 1546 4542 1590 4624; x_wconf 94' lang='grc' dir='ltr'>ΙΙ,</span> <span class='ocrx_word' id='word_1_470' title='bbox 1615 4544 1646 4624; x_wconf 78' lang='grc'>4,</span> <span class='ocrx_word' id='word_1_471' title='bbox 1673 4543 1707 4610; x_wconf 82' lang='lat' dir='ltr'>S.</span> <span class='ocrx_word' id='word_1_472' title='bbox 1731 4543 1776 4608; x_wconf 80' lang='lat'>63</span> <span class='ocrx_word' id='word_1_473' title='bbox 1799 4542 1859 4612; x_wconf 82' lang='lat' dir='ltr'>Nr.</span> <span class='ocrx_word' id='word_1_474' title='bbox 1885 4543 1949 4608; x_wconf 76' lang='lat'>145</span> <span class='ocrx_word' id='word_1_475' title='bbox 1971 4545 2086 4630; x_wconf 73' lang='lat' dir='ltr'>falech</span> 
     </span>
    </p>
   </div>
   <div class='ocr_carea' id='block_1_10' title="bbox 273 4651 579 4719">
    <p class='ocr_par' dir='ltr' id='par_1_12' title="bbox 273 4651 579 4719">
     <span class='ocr_line' id='line_1_38' title="bbox 273 4651 579 4719; baseline -0.007 -2"><span class='ocrx_word' id='word_1_476' title='bbox 273 4674 311 4717; x_wconf 76' lang='lat' dir='ltr'>eu</span> <span class='ocrx_word' id='word_1_477' title='bbox 332 4651 503 4719; x_wconf 81' lang='lat' dir='ltr'>Deaember</span> <span class='ocrx_word' id='word_1_478' title='bbox 524 4651 579 4716; x_wconf 82' lang='lat'>26.</span> 
     </span>
    </p>
   </div>
   <div class='ocr_carea' id='block_1_11' title="bbox 185 4814 1960 5049">
    <p class='ocr_par' dir='ltr' id='par_1_13' title="bbox 185 4814 1960 5049">
     <span class='ocr_line' id='line_1_39' title="bbox 1017 4819 1123 4894; baseline 0.019 -2"><span class='ocrx_word' id='word_1_479' title='bbox 1017 4819 1038 4892; x_wconf 93' lang='lat'>1</span> <span class='ocrx_word' id='word_1_480' title='bbox 1116 4877 1123 4894; x_wconf 90' lang='lat'>.</span> 
     </span>
     <span class='ocr_line' id='line_1_40' title="bbox 185 4814 1960 5049; baseline 0.001 -34"><span class='ocrx_word' id='word_1_481' title='bbox 185 4941 271 5032; x_wconf 71' lang='lat' dir='ltr'>scin</span> <span class='ocrx_word' id='word_1_482' title='bbox 300 4942 551 5016; x_wconf 79' lang='lat' dir='ltr'>Obernlcircben</span> <span class='ocrx_word' id='word_1_483' title='bbox 578 4944 708 5016; x_wconf 83' lang='lat' dir='ltr'>toascbt</span> <span class='ocrx_word' id='word_1_484' title='bbox 734 4945 797 5015; x_wconf 81' lang='lat' dir='ltr'>mit</span> <span class='ocrx_word' id='word_1_485' title='bbox 824 4944 901 5016; x_wconf 85' lang='lat' dir='ltr'>dem</span> <span class='ocrx_word' id='word_1_486' title='bbox 928 4814 1125 5032; x_wconf 45' lang='lat' dir='ltr'>Moriaitisst</span> <span class='ocrx_word' id='word_1_487' title='bbox 1140 4965 1212 5049; x_wconf 16' lang='lat' dir='ltr'>*oor</span> <span class='ocrx_word' id='word_1_488' title='bbox 1240 4943 1390 5014; x_wconf 68' lang='lat' dir='ltr'>Momm</span> <span class='ocrx_word' id='word_1_489' title='bbox 1417 4941 1557 5034; x_wconf 78' lang='lat' dir='ltr'>Hdripe.</span> <span class='ocrx_word' id='word_1_490' title='bbox 1614 4940 1716 5016; x_wconf 80' lang='lat'><em>1294</em></span> <span class='ocrx_word' id='word_1_491' title='bbox 1743 4941 1880 5032; x_wconf 76' lang='lat' dir='ltr'>August</span> <span class='ocrx_word' id='word_1_492' title='bbox 1906 4945 1960 5017; x_wconf 87' lang='lat'>10.</span> 
     </span>
    </p>
   </div>
   <div class='ocr_carea' id='block_1_12' title="bbox 49 5058 2086 5464">
    <p class='ocr_par' dir='ltr' id='par_1_14' title="bbox 49 5058 2086 5464">
     <span class='ocr_line' id='line_1_41' title="bbox 161 5058 2085 5145; baseline -0.001 -19"><span class='ocrx_word' id='word_1_493' title='bbox 161 5061 232 5128; x_wconf 87' lang='lat' dir='ltr'>Nos</span> <span class='ocrx_word' id='word_1_494' title='bbox 256 5061 422 5127; x_wconf 89' lang='lat' dir='ltr'>Henricus</span> <span class='ocrx_word' id='word_1_495' title='bbox 446 5061 507 5128; x_wconf 91' lang='lat' dir='ltr'>Dei</span> <span class='ocrx_word' id='word_1_496' title='bbox 530 5062 641 5144; x_wconf 89' lang='lat' dir='ltr'>gracia</span> <span class='ocrx_word' id='word_1_497' title='bbox 663 5061 853 5145; x_wconf 91' lang='lat' dir='ltr'>prepositus</span> <span class='ocrx_word' id='word_1_498' title='bbox 876 5063 1035 5144; x_wconf 89' lang='lat' dir='ltr'>totusque</span> <span class='ocrx_word' id='word_1_499' title='bbox 1059 5065 1242 5128; x_wconf 88' lang='lat' dir='ltr'>conventus</span> <span class='ocrx_word' id='word_1_500' title='bbox 1265 5059 1460 5127; x_wconf 85' lang='lat' dir='ltr'>monasterii</span> <span class='ocrx_word' id='word_1_501' title='bbox 1483 5060 1519 5126; x_wconf 94' lang='lat' dir='ltr'>in</span> <span class='ocrx_word' id='word_1_502' title='bbox 1535 5058 1793 5126; x_wconf 88' lang='lat' dir='ltr'>Overenkerken</span> <span class='ocrx_word' id='word_1_503' title='bbox 1814 5060 2085 5143; x_wconf 90' lang='lat' dir='ltr'>recognoscimus</span> 
     </span>
     <span class='ocr_line' id='line_1_42' title="bbox 49 5165 2084 5252; baseline 0.002 -26"><span class='ocrx_word' id='word_1_504' title='bbox 49 5169 268 5243; x_wconf 90' lang='lat' dir='ltr'>presentibus</span> <span class='ocrx_word' id='word_1_505' title='bbox 298 5167 418 5234; x_wconf 89' lang='lat' dir='ltr'>litteris</span> <span class='ocrx_word' id='word_1_506' title='bbox 444 5169 679 5252; x_wconf 88' lang='lat' dir='ltr'>protestantes,</span> <span class='ocrx_word' id='word_1_507' title='bbox 710 5169 801 5252; x_wconf 90' lang='lat' dir='ltr'>quod</span> <span class='ocrx_word' id='word_1_508' title='bbox 824 5188 885 5234; x_wconf 89' lang='lat' dir='ltr'>nos</span> <span class='ocrx_word' id='word_1_509' title='bbox 908 5188 985 5234; x_wconf 91' lang='lat' dir='ltr'>cum</span> <span class='ocrx_word' id='word_1_510' title='bbox 1008 5167 1199 5234; x_wconf 88' lang='lat' dir='ltr'>honorabili</span> <span class='ocrx_word' id='word_1_511' title='bbox 1222 5167 1294 5232; x_wconf 89' lang='lat' dir='ltr'>viro</span> <span class='ocrx_word' id='word_1_512' title='bbox 1317 5167 1470 5235; x_wconf 85' lang='lat' dir='ltr'>Arnoldo</span> <span class='ocrx_word' id='word_1_513' title='bbox 1493 5168 1615 5234; x_wconf 86' lang='lat' dir='ltr'>abbate</span> <span class='ocrx_word' id='word_1_514' title='bbox 1639 5169 1673 5232; x_wconf 90' lang='lat' dir='ltr'>et</span> <span class='ocrx_word' id='word_1_515' title='bbox 1696 5170 1865 5233; x_wconf 86' lang='lat' dir='ltr'>conventu</span> <span class='ocrx_word' id='word_1_516' title='bbox 1887 5165 2084 5231; x_wconf 89' lang='lat' dir='ltr'>monasterii</span> 
     </span>
     <span class='ocr_line' id='line_1_43' title="bbox 50 5267 2084 5358; baseline 0.001 -24"><span class='ocrx_word' id='word_1_517' title='bbox 50 5267 167 5338; x_wconf 90' lang='lat' dir='ltr'>Insule</span> <span class='ocrx_word' id='word_1_518' title='bbox 183 5273 274 5356; x_wconf 90' lang='lat' dir='ltr'>apud</span> <span class='ocrx_word' id='word_1_519' title='bbox 289 5274 435 5340; x_wconf 90' lang='lat' dir='ltr'>Mindam</span> <span class='ocrx_word' id='word_1_520' title='bbox 460 5275 501 5340; x_wconf 92' lang='lat' dir='ltr'>de</span> <span class='ocrx_word' id='word_1_521' title='bbox 523 5274 726 5358; x_wconf 89' lang='lat' dir='ltr'>quibusdam</span> <span class='ocrx_word' id='word_1_522' title='bbox 749 5273 941 5340; x_wconf 90' lang='lat' dir='ltr'>hominibus</span> <span class='ocrx_word' id='word_1_523' title='bbox 965 5274 1095 5340; x_wconf 89' lang='lat' dir='ltr'>servilis</span> <span class='ocrx_word' id='word_1_524' title='bbox 1119 5273 1317 5340; x_wconf 83' lang='lat' dir='ltr'>conditionis</span> <span class='ocrx_word' id='word_1_525' title='bbox 1341 5274 1621 5357; x_wconf 88' lang='lat' dir='ltr'>permutationem</span> <span class='ocrx_word' id='word_1_526' title='bbox 1644 5271 1784 5339; x_wconf 88' lang='lat' dir='ltr'>fecimus</span> <span class='ocrx_word' id='word_1_527' title='bbox 1807 5271 2084 5354; x_wconf 86' lang='lat' dir='ltr'>infrascriptam:</span> 
     </span>
     <span class='ocr_line' id='line_1_44' title="bbox 50 5373 2086 5464; baseline 0.002 -27"><span class='ocrx_word' id='word_1_528' title='bbox 50 5373 210 5445; x_wconf 90' lang='lat' dir='ltr'>dedimus</span> <span class='ocrx_word' id='word_1_529' title='bbox 234 5379 402 5463; x_wconf 91' lang='lat' dir='ltr'>siquidem</span> <span class='ocrx_word' id='word_1_530' title='bbox 425 5380 512 5447; x_wconf 91' lang='lat' dir='ltr'>dicto</span> <span class='ocrx_word' id='word_1_531' title='bbox 537 5381 683 5446; x_wconf 89' lang='lat' dir='ltr'>claustro</span> <span class='ocrx_word' id='word_1_532' title='bbox 706 5379 817 5446; x_wconf 87' lang='lat' dir='ltr'>insule</span> <span class='ocrx_word' id='word_1_533' title='bbox 842 5381 1081 5464; x_wconf 87' lang='lat' dir='ltr'>Hadhewigem</span> <span class='ocrx_word' id='word_1_534' title='bbox 1105 5399 1243 5446; x_wconf 84' lang='lat' dir='ltr'>uxorem</span> <span class='ocrx_word' id='word_1_535' title='bbox 1264 5379 1434 5446; x_wconf 87' lang='lat' dir='ltr'>Gocewini</span> <span class='ocrx_word' id='word_1_536' title='bbox 1458 5382 1500 5446; x_wconf 91' lang='lat' dir='ltr'>de</span> <span class='ocrx_word' id='word_1_537' title='bbox 1516 5379 1620 5445; x_wconf 88' lang='lat' dir='ltr'>Sroke</span> <span class='ocrx_word' id='word_1_538' title='bbox 1629 5378 1654 5459; x_wconf 84' lang='lat'>1)</span> <span class='ocrx_word' id='word_1_539' title='bbox 1679 5398 1755 5445; x_wconf 91' lang='lat' dir='ltr'>cum</span> <span class='ocrx_word' id='word_1_540' title='bbox 1772 5379 1885 5461; x_wconf 92' lang='lat' dir='ltr'>pueris</span> <span class='ocrx_word' id='word_1_541' title='bbox 1901 5377 1971 5443; x_wconf 89' lang='lat' dir='ltr'>suis</span> <span class='ocrx_word' id='word_1_542' title='bbox 1987 5378 2086 5445; x_wconf 92' lang='lat' dir='ltr'>nobis</span> 
     </span>
    </p>
   </div>
   <div class='ocr_carea' id='block_1_13' title="bbox 161 5504 1866 5568">
    <p class='ocr_par' dir='ltr' id='par_1_15' title="bbox 161 5504 1866 5568">
     <span class='ocr_line' id='line_1_45' title="bbox 161 5504 1866 5568; baseline 0.005 -8"><span class='ocrx_word' id='word_1_543' title='bbox 161 5517 249 5564; x_wconf 68' lang='lat' dir='ltr'>wenta</span> <span class='ocrx_word' id='word_1_544' title='bbox 265 5517 404 5563; x_wconf 72' lang='lat' dir='ltr'>ure-nucu</span> <span class='ocrx_word' id='word_1_545' title='bbox 417 5514 456 5563; x_wconf 85' lang='lat' dir='ltr'>vr.</span> <span class='ocrx_word' id='word_1_546' title='bbox 1827 5504 1866 5568; x_wconf 84' lang='grc'><em>61</em></span> 
     </span>
    </p>
   </div>
   <div class='ocr_carea' id='block_1_14' title="bbox 0 0 2520 6792">
    <p class='ocr_par' dir='ltr' id='par_1_16' title="bbox 0 0 2520 6792">
     <span class='ocr_line' id='line_1_46' title="bbox 0 0 2520 6792; baseline 0 0"><span class='ocrx_word' id='word_1_547' title='bbox 0 0 2520 6792; x_wconf 95' lang='lat' dir='ltr'> </span> 
     </span>
    </p>
   </div>
  </div>
 </body>
</html>
