5022 6778
1011 487 1078 544 1299
1999 484 2063 550 525

49 689 241 773 negabimus,
276 685 305 750 31
335 703 356 750 a
389 683 484 750 nobis
514 683 587 749 illas
620 683 774 748 duxerint
808 683 977 748 humiliter
1010 683 1198 768 impetrare.
1246 685 1369 750 Datum
1393 687 1425 750 et
1450 689 1561 751 ectum
1584 707 1673 753 anno
1698 691 1829 756 Domini
1853 691 2064 760 M⁰.CC⁰.XC⁰

49 815 139 872 nono,
161 794 195 858 13
219 791 346 870 synodo
370 793 484 856 nostra
507 788 688 873 episcopali
713 788 749 854 in
772 789 825 854 die
848 791 949 855 Murci
972 807 1068 874 pape.

252 899 271 956 ι1
290 894 357 967 Kop.
376 901 475 966 gnatus
492 895 540 948 (311
557 895 613 948 deca
631 894 827 964 pewiibaliclren
848 893 1137 964 Abkiiraunycaeiclren
1155 896 1209 964 fiir
1228 911 1257 950 er
1275 897 1409 950 awiscien
1427 914 1445 950 n
1463 899 1564 962 (33133
1586 905 1730 969 generetur
1746 901 1805 971 yser
1822 901 1916 956 beiaco
1935 902 2011 971 Sirra,
2029 924 2064 958 zu

355 985 477 1054 gnaritur
495 983 562 1037 aber
579 983 632 1052 331.
654 982 793 1052 [1333393.
841 983 862 1050 ¹)
881 982 949 1054 Kop.
969 983 1148 1052 superpliciis.
1196 984 1218 1053 ⁸)
1238 1000 1292 1038 nou
1303 985 1379 1053 fehlt
1395 986 1431 1037 im
1449 985 1516 1058 Kop.
1554 988 2063 1055 9231331133333133.33(133331111,

354 1074 460 1126 131333
480 1071 604 1143 spitercr
623 1070 704 1124 Hand
721 1087 775 1124 nou
793 1070 1044 1140 siberpecclrriebea,

170 1162 333 1246 Abecbmjt
359 1163 413 1226 dec
445 1161 497 1225 11.
520 1160 632 1225 Jahrb.
668 1164 703 1223 irs
725 1159 802 1245 Kop.
829 1157 909 1236 XII,
939 1159 994 1237 51,
1019 1162 1080 1245 fol.
1107 1161 1173 1224 113
1203 1165 1246 1224 im
1275 1161 1347 1247 Kpl.
1375 1161 1480 1228 St-A.
1511 1187 1551 1228 zu
1578 1164 1754 1234 Haemona.
1801 1167 1872 1232 Dae
1896 1167 2065 1234 Bibelzr'iot

245 1269 341 1346 findet
363 1269 429 1332 sicis
454 1267 572 1332 Pcaim.
598 1265 641 1344 11,
669 1264 719 1332 12.

48 1509 156 1596 Kiaiy
182 1505 342 1578 Atbreebt
371 1504 511 1595 pebe‘etet
543 1503 719 1576 mebrerca
751 1503 950 1593 3313111313(
981 1503 1055 1574 aad
1086 1503 1270 1576 weltlicbea
1299 1505 1460 1596 Farstea,
1493 1508 1661 1578 33333133
1693 1510 1780 1580 aucis
1812 1509 1889 1582 dem
1917 1511 2064 1600 Biscbof

47 1612 204 1703 (bodoli)
233 1634 297 1683 oon
325 1611 474 1682 Mindon
500 1611 572 1682 aad
600 1609 676 1681 dem
696 1609 834 1698 Grofea
861 1615 878 1700 (
881 1610 972 1700 0113)
1000 1631 1064 1680 333
1091 1610 1320 1699 1133333139,
1349 1613 1422 1683 aad
1448 1613 1515 1683 dea
1543 1613 1707 1704 Burycra
1733 1617 1908 1688 mebrerer
1936 1618 2063 1706 81113113,

45 1722 200 1791 (13331133
235 1719 394 1806 Mindea,
434 1721 495 1805 fiir
527 1717 592 1788 dea
628 1717 737 1803 Fuit·
760 1717 843 1787 dass
876 1717 940 1788 der
972 1715 1067 1804 Graj
1095 1717 1282 1787 Eberhard
1314 1739 1377 1787 333
1410 1719 1473 1788 der
1512 1719 1618 1790 Mara
1652 1721 1729 1791 dem
1763 1721 1967 1811 1133133131
2000 1745 2063 1794 aon

46 1825 123 1896 11313
155 1826 226 1896 sicis
260 1825 479 1896 widerseteca
512 1823 612 1912 331113,
655 1823 780 1893 diesem
813 1843 876 1892 aar
909 1823 1115 1911 Erloaqarcp
1151 1823 1212 1892 der
1240 1823 1342 1894 Sturii
1370 1825 1566 1896 Dortmarcd
1600 1827 1673 1898 aad
1700 1829 1829 1918 eiaipcr
1856 1829 1948 1917 Ho'sa
1981 1833 2065 1922 13119

650 1928 868 2000 beirastebea.
925 1929 1062 2018 Biapca
1092 1927 1450 2006 1239033313.

169 2047 315 2126 Borma,
346 2047 478 2132 Reperio
507 2045 627 2111 Arbores·
655 2044 813 2112 113224.
863 2045 957 2112 Gedr.
991 2043 1190 2129 Kiadtinper·,
1226 2044 1411 2132 Sammluap
1437 2047 1682 2134 acerlrrmirdc'per
1710 2049 1921 2117 Nocbricbtea
1952 2053 1985 2118 S.
2009 2053 2062 2121 29.

249 2153 436 2230 Lucomblet,
466 2151 539 2216 ΠΒ.
563 2153 593 2217 (1.
619 2149 783 2216 Niederrb.
808 2149 853 2229 ΙῙ,
878 2150 937 2214 Nr.
966 2150 1066 2226 1039;
1092 2151 1205 2238 Reyest
1231 2151 1340 2230 Bahal,
1366 2152 1577 2219 Dorimander
1604 2154 1635 2218 U
1639 2155 1676 2222 B.
1703 2155 1729 2235 I,
1757 2157 1789 2222 S.
1816 2157 1878 2221 181
1903 2158 1963 2224 Νν.
1987 2159 2063 2238 267,

255 2259 360 2340 Weetsl
390 2257 458 2326 ΗΒ.
485 2257 542 2336 IV,
570 2257 604 2323 S.
631 2257 718 2321 1160
741 2257 799 2325 Nr.
824 2257 922 2326 2576.

994 2388 1103 2463 1637.

44 2498 242 2586 Erebischof
284 2496 441 2570 Wilcbotd
477 2519 538 2567 333
573 2496 667 2566 Irata
708 2496 861 2585 1331311131
901 2497 965 2567 (133
1001 2495 1116 2566 Stalai
1150 2496 1210 2566 des
1244 2496 1408 2584 Bisdcofs
1443 2496 1579 2584 hadolf
1610 2521 1673 2568 eoa
1702 2500 1851 2570 Mindon
1894 2501 1975 2572 siber
2008 2504 2064 2575 die

56 2605 261 2693 Verrcaltaap
288 2605 351 2674 der
370 2603 572 2674 Prdbeaderc
599 2602 671 2672 aad
699 2603 916 2691 Bestrafarcy
943 2603 1006 2672 der
1023 2601 1165 2673 Iliiaber
1192 2625 1249 2670 ora
1277 2602 1499 2692 Kircheapat.
1555 2605 1667 2674 Brr'r'bt
1685 2609 1781 2677 1299
1801 2607 1990 2679 November
2007 2613 2062 2680 18.

143 2722 338 2788 Wicboldus
363 2723 422 2786 Dei
446 2721 552 2804 gratia
575 2724 688 2786 sancte
713 2720 922 2785 Coloniensis
946 2721 1084 2786 ecclesie
1095 2721 1121 2804 ¹)
1145 2721 1415 2803 archiepiscopus
1446 2722 1531 2786 sacri
1554 2723 1684 2804 imperii
1708 2744 1769 2807 per
1791 2725 1932 2792 Ytaliam
1956 2728 2063 2792 archi-

45 2829 250 2894 cancellarius
266 2827 517 2894 honorabilibus
533 2828 611 2891 riris
628 2827 809 2910 preposita,
826 2827 953 2892 decano
970 2831 1003 2892 et
1019 2827 1163 2911 capitulo
1180 2827 1343 2892 Mindensi
1360 2846 1399 2892 ac
1415 2829 1503 2892 clero
1520 2828 1699 2892 universali
1712 2830 1854 2895 civitatis
1867 2834 1901 2895 et
1914 2832 2063 2914 dyocesis

46 2936 259 3000 lilindensium
292 2935 434 2999 salutem
459 2933 493 2998 in
517 2933 670 2997 Domino.
718 2935 787 2999 Sua
810 2933 906 2997 nobis
929 2933 1128 2998 uenerabilis
1153 2933 1186 2996 in
1211 2932 1344 2997 Christo
1369 2934 1471 2999 133133
1495 2933 1656 2999 Ludollus
1680 2936 1857 3019 episcopus
1881 2938 2062 3003 Mindensis

47 3043 261 3106 insinuatione
295 3041 493 3108 monstrauit
529 3040 688 3105 attentius
718 3040 822 3104 nostri
859 3039 960 3106 3111311
985 3039 1134 3103 debiturn
1157 3040 1364 3122 inplorand0‚
1399 3041 1500 3122 quod,
1535 3061 1611 3104 cum
1634 3041 1699 3123 ipsi
1723 3043 1805 3107 alias
1829 3044 1871 3106 de
1895 3047 2063 3110 communi

44 3150 237 3233 prelatorum
273 3167 408 3212 suorum
436 3150 470 3211 et
498 3147 634 3228 capituli
665 3146 847 3210 Mindensis
882 3166 1048 3212 consensu
1078 3147 1112 3208 in
1142 3148 1269 3227 synodo
1298 3167 1360 3210 333
1389 3146 1534 3228 generali
1565 3167 1626 3232 pro
1649 3151 1760 3212 vestro
1784 3151 1873 3215 bono
1898 3151 2063 3216 communi

46 3257 200 3335 statuerit,
237 3258 274 3319 ut
304 3273 420 3318 omnes
453 3257 604 3336 raptores
634 3273 746 3316 rerum
776 3252 1074 3318 ecclesiasticarum
1102 3252 1452 3316 excommunicationis
1476 3254 1675 3318 sententiam
1698 3255 1846 3319 incidant
1868 3256 1942 3338 ipso
1965 3257 2063 3338 lacte,

45 3364 190 3445 quodque
219 3361 302 3438 loca,
339 3361 381 3423 ad
405 3380 470 3442 que
495 3379 547 3424 res
572 3359 668 3423 huius
693 3359 900 3438 deferuntur,
937 3358 1095 3441 quamdiu
1124 3357 1185 3421 loci
1209 3359 1353 3442 plebano
1377 3360 1500 3424 sciente
1524 3360 1648 3424 ibidem
1671 3359 1804 3442 fuerint,
1840 3362 2064 3429 ecclesiastico

45 3470 102 3533 3131
126 3468 304 3551 supposita
338 3465 524 3544 interdicto,
561 3471 712 3547 preterea
747 3465 846 3546 quod,
882 3483 956 3529 cum
985 3464 1057 3548 ipse
1082 3464 1234 3528 similiter
1258 3485 1319 3547 pro
1344 3467 1578 3530 reformatione
1603 3466 1774 3550 discipline
1799 3487 1930 3532 necnon
1954 3471 2064 3552 equali

44 3575 270 3639 distributione
305 3573 553 3655 prebendarum
585 3574 617 3634 et
641 3572 683 3636 ob
708 3571 928 3635 reverentiam
958 3591 1068 3634 rerum
1093 3571 1392 3635 ecclesiasticarum
1420 3572 1637 3636 alienatarum
1661 3573 1798 3638 ecclesie
1822 3573 1994 3652 Mindensi
2029 3577 2065 3641 in

44 3681 194 3764 quihus2)
224 3679 379 3744 omnibus
408 3680 480 3760 ipsa
504 3677 642 3742 ecclesia
666 3678 731 3742 iam
756 3677 881 3741 dudum
907 3677 1055 3741 (13133133
1081 3678 1189 3742 varios
1213 3681 1263 3741 331
1286 3697 1455 3760 perpessa,
1492 3678 1703 3762 disciplinam
1727 3680 1761 3742 in
1785 3679 1903 3743 eadem
1927 3683 2067 3746 ecclesia

43 3807 96 3868 per
128 3809 183 3852 ros
213 3787 401 3864 canonicos
433 3787 533 3868 prout
562 3783 746 3865 antiquitus
778 3785 932 3848 decenter
956 3785 1161 3863 servabatur,
1192 3789 1327 3848 uicum
1353 3785 1512 3868 religione
1535 3789 1647 3849 vestra
1669 3786 1704 3849 in
1729 3787 1810 3850 13313
1834 3787 1955 3852 debitis
1979 3789 2067 3852 ince-

43 3894 130 3972 datis,
166 3893 337 3956 observari
374 3895 406 3955 et
438 3892 564 3956 fructus
600 3891 845 3972 prebendarum
880 3891 1065 3954 3331333331
1101 3889 1210 3970 equali
1248 3890 1484 3955 distributione
1520 3891 1606 3956 inter
1638 3893 1786 3974 singulos
1818 3893 1919 3958 dividi
1952 3914 1989 3956 33
2014 3915 2066 3960 333

43 3999 276 4064 33313313311333
312 3997 412 4076 laycis
448 3998 489 4061 (13
520 4001 631 4060 cetero
668 3998 709 4060 ad
736 3995 867 4059 firmam
903 4016 969 4059 non
1002 3995 1139 4058 concedi
1174 3997 1224 4060 vel
1258 3998 1425 4078 pignorari
1461 3998 1755 4082 possessionem³)‚
1791 4018 1866 4062 curn
1898 4019 1958 4080 per
1987 4001 2065 4063 13113

42 4107 207 4186 sepissime
245 4104 382 4169 ecclesie
417 4103 487 4168 3313
521 4103 618 4167 bonis
654 4103 749 4166 iustis
785 4101 1033 4181 defraudentur,
1071 4105 1103 4165 et
1127 4101 1270 4165 alienata
1294 4103 1381 4167 13133
1405 4123 1563 4181 mensem,
1599 4103 1662 4166 nisi
1689 4103 1884 4168 alienatores
1916 4125 1955 4168 ex
1978 4107 2065 4170 iusta

42 4230 134 4275 causa
159 4212 352 4276 ulteriorem
376 4210 554 4274 terminum
578 4210 619 4272 ab
644 4209 717 4290 ipso
742 4207 956 4289 obtinuerint,
980 4208 1170 4290 recuperari
1194 4207 1369 4288 mandarit,
1394 4209 1428 4272 in
1447 4211 1646 4273 contrarium
1665 4210 1823 4274 iacientes
1841 4213 2065 4276 excommuni-

43 4317 174 4382 cationis
211 4317 413 4381 sententiam
448 4316 657 4398 3331333333,
695 4335 755 4379 333
786 4315 885 4379 huius
916 4317 1079 4378 statutum
1105 4314 2086 4408 3133313133333331133331333113333333313311313

44 4422 284 4506 metropolitica
308 4441 510 4486 curaremus.
555 4421 624 4486 Nos
649 4421 747 4503 igitur
771 4421 991 4500 advertentes,
1017 4440 1117 4503 quam
1141 4420 1232 4502 pium
1259 4423 1292 4483 ct
1316 4420 1450 4485 salubre
1474 4421 1517 4484 sit
1538 4421 1703 4486 malorum
1726 4423 1906 4487 insultibus
1930 4425 2065 4488 obviare

42 4530 71 4590 31
101 4528 315 4593 ecelesiarum
350 4527 650 4610 indempnitatibus
685 4547 873 4610 precavere,
908 4527 1109 4609 premissum
1140 4528 1302 4590 statutum
1336 4547 1398 4609 per
1427 4528 1568 4590 eundem
1598 4528 1770 4592 dominum
1802 4529 1997 4612 episcopum
2025 4530 2065 4594 de

42 4635 226 4716 raptoribus
261 4635 474 4700 ecclesiarum
510 4635 658 4716 dyocesis
696 4653 762 4698 uon
798 4635 871 4697 sine
908 4633 1144 4698 deliberatione
1168 4634 1308 4714 provida
1344 4633 1468 4698 editum
1504 4653 1635 4699 necnon
1667 4637 1700 4699 et
1731 4635 1881 4718 episcopi
1917 4636 2066 4700 eiusdem

42 4743 230 4805 mandatum
266 4743 307 4807 de
343 4741 519 4824 disciplina
553 4743 585 4805 et
622 4740 731 4823 equali
768 4739 1003 4804 distributione
1039 4739 1288 4820 propendarum
1324 4760 1362 4804 33
1398 4739 1494 4803 bonis
1530 4740 1668 4805 ecclesie
1703 4760 1762 4804 sue
1797 4740 1964 4806 Mindensi
1999 4761 2066 4807 non

42 4845 220 4912 alienandis
252 4849 285 4910 31
316 4845 469 4912 311333113
506 4847 741 4930 recuperandis
776 4847 945 4925 emissum,
981 4847 1080 4928 prout
1113 4845 1154 4909 ab
1184 4846 1302 4908 eodem
1338 4845 1497 4928 episcopo
1528 4846 1590 4910 rite
1621 4849 1654 4911 31
1682 4845 1820 4928 provide
1855 4847 1941 4912 13313
1976 4852 2066 4928 3331,

43 4953 235 5018 auctoritate
270 4953 512 5037 metropolitica
544 4953 779 5019 confirmamus
809 4954 842 5016 et
870 4972 889 5015 3
912 4953 1008 5016 vobis
1033 4951 1188 5015 omnibus
1213 4954 1246 5014 et
1269 4951 1408 5034 singulis
1432 4952 1599 5016 observari
1623 4953 1777 5017 volumus
1801 4955 1834 5018 31
1858 4955 2064 5019 mandamus

43 5057 165 5123 Harum
202 5062 390 5123 nostrarum
425 5060 614 5124 testimonio
646 5061 830 5125 litterarum
859 5058 1061 5124 contrarium
1094 5057 1251 5123 iacientes
1276 5057 1512 5139 omnipotentis
1536 5059 1596 5122 Dei
1622 5060 1655 5122 et
1679 5058 1768 5122 beati
1793 5060 1882 5124 Petn'
1906 5059 2066 5143 principis

43 5166 268 5244 apostolorum
299 5165 559 5248 indignationem
583 5188 619 5231 se
645 5168 795 5230 noverint
818 5167 960 5249 graviter
983 5164 1176 5228 incursuros
1199 5166 1416 5246 nostramque
1440 5164 1546 5228 sciant
1569 5165 1790 5230 reverentiam
1814 5166 1938 5250 pariter
1961 5167 2066 5230 31133-

43 5267 135 5335 disse.
185 5271 224 5335 In
248 5271 342 5336 cuius
366 5273 414 5337 rei
437 5273 664 5338 testimonium
688 5291 826 5355 presens
852 5271 1013 5352 scriptum
1037 5269 1199 5334 conscribi
1228 5273 1260 5335 31
1284 5270 1389 5334 nostri
1415 5270 1512 5352 sigilli
1536 5271 1718 5336 munimine
1742 5271 1882 5337 fecimus
1907 5272 2067 5337 roborari.

43 5373 160 5440 Datum
185 5379 275 5460 apud
298 5359 399 5444 Briile
423 5380 458 5443 in
482 5381 599 5443 octava
621 5378 713 5445 beati
736 5378 868 5442 Martini
892 5397 980 5441 anno
1003 5377 1137 5441 Domini
1161 5375 1454 5441 ltl⁰.CC⁰.XC⁰.IX⁰.

254 5485 274 5544 ¹)
293 5479 420 5536 Fclrltim
441 5481 508 5554 Kop.
547 5485 570 5554 t)
590 5483 657 5554 Kop.
677 5485 745 5539 aliis.
784 5481 1245 5553 8)333333313333113111131133.
