5086 6768
435 413 503 479 470
1429 429 1497 484 1292

1395 627 1509 708 1482.

440 758 516 830 ouo
549 778 615 828 verr
648 755 796 827 chren
827 753 900 825 uod
933 752 1033 825 Frcu
1066 753 1244 826 Elisabeth
1277 753 1466 933 vzkggfeln
1497 755 1592 935 dccli}
1609 755 1669 834 Ki.
1697 757 1902 847 Quonbeim
1936 759 2010 830 eine
2037 759 2145 832 Reate
2179 761 2217 832 ic
2241 761 2449 852 Buttcrrdori.

1451 884 1513 933 aar
1593 919 1599 933 .

543 979 715 1045 Universis
744 980 935 1061 presentem
958 978 1114 1062 paginam
1137 978 1336 1060 inspecturis
1360 998 1420 1062 ego
1444 979 1523 1045 Otto
1548 981 1658 1048 dictus
1682 981 1724 1046 de
1749 981 1863 1048 Haren
1887 982 1982 1049 miles
2005 985 2121 1049 notum
2143 983 2239 1066 facio,
2270 985 2362 1068 quod
2384 1007 2449 1050 eum

437 1106 602 1153 consensu
625 1088 660 1151 et
681 1085 770 1150 bona
792 1085 964 1149 voluntate
988 1085 1101 1149 uxoris
1125 1103 1198 1149 mee
1222 1084 1355 1149 domine
1371 1085 1543 1151 Elizabeth
1567 1088 1787 1155 etheredum
1809 1107 1958 1154 meorum
1981 1089 2133 1155 redditus
2154 1088 2255 1155 trium
2279 1090 2449 1158 solidorum
2528 1113 2529 1118 ¹

435 1197 470 1260 in
504 1193 650 1277 quadam
685 1211 762 1258 casa
796 1191 858 1256 sita
891 1191 926 1255 in
958 1190 1036 1255 villa
1075 1189 1308 1274 Buttingtorpe
1343 1191 1476 1257 domiue
1506 1193 1648 1275 Alheydi
1685 1194 1844 1278 priorisse
1876 1197 2061 1260 conventus
2092 1197 2390 1261 sanctimonialium
2419 1199 2449 1262 in

398 1325 401 1330 ¹
435 1301 629 1380 Quernham
657 1297 792 1363 vendidi
823 1297 993 1362 annuatim
1017 1301 1182 1380 perpetuo
1212 1297 1445 1381 possidendoS,
1476 1299 1676 1365 renuncians
1708 1300 1799 1365 omni
1822 1300 1887 1366 iuri
1910 1304 1946 1365 et
1967 1301 2100 1374 actioni,
2132 1303 2224 1384 quod
2252 1303 2289 1368 in
2313 1303 2451 1386 predicta

435 1407 598 1490 pensione
631 1403 862 1487 dinoscebar1)
894 1403 1028 1468 habere.
1076 1404 1115 1468 ln
1147 1404 1242 1468 cuius
1275 1403 1323 1468 rei
1352 1405 1579 1470 testimonium
1608 1426 1746 1490 presens
1777 1407 1936 1491 scriptum
1965 1408 2044 1473 duxi
2067 1408 2164 1491 sigilli
2187 1409 2252 1473 mei
2276 1410 2450 1474 munimine

435 1512 670 1578 roborandum.
694 1510 811 1575 Testes
834 1511 914 1576 suut
935 1509 998 1574 hii:
1033 1507 1204 1574 Jobannes
1229 1511 1270 1574 de
1294 1511 1407 1592 Horst,
1433 1511 1594 1580 Ludolius
1618 1513 1659 1579 de
1679 1513 1831 1594 Ekholte,
1854 1513 2075 1596 Reynhardus
2098 1515 2140 1580 de
2155 1513 2298 1594 Elesen,
2321 1515 2449 1594 nlilitum

437 1618 640 1683 Hartbertus
665 1617 706 1682 de
730 1616 850 1698 Beren,
874 1616 1035 1682 Ernestus
1059 1617 1100 1680 de
1125 1615 1288 1696 Gesmele‚
1312 1617 1472 1682 Hinricus
1488 1623 1523 1684 et
1539 1617 1693 1685 Hardeke
1717 1620 1837 1686 fratres
1861 1620 1903 1684 de
1920 1619 2034 1702 Horst,
2058 1618 2173 1685 Bruno
2195 1622 2228 1684 et
2244 1619 2450 1684 Bernhardus

438 1726 478 1796 de
502 1725 622 1800 Rome,
651 1723 787 1790 Wulver
815 1724 848 1786 et
870 1721 1034 1788 liudolfus
1064 1722 1105 1788 de
1134 1723 1294 1804 Lutbeke,
1326 1723 1451 1806 famuli,
1483 1727 1516 1790 et
1546 1725 1601 1789 alii
1631 1745 1732 1808 quam
1760 1726 1875 1807 plures
1905 1725 1948 1792 ad
1978 1726 2042 1790 hoc
2071 1725 2181 1792 vocati
2208 1725 2394 1809 specialiter
2421 1728 2450 1788 et
2529 1807 2530 1814 ἵ

437 1830 552 1913 rogati.
600 1830 721 1896 Datum
747 1847 835 1896 anno
858 1828 990 1894 Domini
1014 1827 1234 1894 M⁰.CC⁰.XC⁰.
1260 1829 1418 1910 seeundo,
1441 1831 1515 1913 ipso
1539 1831 1592 1896 die
1615 1831 1704 1896 beati
1727 1831 1791 1896 Viti
1816 1831 1970 1898 martiris.

650 1936 659 1968 1

570 2021 624 2088 Or.
657 1933 705 2088 dmr
723 1932 940 2107 ⁰12?ssng
977 2044 1014 2088 eu
1047 2022 1196 2100 Minater,
1237 2021 1316 2106 Scyt
1346 2021 1532 2102 Queruleim
1566 2021 1627 2090 Nr.
1654 2023 1686 2087 3.
1740 2022 1844 2109 Sicpel
1875 2024 2022 2090 verterer.
2076 2023 2270 2096 Butlerrdcrt'
2296 2028 2341 2088 im
2369 2023 2453 2088 Kreir

649 2127 823 2194 Liibbeclce.

1395 2292 1509 2370 1483.

434 2419 669 2499 archidiacon
698 2417 782 2492 orso
812 2441 874 2491 von
892 2417 1029 2490 Alciden
1056 2419 1129 2489 und
1157 2418 1308 2506 Pt'urrer
1332 2418 1491 2490 Ricburd
1518 2421 1554 2489 irc
1574 2419 1686 2490 Frillc
1712 2419 1924 2494 erttsclteiderr
1952 2421 2050 2491 einen
2070 2421 2176 2492 Streit
2202 2420 2369 2492 awisclren
2393 2419 2452 2490 der

435 2525 595 2599 Kasara
628 2526 777 2598 Locrum
810 2525 882 2596 uad
917 2525 1037 2596 natue
1071 2547 1183 2614 wepeu
1217 2524 1390 2596 melrerer
1424 2524 1533 2597 Griter
1563 2526 1637 2596 und
1672 2524 1916 2602 Gcrcclttsumc.
1972 2525 2123 2598 Miuulec
2154 2529 2254 2600 1292
2288 2525 2376 2598 Jurri
2400 2528 2451 2598 23.

542 2645 580 2709 ln
611 2644 744 2710 nomine
768 2643 899 2710 Domini
930 2663 1037 2709 amen.
1084 2643 1194 2725 Ghyso
1218 2643 1401 2708 Mindensis
1433 2643 1570 2708 ecclesie
1595 2643 1784 2724 canonicus,
1821 2643 2074 2708 archidiaconus
2097 2643 2132 2708 in
2154 2643 2297 2726 Aleden,
2334 2661 2451 2708 necnon

435 2751 624 2818 Richardus
649 2751 812 2834 plebanus
836 2750 974 2816 ecclesie
997 2751 1032 2814 in
1047 2749 1228 2814 Vriledhen
1251 2749 1405 2814 omnibus
1428 2750 1492 2814 hoe
1515 2749 1676 2834 scriptum
1699 2750 1819 2816 visuris
1843 2751 1985 2816 salutem
2008 2753 2042 2816 et
2058 2769 2256 2833 cognoscere
2275 2749 2451 2815 veritatem

436 2859 518 2925 Orta
540 2859 627 2922 inter
650 2857 824 2922 dominum
848 2857 1024 2922 ..abbatem
1049 2857 1089 2921 de
1107 2855 1217 2922 Lueka
1240 2876 1406 2938 suumque
1429 2859 1630 2921 conventum
1654 2876 1695 2921 ex
1717 2860 1812 2940 parte
1835 2877 1903 2923 una
1926 2860 1959 2921 et
1975 2856 2189 2940 ..priorissam
2206 2875 2246 2922 ae
2261 2858 2452 2922 conventum

435 2983 588 3030 sororum
619 2963 822 3028 inclusarum
852 2963 887 3027 in
911 2963 1049 3028 Lodhen
1082 2982 1122 3026 ex
1148 2966 1244 3045 parte
1280 2963 1382 3028 altera
1415 2982 1517 3046 super
1547 2962 1686 3028 diversis
1716 2963 1863 3028 articulis
1886 2963 2027 3028 materia
2049 2962 2246 3046 questionis,
2283 2962 2452 3045 ..priorissa

437 3088 499 3154 pro
531 3089 567 3134 se
595 3072 629 3134 et
658 3088 719 3132 suo
747 3071 912 3134 conventu
941 3071 1161 3151 proponente,
1194 3068 1286 3150 quod
1315 3069 1439 3134 domini
1465 3069 1651 3134 buccenses
1680 3069 1716 3133 in
1747 3068 1871 3151 prediis
1901 3070 1935 3134 et
1962 3069 2064 3134 rebus
2095 3068 2168 3134 aliis
2190 3068 2284 3151 ipsas
2308 3067 2453 3133 lesissent

436 3175 587 3260 graviter,
623 3180 656 3240 et
685 3175 793 3258 primo
822 3176 856 3240 in
888 3175 1019 3240 duobus
1049 3175 1174 3240 mansis
1202 3174 1325 3240 ibidem
1357 3175 1392 3239 in
1415 3175 1530 3239 Lodhe
1561 3175 1686 3238 scilicet
1716 3174 1800 3255 sitis,
1835 3174 1893 3258 qui
1916 3175 2074 3240 dicuntur
2096 3173 2187 3240 bona
2209 3174 2328 3254 libera,
2360 3191 2452 3254 super

434 3283 555 3366 quibus
586 3301 701 3347 sumus
729 3281 842 3346 taliter
872 3281 1039 3346 arbitrati:
1069 3281 1214 3346 Predicti
1249 3281 1375 3346 ..abbas
1409 3280 1563 3346 videlicet
1597 3283 1632 3345 et
1666 3301 1748 3346 suus
1783 3285 1967 3346 conventus
1998 3279 2176 3348 restituent
2205 3280 2386 3362 ..priorisse
2419 3297 2452 3344 ac

436 3389 606 3454 sororibus
637 3389 672 3451 in
696 3387 811 3452 Lodhe
842 3387 1042 3469 supradictis
1074 3405 1194 3452 novem
1218 3407 1345 3452 marcas
1370 3390 1403 3451 et
1427 3387 1597 3452 dimidiam
1620 3387 1747 3470 argenti
1770 3384 1971 3468 Bremensis,
2004 3406 2089 3470 quas
2113 3405 2149 3452 se
2171 3406 2233 3468 pro
2257 3387 2358 3453 bonis
2380 3384 2453 3468 ipsis

436 3497 590 3560 asserunt
613 3493 820 3577 expendisse.
861 3493 1014 3558 Secundo
1035 3493 1069 3557 in
1093 3493 1190 3558 bonis
1214 3492 1503 3560 Godbreehtessen
1526 3495 1559 3558 et
1574 3493 1773 3574 Valehusen,
1797 3493 1832 3558 in
1855 3493 1977 3576 quibus
2001 3493 2045 3558 ad
2068 3493 2312 3576 quinquaginta
2335 3510 2454 3556 marcas

437 3601 593 3666 estimant
625 3619 723 3664 suum
752 3600 945 3682 dampnum,
977 3601 1011 3664 et
1040 3600 1177 3681 insuper
1208 3601 1460 3682 conqueruntur
1487 3619 1548 3682 pro
1577 3599 1709 3665 deiectu
1736 3619 1857 3665 census
1880 3599 2029 3666 eiusdem
2053 3599 2144 3680 anni,
2174 3600 2266 3681 quod
2292 3619 2353 3664 nos
2375 3597 2454 3662 arbi-

434 3711 562 3772 trantes
593 3707 640 3772 sic
667 3705 909 3771 ordinavimus:
944 3705 1035 3771 Idem
1061 3705 1236 3772 ..dominus
1264 3707 1368 3771 abbas
1397 3709 1429 3770 et
1460 3725 1542 3770 suus
1573 3709 1756 3772 conventus
1788 3725 1892 3770 unum
1924 3705 1966 3770 de
2000 3724 2062 3770 suo
2096 3704 2233 3788 collegio
2270 3705 2391 3772 facient
2423 3704 2452 3766 in

437 3816 565 3878 animas
590 3833 668 3878 suas
691 3815 842 3896 prestare
866 3830 967 3894 super
991 3814 1106 3875 saneta
1129 3811 1310 3894 euangelia
1333 3815 1588 3892 sacramentum,
1613 3812 1705 3893 quod
1727 3811 1810 3894 ipsis
1834 3811 1953 3876 necin
1977 3830 2045 3874 uno
2069 3811 2180 3876 necin
2196 3811 2262 3876 alio
2281 3813 2455 3893 dampnum

436 3921 572 4002 aliquod
601 3919 802 3994 intulissent,
837 3921 872 3982 in
903 3917 1024 3999 quibus
1055 3918 1103 3982 eis
1130 3920 1309 3982 teneantur
1333 3918 1376 3981 ad
1399 3921 1596 3983 restaurum.
1645 3916 1762 3982 'larcio
1788 3919 1828 3982 de
1852 3917 2028 3981 novalibus
2051 3916 2086 3980 in
2110 3920 2203 3982 curte
2226 3916 2403 3982 Borstolde
2424 3915 2455 3979 in

436 4027 607 4107 silvaque
631 4025 750 4089 dicitur
773 4024 850 4089 Diul
874 4023 983 4088 taliter·
1007 4023 1154 4089 arbitrati
1185 4043 1314 4088 sumus:
1341 4024 1427 4102 Quia
1451 4023 1620 4088 nonnullis
1644 4022 1837 4088 hominibus
1860 4023 1993 4105 placere
2017 4023 2243 4104 cognorimus,
2268 4027 2306 4088 ut
2329 4025 2364 4087 in
2387 4042 2455 4106 pre-

438 4131 608 4198 nominata
642 4129 726 4194 silva
761 4130 802 4193 de
837 4129 954 4193 eadem
989 4133 1080 4193 curte
1112 4128 1268 4194 Borstold
1304 4129 1462 4213 deinceps
1495 4129 1627 4195 novalia
1662 4130 1755 4195 nulla
1789 4127 1882 4210 liant,
1919 4149 1980 4192 nos
2015 4128 2181 4211 prefatum
2216 4129 2395 4196 ..abbatem
2426 4131 2456 4191 et

436 4236 616 4303 monachos
643 4237 695 4300 vel
724 4255 903 4300 conversos
934 4235 996 4298 sibi
1025 4235 1202 4314 subiectos
1233 4235 1424 4317 priorissam
1452 4254 1585 4318 quoque
1613 4238 1646 4299 et
1674 4255 1805 4301 sorores
1837 4235 1987 4300 similiter
2017 4237 2050 4299 et
2073 4236 2192 4300 fratres
2215 4253 2396 4300 conversos
2418 4235 2455 4300 de

437 4344 575 4410 Lodhen
604 4344 738 4408 monitis
768 4341 998 4408 amicabilibus
1024 4340 1225 4412 induximus,
1260 4344 1298 4405 ut
1327 4342 1463 4406 omnino
1491 4341 1693 4407 desisterent
1715 4363 1734 4406 a
1758 4341 1918 4408 iaciendis
1942 4341 2119 4406 novalibus
2142 4341 2177 4405 in
2200 4341 2284 4406 silva
2309 4341 2455 4424 superius

436 4453 630 4529 memorata,
661 4449 724 4513 nisi
755 4447 867 4512 forsan
896 4447 931 4510 in
960 4451 1133 4530 posterum
1162 4446 1225 4510 hoc
1255 4448 1394 4528 prefatis
1417 4447 1628 4513 monasteriis
1653 4448 1793 4529 aliisque
1816 4447 1868 4512 ius
1892 4446 2094 4512 habentibus
2117 4447 2152 4512 in
2175 4447 2259 4512 silva
2284 4447 2455 4512 iamdicta

438 4557 548 4621 risum
570 4556 677 4636 fuerit,
702 4556 793 4637 quod
817 4554 909 4618 salvo
932 4553 1003 4618 iure
1028 4552 1204 4617 cuiuslibet
1227 4553 1363 4618 arbores
1387 4553 1512 4618 succidi
1535 4553 1667 4637 possint
1690 4573 1751 4636 pro
1776 4553 1951 4620 novalibus
1975 4551 2146 4618 faciendis.
2183 4553 2223 4617 ln
2246 4553 2335 4618 hane
2351 4553 2454 4634 itaque

440 4666 590 4727 nostram
613 4661 855 4727 ordinationem
878 4659 1028 4724 unanimi
1051 4660 1222 4723 voluntate
1246 4663 1490 4724 consenserunt
1511 4660 1713 4724 monasteria
1735 4659 1935 4742 supradicta.
1975 4659 2046 4723 Nos
2069 4661 2182 4724 tamen
2203 4659 2384 4724 adicientes
2399 4659 2456 4722 boc

438 4766 639 4842 censuimus,
673 4766 763 4848 quod
791 4767 906 4832 eadem
935 4766 1027 4840 silva,
1060 4785 1124 4848 que
1152 4765 1186 4829 in
1210 4753 1363 4848 'presenti
1391 4769 1441 4830 est
1469 4767 1651 4848 exstirpata
1678 4768 1711 4830 et
1739 4765 1875 4832 arabilis
1905 4767 2003 4844 faeta,
2032 4764 2111 4830 item
2138 4767 2234 4847 prata
2262 4769 2298 4830 et
2325 4783 2453 4850 pascua,

438 4893 504 4959 que
528 4874 605 4936 sunt
627 4872 662 4936 in
687 4891 767 4938 usus
791 4874 926 4937 redacta
949 4872 983 4935 in
1006 4871 1080 4955 ipsa
1102 4870 1433 4952 curteB0rstolde1),
1458 4872 1593 4936 domino
1617 4871 1751 4936 ..abbati
1775 4873 1808 4936 et
1830 4890 1892 4936 suo
1916 4870 2095 4937 conventui
2117 4870 2275 4952 predictis
2300 4873 2454 4956 perpetuo

438 4980 510 5045 sine
539 4979 798 5044 contradictione
827 4978 1010 5042 manebunt
1032 4977 1066 5040 in
1090 4976 1302 5060 possessione
1325 4977 1464 5061 pacifica
1487 4980 1520 5042 et
1544 4977 1668 5060 quieta.
1715 4976 1842 5054 Quarto
1866 4977 1908 5042 de
1932 4977 2032 5044 curiis
2056 4976 2091 5042 in
2114 4977 2254 5057 Mersch,
2278 4979 2315 5043 in
2339 4975 2454 5060 quibus

439 5086 509 5150 Lx·
539 5105 669 5150 marcas
697 5088 735 5149 ut
762 5086 916 5150 asserunt
944 5083 1172 5166 perdiderunt,
1208 5083 1320 5148 taliter
1348 5103 1463 5148 sumus
1498 5084 1665 5148 arbitrati:
1700 5083 1860 5150 Dominus
1885 5082 1989 5148 abbas
2015 5103 2119 5148 unum
2143 5083 2185 5148 de
2208 5087 2377 5148 conventu
2399 5101 2453 5146 suo

439 5194 473 5257 in
502 5192 646 5256 animam
675 5211 769 5255 suam
798 5193 833 5255 et
864 5192 1047 5253 conventus
1078 5187 1175 5254 iaeiet
1202 5192 1353 5272 prestare
1382 5193 1636 5270 sacramentum,
1665 5189 1757 5271 quod
1793 5190 1835 5253 de
1858 5189 1941 5272 ipsis
1966 5189 2037 5254 LX·
2059 5189 2181 5254 marcis
2204 5191 2247 5256 ad
2271 5193 2452 5256 restaurem

439 5319 508 5363 non
530 5299 708 5363 teneantur
731 5296 867 5362 eisdem.
914 5295 1039 5373 Quinto
1063 5296 1104 5360 de
1128 5295 1256 5360 decima
1279 5294 1314 5359 in
1336 5295 1532 5374 Northlode,
1561 5315 1661 5378 quam
1684 5294 1718 5359 in
1743 5315 1855 5360 earum
1880 5294 2100 5377 preiudicium
2125 5295 2249 5362 domini
2273 5295 2453 5360 Luccenses

435 5407 474 5468 ut
507 5408 661 5469 asserunt
697 5403 794 5468 annis
828 5401 981 5486 pluribus
1021 5405 1239 5484 occuparunt,
1276 5401 1323 5466 ita
1363 5420 1479 5466 sumus
1518 5401 1693 5468 arbitrati:
1736 5401 1898 5467 Dominus
1934 5401 2038 5468 abbas
2072 5420 2133 5484 per
2168 5421 2266 5466 suurn
2302 5399 2451 5467 nuncium
