5112 6768
438 434 506 500 490
787 387 791 392 ¹
1432 447 1499 502 1295

1398 644 1508 724 1543.

438 763 595 846 Atticam
624 773 791 864 Irmpord
817 794 880 843 uon
908 771 1069 860 Herford
1095 769 1231 842 scteukt
1258 771 1335 843 deu
1354 771 1575 862 Morienstist
1600 775 1638 844 iu
1657 772 1830 862 Bidcfetd
1857 774 1955 844 auen
1973 772 2055 861 Hos
2075 775 2137 844 mit
2155 773 2312 847 Ζιώεὴόν
2340 782 2465 869 preter

436 879 502 951 illa
530 880 637 971 bona,
667 901 740 972 que
769 878 936 972 possidet
964 877 1115 948 domina
1142 875 1359 973 Hadewigis
1387 877 1585 950 cometissa
1612 877 1658 950 de
1686 877 1966 974 Ravensbergh.
2019 880 2058 956 U.
2083 881 2114 956 d.
2137 881 2197 950 Z.:
2224 879 2465 954 Hermannus
2546 881 2547 974 f

736 984 937 1058 canonicus
964 982 1183 1054 Leodiensis
1211 986 1250 1055 et
1277 984 1491 1076 prepositus
1520 983 1759 1079 Tungrensis.
1814 982 1916 1058 1295
1942 984 2079 1077 deputet
2105 985 2165 1061 29.

575 1118 670 1185 θεάν.
702 1117 807 1204 Westf.
837 1117 910 1186 ΠΒ.
935 1115 994 1196 IV,
1020 1116 1055 1183 S.
1081 1115 1167 1183 1069
1191 1115 1252 1182 Nr.
1276 1117 1375 1198 2359,
1401 1119 1585 1206 Zeitactmfl
1606 1118 1634 1198 I,
1660 1119 1693 1186 S.
1719 1118 1794 1184 196.

1400 1353 1504 1430 1544

439 1483 635 1556 ffiwdttter
668 1481 806 1570 Ludotf
833 1503 897 1552 uon
934 1481 1084 1550 Mindon
1115 1479 1275 1568 vatauft
1306 1502 1417 1568 rueqeu
1451 1480 1625 1550 mauram
1656 1501 1719 1550 zur
1751 1480 1945 1566 uisurum
1978 1481 2037 1551 des
2071 1481 2242 1552 Sciiosses
2276 1483 2467 1573 Merctor
2546 1435 2547 1438 Ἴ

432 1590 630 1683 pomarum
649 1588 821 1660 scamma
847 1587 913 1658 deu
941 1609 1016 1658 aum
1044 1585 1341 1676 Wictrprufeuumt
1365 1586 1548 1677 genuum
1566 1585 1650 1673 Hof
1671 1589 1708 1656 iu
1726 1584 1879 1656 Mersch
1906 1588 1978 1657 und
2004 1589 2079 1659 cine
2097 1588 2197 1676 Hufe
2219 1591 2269 1659 im
2285 1591 2467 1662 naiadum

986 1691 1092 1764 Fetde
1119 1692 1196 1762 dem
1227 1692 1451 1783 Domtupitet.
1507 1691 1608 1763 1295
1636 1691 1833 1783 September
1860 1691 1922 1768 27.

545 1831 706 1896 Ludolfus
736 1830 796 1895 Dei
824 1829 928 1912 gratia
950 1827 1144 1911 Myndensis
1172 1828 1310 1894 ecclesie
1340 1829 1465 1893 electus
1494 1827 1710 1894 confirmatus
1739 1829 1895 1894 onmibus
1925 1830 1988 1895 hoc
2011 1829 2172 1913 scriptum
2199 1832 2319 1897 visuris
2343 1834 2465 1918 imper-

437 1943 587 2024 petuum.
611 1935 788 2014 NoveritiS,
805 1936 896 2019 quod
909 1955 981 2015 nos,
998 1954 1074 2000 cum
1088 1953 1236 1999 essemus
1250 1934 1376 1998 onerati
1390 1935 1495 1998 multo
1507 1953 1608 2000 onere
1622 1935 2073 2002 debitorumcontractorum
2086 1937 2305 2019 praevidenti
2318 1943 2465 2006 necessi·

436 2048 505 2112 tate
529 2047 643 2109 nostre
667 2042 815 2122 ecclesie,
844 2060 905 2125 pro
929 2041 1125 2106 liberatione
1150 2041 1306 2105 videlicet
1328 2037 1565 2104 fideiussorum
1587 2044 1786 2123 nostrorum,
1815 2043 2061 2123 canonicorum,
2090 2043 2230 2109 militum
2256 2049 2289 2109 et
2311 2047 2464 2128 aliorum,

439 2151 497 2236 qui
519 2150 753 2216 fideiusserant
778 2148 955 2230 Reyuardo
979 2146 1021 2211 de
1043 2145 1258 2211 Voremholte
1282 2145 1381 2210 militi
1405 2149 1439 2211 et
1462 2146 1531 2211 suis
1554 2147 1734 2212 heredibus
1756 2167 1818 2231 pro
1842 2167 1962 2230 magna
1985 2151 2172 2230 quantitate
2195 2152 2350 2232 pecunie,
2386 2155 2465 2218 dum

441 2259 658 2342 predecessor
682 2259 796 2319 noster
812 2254 1012 2336 Gonr(adus)
1036 2253 1229 2330 Myndensis
1254 2252 1392 2316 ecclesie
1417 2253 1594 2336 episcopus
1610 2255 1700 2318 bone
1716 2253 1876 2318 memorie
1893 2256 2039 2320 castrum
2055 2255 2271 2339 Reyneberge
2287 2259 2466 2324 redimeret

437 2363 584 2428 amilite
613 2361 816 2444 supradicto,
851 2360 976 2424 curiam
1000 2362 1149 2424 nostram
1172 2359 1208 2422 in
1231 2358 1360 2422 Mersch
1384 2361 1417 2421 et
1440 2378 1594 2423 mansum
1618 2360 1718 2423 situm
1742 2359 1777 2423 in
1800 2378 1919 2442 campo
1943 2361 2127 2442 Myndensi,
2163 2382 2230 2445 que
2252 2364 2295 2427 ad
2317 2363 2464 2429 officium

437 2469 624 2552 Wycgravii
652 2466 896 2550 pertinuerant.
925 2485 1000 2530 cum
1009 2466 1036 2550 1)
1064 2465 1279 2547 proprietate,
1308 2464 1534 2545 servitutibus
1565 2465 1636 2546 viis,
1667 2465 1775 2546 inviis,
1806 2465 1911 2548 aquis,
1940 2467 2055 2549 pratiS,
2085 2469 2173 2550 agris
2200 2471 2297 2534 cultis
2320 2471 2464 2550 incultis,

437 2575 528 2640 silvis
553 2576 588 2639 et
611 2575 768 2638 omnibus
793 2573 865 2636 aliis
889 2571 1019 2636 iuribus
1043 2575 1076 2636 et
1099 2569 1313 2652 pertinenciis
1337 2569 1604 2654 quibuscunque,
1629 2572 1776 2654 capitulo
1800 2575 1913 2638 nostro
1934 2573 2050 2638 maiori
2067 2574 2239 2657 Myndensi
2253 2577 2464 2642 vendidimus

436 2702 498 2766 pro
523 2680 774 2764 quadringentis
798 2679 918 2743 marcis
934 2677 1125 2743 Bremensis
1150 2677 1277 2758 argenti
1300 2677 1536 2742 renunciantes
1559 2679 1650 2743 omni
1673 2678 1737 2742 iuri
1758 2681 1919 2744 canonico
1937 2682 1970 2743 et
1985 2679 2082 2761 civili,
2106 2682 2251 2763 generali
2266 2685 2300 2746 et
2315 2685 2464 2766 speciali,

437 2788 514 2854 dolo
544 2787 643 2866 ma10,
679 2785 862 2870 exceptioni
895 2804 962 2850 non
990 2786 1170 2849 memorate
1197 2783 1351 2865 pecunie,
1387 2787 1420 2848 et
1448 2785 1538 2865 quod
1569 2785 1711 2868 pecunia
1742 2784 1778 2849 in
1801 2785 1979 2851 utilitatem
2002 2788 2142 2852 ecclesie
2165 2790 2279 2852 nostre
2302 2809 2463 2854 conuersa
2546 2785 2547 2860 Ῑ

437 2913 506 2958 non
539 2893 649 2974 suerit,
684 2913 745 2976 per
775 2911 841 2974 que
869 2910 929 2955 nos
960 2893 994 2954 et
1024 2889 1128 2956 nostri
1160 2909 1368 2955 successores
1396 2895 1537 2972 possent
1563 2895 1785 2956 memoratum
1813 2892 1998 2974 capitulum
2026 2892 2061 2956 in
2090 2895 2261 2975 posterum
2287 2895 2465 2960 molestare

436 3020 539 3084 super
560 3000 754 3065 venditione
777 2999 935 3081 predicta.
959 2997 1000 3061 In
1023 2997 1116 3062 cuius
1139 2996 1186 3060 rei
1209 2996 1437 3060 testimonium
1460 2997 1612 3060 nostrum
1636 2998 1669 3060 et
1693 2998 1798 3062 nostri
1822 2997 1961 3080 capituli
1984 2997 2090 3080 sigilla
2113 3001 2362 3084 presentibus&
2385 3009 2463 3066 sunt

435 3126 597 3190 appensa.
643 3108 766 3170 Datum
788 3105 823 3169 iu
847 3104 900 3168 die
924 3103 1094 3168 martirum
1119 3103 1239 3167 Cosme
1263 3105 1295 3166 et
1319 3103 1483 3183 Damiani,
1508 3121 1597 3166 anno
1622 3103 1755 3169 Domini
1777 3102 2032 3168 M⁰.CC⁰XC⁰V⁰.

654 3228 676 3297 ¹)
696 3245 755 3281 cum
773 3225 1015 3296 itteryesclrrieben
1033 3227 1068 3278 im
1086 3226 1132 3278 Or.
1172 3225 1194 3294 ⁸)
1214 3224 1259 3277 Or.
1280 3225 1477 3293 ppresentibus.

573 3334 627 3398 Or.
651 3337 695 3398 im
718 3333 793 3419 Kpl.
819 3333 923 3399 Su-A.
948 3356 987 3397 zu
1009 3333 1159 3410 Minatur,
1184 3329 1492 3395 Firstent.d1inden
1515 3329 1574 3398 Nr.
1591 3329 1645 3396 63.
1692 3329 1756 3396 uin
1780 3331 1883 3417 Siepel
1905 3333 1959 3397 tut
1980 3337 2030 3398 uie
2054 3357 2097 3397 aa
2119 3335 2174 3398 der
2196 3333 2273 3400 Ort.
2295 3336 2463 3420 peleanyen,
2546 3365 2547 3368 ¹

649 3443 709 3506 wol
731 3441 867 3526 Konzept
888 3442 961 3504 oder·
982 3440 1190 3525 pteiohzeitipe
1212 3435 1385 3510 Absolurift.

1395 3670 1510 3748 1545.

437 3804 634 3876 Erwdtiter
675 3802 813 3890 Ludots
846 3823 910 3872 uon
951 3801 1101 3872 Mindeu
1148 3799 1284 3870 scheutt
1325 3799 1400 3868 dem
1441 3794 1495 3867 Kt.
1537 3797 1685 3869 Leccam
1734 3800 1797 3870 dus
1845 3799 2098 3890 Obercipeutum
2138 3799 2255 3871 dreier
2292 3801 2387 3888 Hele
2431 3805 2463 3870 iu

437 3909 612 3998 Materte,
649 3910 724 3981 drei
758 3908 829 3978 aud
863 3909 958 3979 einer
990 3907 1110 3978 hutten
1144 3904 1243 3992 Huse
1273 3927 1313 4082 {a
1347 3904 1459 4080 llpese
1491 3905 1563 4079 ubrtd
1596 3906 1692 4082 {iper
1725 3904 1845 3976 halben
1881 3907 1918 3976 iu
1952 3903 2260 4000 Wennigredere.
2317 3908 2466 3978 Mindi-u.

1251 4015 1272 4080 1
1301 4013 1347 4081 95
1402 4016 1509 4100 eptem
1531 4032 1569 4081 er
1648 4072 1655 4086 .

571 4150 666 4217 Gedr.
690 4150 772 4214 noct
796 4150 864 4212 dein
891 4146 944 4210 Or.
969 4150 1013 4209 im
1037 4146 1153 4209 Archiv
1176 4145 1229 4209 des
1252 4144 1303 4208 Kt.
1327 4143 1463 4208 Loccurn
1486 4145 1585 4228 (uicti
1606 4146 1694 4210 meu
1715 4147 1903 4232 vortanden)
1929 4171 1956 4211 o.
1974 4145 2164 4231 Hodeubery,
2193 4145 2373 4232 Coleuberq.
2395 4146 2464 4210 [Β.

652 4255 745 4320 Abit.
771 4252 833 4333 III,
861 4253 894 4319 S.
918 4251 986 4316 319
1008 4250 1068 4317 Ne.
1091 4250 1167 4318 513.
1215 4250 1277 4315 Die
1301 4249 1399 4315 Giiter
1421 4255 1455 4314 ia
1478 4250 1628 4317 Liaderte
1651 4252 1757 4316 tuden
1780 4275 1832 4316 om
1853 4251 1907 4316 23.
1928 4253 2020 4315 Mcirz
2043 4253 2093 4316 die
2116 4251 2219 4317 Ritter
2233 4255 2300 4316 und
2313 4251 2465 4338 Krruppreu

649 4385 707 4425 uon
729 4361 823 4426 Attea
851 4361 920 4424 dun
943 4358 995 4422 ΚΖ.
1019 4357 1154 4422 Locrum
1176 4357 1357 4422 Obertasaen
1389 4359 1455 4420 und
1488 4358 1556 4421 dem
1587 4355 1721 4427 Bisctuot'
1748 4362 1921 4443 routpertum,
1957 4359 2017 4442 opt.
2046 4382 2076 4421 α.
2101 4381 2131 4424 a.
2156 4357 2193 4424 0.
2222 4356 2284 4422 Nr.
2307 4357 2373 4422 509
2400 4359 2468 4422 und

651 4466 740 4546 Note,
777 4467 913 4551 Graupium,
947 4464 1003 4530 Or.
1034 4478 1063 4528 et
1093 4476 1156 4526 ant.
1189 4461 1295 4530 Herm.
1326 4460 1359 4527 S.
1387 4462 1450 4527 198
1476 4465 1542 4526 aad
1571 4460 1635 4527 199
1668 4465 1735 4528 und
1767 4464 1843 4528 oben
1873 4462 1936 4527 Nr.
1962 4463 2058 4530 1532.
2104 4465 2362 4548 Wennigredere
2384 4465 2467 4526 auct

651 4575 906 4640 Vemineredere
939 4569 1088 4656 sttunp
1113 4570 1162 4634 bei
1186 4569 1334 4634 Liuderta
1357 4572 1423 4633 und
1446 4569 1680 4648 Potitolteusen,
1703 4571 1764 4655 aql.
1789 4571 1870 4634 auctu
1892 4571 1969 4635 oben
1992 4568 2052 4637 Nr.
2076 4568 2153 4634 929.

1397 4802 1513 4879 1546.

439 4935 636 5005 Erwdttter
670 4931 808 5019 Isodolf
833 4954 897 5002 rou
932 4931 1081 5002 Mindon
1111 4928 1273 5017 certauit
1304 4929 1380 5000 dem
1412 4926 1466 5003 Iit.
1502 4929 1651 5000 Locrum
1685 4929 1751 4999 deu
1782 4929 1934 5000 Zetuteu
1967 4931 2005 5000 iu
2032 4927 2212 5016 Kotenfetd
2246 4931 2307 5018 ἢν
2338 4931 2466 5016 viersip

437 5041 569 5112 trcmer
603 5039 712 5111 Mart
746 5037 884 5125 Others,
919 5040 981 5108 mit
1016 5039 1124 5108 denen
1156 5059 1195 5107 er
1227 5037 1282 5106 dte
1315 5036 1391 5106 dem
1424 5036 1538 5107 Ritter
1566 5035 1747 5106 Reiutord
1780 5057 1842 5106 oon
1883 5035 2072 5107 Voreutote
2104 5036 2328 5126 uerptdndete
2364 5034 2465 5106 Veste

672 5143 861 5233 Reiucbcrq
889 5141 1189 5237 (Rsynenberge)
1219 5142 1409 5212 eiuzulo’seu
1434 5142 1586 5230 perterrti.
1642 5143 1792 5213 Mindon
1823 5141 1924 5214 1295
1952 5141 2147 5232 September
2173 5140 2234 5212 27.

575 5280 629 5345 Or.
657 5283 691 5342 in
719 5280 873 5365 duppetter
897 5279 1125 5362 Ausfertipuup
1155 5279 1213 5339 ruit
1238 5275 1267 5352 je
1293 5280 1370 5341 zwei
1397 5277 1614 5362 besctddipten
1639 5275 1763 5362 Sieqclu
1791 5301 1832 5341 aa
1856 5275 2172 5361 Perqomentstreifen
2201 5280 2245 5339 im
2269 5273 2378 5338 Archiv
2408 5275 2464 5336 des

653 5385 705 5450 Kt.
730 5385 876 5450 Locrum.
924 5383 1019 5450 Gedr.
1043 5383 1125 5446 noct
1148 5384 1216 5446 dem
1243 5380 1297 5446 Or·
1329 5407 1356 5446 v.
1382 5381 1576 5468 Hodunberq,
1613 5381 1819 5468 Calcuberqer
1847 5381 1917 5445 ΠΒ.
1942 5380 2038 5446 Abiu.
2063 5379 2129 5460 III,
2155 5379 2190 5449 S.
2214 5379 2281 5446 319
2302 5378 2359 5444 Nr.
2380 5379 2463 5444 512.
