5062 6806
450 417 514 482 148
1367 427 1542 484 1249-1250

1418 627 1505 705 518.

454 757 643 831 Widclcicd
679 756 762 846 Voyt
789 778 863 826 eoru
891 756 1004 846 Beryc
1032 753 1195 825 detondet
1223 754 1279 825 dle
1315 753 1567 845 Verpfdcdnna
1594 754 1654 826 dcc
1673 754 1823 826 Zedntcc
1850 756 1887 826 irc
1906 753 2090 844 Bcrydorf
2111 756 2218 828 durch
2246 759 2437 849 Murporetle

1092 883 1156 932 von
1185 861 1266 934 Slon
1296 883 1342 931 cn
1370 861 1435 932 das
1464 861 1666 949 Illorlastifl.
1721 864 1826 934 1249.

554 980 772 1047 Widekindus
797 980 856 1045 Dei
881 981 993 1064 gracia
1016 980 1197 1044 advocatus
1222 981 1263 1044 de
1287 979 1399 1044 ltlonte
1423 978 1586 1045 universis
1608 978 1731 1044 Christi
1749 977 1904 1044 fidelibus
1920 981 2072 1046 salutem.
2118 979 2241 1046 Notum
2256 983 2295 1046 sit
2310 985 2437 1052 omnibus

446 1089 511 1153 hoc
542 1087 704 1171 scripturn
737 1086 1003 1170 inspicientibus
1038 1087 1130 1169 quod
1153 1086 1290 1150 domina
1312 1087 1498 1168 Margareta
1521 1107 1604 1150 uxor
1628 1085 1754 1150 domini
1777 1085 1914 1151 Justacii
1938 1089 1979 1153 de
2003 1089 2086 1152 Slon
2114 1089 2155 1152 de
2181 1108 2335 1153 consensu
2356 1091 2438 1176 ipsius

446 1194 615 1278 Ju(stacii)
646 1194 756 1259 mariti
786 1193 836 1257 sui
867 1193 1001 1258 domino
1025 1192 1220 1258 Bernhardo
1250 1191 1364 1257 abbati
1388 1195 1420 1258 et
1443 1193 1621 1258 conventui
1646 1193 1784 1258 ecclesie
1810 1194 1915 1258 sancti
1940 1192 2091 1258 llauricii
2115 1194 2149 1258 in
2172 1195 2284 1261 Insula
2306 1198 2437 1262 decimam

448 1302 484 1366 in
506 1300 723 1383 Barchtorpe,
747 1320 813 1383 que
838 1299 880 1364 ab
904 1299 979 1382 ipsa
1002 1299 1142 1364 ecclesia
1166 1300 1237 1363 eius
1261 1303 1312 1363 est
1336 1299 1536 1364 beneficium
1562 1300 1673 1381 quoad
1689 1299 1792 1364 uitam
1809 1319 1914 1372 suam,
1940 1318 2001 1382 pro
2017 1299 2093 1364 XIII
2109 1301 2262 1386 marcisl)
2286 1306 2315 1366 et
2330 1303 2439 1369 dimidia

448 1405 682 1490 iangnoravit.
729 1406 904 1471 Predictus
933 1426 1012 1469 vero
1042 1404 1241 1490 Ju(stacius)
1268 1409 1302 1470 et
1326 1405 1427 1470 frater
1454 1425 1535 1470 snus
1557 1405 1776 1470 Widelrindus
1804 1408 1845 1472 de
1869 1406 1961 1485 Sion,
1998 1408 2167 1472 lohannes
2192 1407 2296 1472 dictus
2316 1409 2438 1488 Westlal,

448 1513 610 1578 Ernestus
635 1515 675 1579 de
699 1512 851 1577 Lerbeke
886 1512 921 1576 in
944 1532 1064 1576 manus
1088 1515 1219 1578 nostras
1244 1515 1277 1576 et
1300 1511 1358 1576 filii
1383 1513 1488 1575 nostri
1512 1512 1660 1577 Heinrici
1685 1515 1717 1576 et
1741 1512 1887 1577 Heinrici
1912 1514 2041 1578 Lethen
2067 1514 2189 1594 militis,
2225 1516 2256 1578 et
2284 1516 2439 1581 Riclrardus

447 1619 556 1684 iunior
579 1618 689 1684 dictus
712 1619 837 1702 Vulpes
861 1617 982 1684 milites
1015 1619 1048 1682 in
1073 1639 1192 1683 manus
1215 1618 1340 1683 domini
1365 1618 1529 1684 Gerhardi
1552 1619 1693 1683 Saxonis
1717 1622 1751 1683 et
1774 1619 1875 1684 etiam
1899 1619 2027 1684 domIni
2050 1618 2260 1700 Blernhardi)
2283 1622 2395 1686 abbatis
2414 1627 2439 1688 et

447 1725 591 1791 aliorum
626 1728 766 1792 fratrum
802 1745 940 1790 suorum
975 1726 1201 1808 promiserunt
1235 1726 1270 1788 in
1302 1724 1379 1806 fide,
1417 1726 1509 1807 quod
1539 1725 1677 1790 ecclesia
1707 1725 1856 1808 predicta
1888 1745 1948 1790 nec
1972 1727 2014 1789 ab
2039 1726 2119 1808 ipsis
2143 1726 2275 1791 domino
2297 1727 2439 1810 Jutstacio)

449 1832 576 1897 scilicet
600 1835 633 1897 et
656 1853 758 1898 uxore
782 1852 843 1896 sua
865 1832 1079 1916 Illtargareta)
1102 1851 1163 1895 nec
1187 1831 1228 1894 ab
1254 1830 1421 1914 aliquibus
1446 1851 1562 1895 eorum
1586 1831 1735 1914 cognatis
1759 1833 1811 1895 rel
1829 1831 2047 1897 familiaribus
2064 1834 2116 1896 vel
2133 1833 2176 1898 ab
2193 1834 2264 1898 aliis
2280 1854 2334 1916 per
2348 1856 2439 1898 eorum
2497 1825 2498 1834 ¹

447 1939 690 2022 promotionem
714 1939 860 2021 aliquam
885 1939 1050 2002 sustineat
1073 1938 1274 2014 violentiam,
1300 1938 1359 2002 sed
1383 1958 1489 2020 usque
1513 1939 1556 2002 ad
1579 1938 1824 2002 restitutionem
1849 1941 2021 2021 pretaxate
2044 1939 2198 2022 pecunie,
2234 1960 2296 2022 que
2318 1941 2349 2003 in
2369 1943 2440 2023 puri-

446 2044 602 2110 ficatione
626 2048 738 2109 sancte
756 2045 857 2110 llarie
880 2044 1017 2128 virginis
1041 2045 1136 2110 reddi
1160 2045 1270 2124 debet,
1295 2064 1370 2109 cum
1394 2044 1555 2108 decimam
1580 2044 1742 2108 redimere
1765 2045 1918 2124 voluerit,
1943 2044 2050 2128 ipsam
2074 2065 2151 2110 cum
2175 2047 2264 2110 omni
2283 2047 2440 2129 integritate

447 2150 587 2237 lihere2)
615 2151 810 2234 possidebit.
868 2153 913 2216 Ut
941 2154 1053 2216 autern
1080 2152 1142 2216 bec
1174 2151 1394 2233 imposterum
1417 2170 1437 2214 a
1461 2150 1592 2215 nemine
1626 2151 1758 2232 possint
1792 2151 1937 2233 infringi,
1974 2153 2015 2216 de
2043 2172 2210 2216 consensu
2244 2156 2275 2217 et
2307 2153 2440 2236 peticione
2497 2203 2498 2208 ,

448 2263 667 2341 utrorumque
703 2260 745 2322 ad
776 2259 1023 2323 firmamentum
1058 2258 1163 2341 ipsius
1201 2258 1338 2322 ecclesie
1372 2257 1460 2322 banc
1496 2257 1639 2322 litteram
1673 2256 1839 2322 conscribi
1868 2257 2008 2322 lecimus
2039 2258 2135 2341 sigilli
2165 2259 2268 2324 nostri
2292 2259 2440 2324 munimine

448 2365 647 2431 roboratam.
693 2365 816 2429 Actum
841 2385 929 2429 anno
953 2364 1085 2429 Domini
1109 2363 1447 2428 ll⁰·CC⁰.XL⁰.VHII⁰.

662 2472 682 2538 ¹)
705 2469 792 2524 Ucdcr
811 2470 877 2523 XIII
899 2471 994 2523 marcis
1013 2469 1083 2522 stelit
1100 2471 1134 2521 im
1152 2469 1198 2522 Or.
1218 2469 1325 2522 XXIIII
1345 2470 1402 2532 sol,
1422 2469 1487 2521 cleric
1506 2469 1570 2520 (laea
1589 2469 1631 2522 dic
1651 2477 1721 2522 crate
1743 2467 1846 2522 Sermnrc
1864 2471 1960 2540 pctilyt
1978 2472 2019 2523 ist.
2059 2471 2080 2536 ²)
2099 2470 2146 2528 Or.
2166 2470 2287 2526 liberere.

582 2558 638 2624 Or.
662 2562 706 2622 ina
728 2559 802 2644 Kyt.
830 2558 931 2626 Sa-A.
956 2559 1168 2635 sublimator,
1195 2559 1294 2622 Morta
1317 2581 1348 2622 a.
1375 2557 1499 2621 Simeon
1521 2561 1555 2622 a'n
1576 2557 1703 2622 Minden
1728 2557 1788 2625 Nr.
1805 2557 1837 2624 9.
1886 2558 1990 2644 Sr‘epel
2012 2561 2078 2622 aad
2102 2559 2303 2644 [defectiqrmq
2324 2560 2439 2621 coloreo

660 2665 754 2731 Gedr.
788 2666 921 2750 dlooper,
955 2664 1017 2728 Die
1040 2665 1166 2730 coronal.
1195 2662 1345 2742 Grnsbrlc.
1374 2663 1593 2750 Schaumdarp
1626 2665 1659 2729 S.
1683 2661 1737 2728 60.
1793 2662 1859 2749 Vqr.
1884 2677 1977 2728 unm
2001 2663 2060 2727 Nr.
2083 2664 2161 2730 524.
2211 2667 2394 2749 Barchtorpe
2411 2667 2441 2725 ist
2497 2713 2498 2748 ,

662 2771 829 2858 Berydcrf
846 2759 883 2839 (⁹).
912 2769 1105 2857 Briclceburp.

1422 2899 1511 2976 519.

448 3026 550 3116 Gaas
574 3027 649 3099 Otto
676 3049 739 3098 von
768 3026 988 3115 Ravenslrerp
1024 3027 1206 3115 resiynlert
1237 3025 1314 3096 clem
1341 3026 1484 3113 Bisclros
1519 3026 1703 3116 Enacldert
1730 3049 1794 3097 von
1825 3025 2024 3098 Osnabrclck
2063 3029 2147 3098 awai
2178 3027 2336 3116 Sclrillinp
2359 3027 2441 3098 Rode

444 3155 511 3205 aus
539 3135 615 3205 clem
642 3133 737 3205 Ecba
764 3132 1009 3226 Berlecampo
1045 3133 1117 3202 aad
1150 3133 1223 3202 oter
1250 3132 1391 3203 necare
1422 3155 1486 3202 aas
1514 3133 1591 3203 dem
1619 3131 1714 3203 Erbc
1747 3134 1807 3204 des
1835 3131 2053 3204 Gerhardus
2085 3134 2131 3204 de
2162 3132 2343 3228 Spelunca
2365 3136 2442 3201 crater
2497 3173 2498 3184 1

444 3241 509 3312 der
537 3241 752 3332 Bcdicycnp,
787 3240 868 3310 dass
903 3240 959 3309 dic
993 3239 1113 3310 Erico
1143 3240 1204 3308 mit
1236 3239 1381 3310 ddlacren
1408 3238 1571 3326 Abpobcn
1602 3239 1694 3310 nicht
1726 3240 1861 3310 delectet
1894 3240 2037 3314 werden.
2098 3240 2134 3315 0.
2163 3241 2199 3311 J.
2229 3238 2441 3331 (1249-50).

582 3357 745 3435 Abaclmst
768 3359 821 3421 dea
846 3355 897 3422 14.
921 3354 974 3422 «Νι.
998 3359 1033 3419 in
1055 3356 1133 3419 Mac.
1150 3354 1213 3419 201
1241 3353 1360 3420 &130
1383 3359 1426 3418 im
1449 3354 1522 3440 Kyt.
1549 3353 1652 3422 Sc-A.
1677 3379 1717 3419 zu
1743 3355 1935 3434 Ocnabraicla
1959 3357 2080 3420 darauc
2103 3357 2231 3445 Mooycc
2251 3360 2285 3422 in
2305 3357 2369 3420 Mac.
2389 3349 2441 3428 Vll,

660 3463 760 3544 3107,
787 3463 821 3530 S.
845 3462 890 3527 65
913 3468 956 3527 im
978 3462 1052 3549 K9l.
1079 3462 1182 3529 sc-A.
1207 3485 1246 3526 zu
1269 3463 1420 3527 Mamer.
1470 3461 1612 3526 Genzeint
1634 3465 1675 3526 iat
1697 3465 1756 3526 ccol
1777 3462 1917 3527 ziemliclt
1940 3463 2041 3528 meter
2063 3462 2144 3540 Otto,
2171 3466 2228 3529 der
2252 3467 2355 3528 canera
2374 3457 2442 3522 Vota·
2497 3489 2498 3552 p

659 3569 798 3656 Ludua'p
823 3567 910 3634 1249
932 3571 1036 3654 sulpic,
1064 3569 1201 3639 Biaclrot'
1218 3567 1387 3656 Enpelbert
1408 3569 1502 3632 etirbl
1525 3568 1627 3644 1250,
1650 3569 1777 3633 lateram
1800 3569 1904 3654 erpibt
1927 3571 1992 3632 cicli
2015 3571 2065 3634 die
2090 3568 2279 3655 Datraranp.
2497 3585 2498 3590 ’

446 3861 656 3950 Erabc'sclros
676 3859 820 3932 Koaracl
847 3884 910 3932 cen
938 3857 1026 3932 Kato
1054 3861 1245 3952 beaaftrcpt
1273 3861 1339 3931 den
1365 3857 1516 3948 Btsclaof
1534 3859 1707 3950 (Jotann)
1739 3883 1802 3931 oon
1831 3860 1982 3931 Mindon
2010 3861 2126 3947 demit,
2162 3861 2220 3932 dic
2252 3853 2441 3931 ostroldi-cler
2497 3871 2498 3918 t

447 3969 586 4058 Kircdc,
623 3967 744 4039 welche
771 3968 880 4039 durch
905 3969 1045 4056 pearmsc
1075 3967 1342 4056 Misistcricdcn,
1376 3967 1432 4037 dic
1460 3967 1581 4037 bercits
1612 3989 1710 4038 wcnn
1739 3967 1828 4037 oracla
1853 3967 2019 4054 fraenatos
2046 3967 2343 4037 maornmontataa
2366 3963 2445 4044 aeica
2497 3999 2498 4014 ¹

891 4073 1092 4164 bcunrubipt
1119 4075 1239 4162 ecardo,
1266 4096 1310 4143 aa
1336 4074 1501 4146 sclattacn.
1558 4073 1652 4144 Ko'ln
1680 4077 1780 4144 1250
1808 4073 1969 4144 Fcbraar
1996 4078 2028 4144 5.

581 4191 676 4259 Gedr.
701 4195 734 4255 in
759 4189 909 4276 (Stdce'e)
934 4191 1043 4259 Gecclc.
1068 4193 1123 4257 der
1148 4191 1242 4256 stadt
1266 4189 1446 4254 Oenabriiclc
1472 4188 1500 4268 I,
1527 4189 1561 4257 S.
1579 4190 1654 4268 150,
1680 4191 1791 4268 Mdeer,
1818 4190 1954 4252 (acrama
1980 4190 2087 4255 Gar-cl.
2117 4189 2177 4269 III,
2205 4189 2240 4257 S.
2257 4188 2331 4266 384,
2353 4185 2447 4250 116311-

660 4297 788 4364 Aream
818 4295 910 4375 cnr,
937 4297 971 4362 s,
995 4296 1062 4362 aaa
1085 4296 1147 4362 na.
1171 4297 1247 4362 aaa

1421 4424 1507 4502 521.
2497 4407 2498 4500 ἴ

447 4553 601 4642 Blachos
622 4553 761 4624 Jolacon
787 4575 852 4624 con
879 4552 1028 4624 Mindon
1056 4553 1250 4624 alacarlcibt
1278 4553 1354 4624 dem
1376 4549 1433 4628 Kl.
1455 4553 1732 4625 Maricnmcrder
1759 4577 1822 4624 aar
1849 4554 2112 4643 Aafbcsserunp
2138 4556 2254 4626 selber
2281 4543 2449 4634 Eintdrrltc

448 4661 505 4730 dic
532 4657 660 4730 Ktrclre
691 4663 729 4730 ln
758 4659 915 4731 carasca
948 4661 986 4730 ln
1013 4659 1076 4730 der
1111 4659 1234 4748 Weisa
1270 4661 1351 4730 dass
1386 4661 1450 4730 das
1481 4660 1619 4730 Kloslcr
1651 4659 1975 4731 coadulescens
2010 4659 2158 4732 daseldst
2185 4658 2370 4732 aenan-cn
2393 4648 2448 4722 and
2497 4655 2498 4710 f

448 4768 506 4838 dic
534 4767 757 4838 Sacramenta
792 4765 971 4837 veromam
1002 4765 1071 4854 soll,
1106 4767 1168 4835 nait
1207 4765 1386 4838 Vorbcdalt
1419 4767 1482 4836 der
1509 4766 1634 4837 Rachle
1669 4766 2018 4857 (immobilitatem,
2053 4765 2116 4837 dar
2150 4767 2217 4838 den
2252 4765 2380 4838 Voreda
2410 4755 2449 4829 tet
2497 4749 2498 4834 i

448 4874 515 4944 den
544 4874 701 4964 synoda
730 4873 793 4944 der
820 4872 950 4943 Kirclre
976 4894 1019 4943 aa
1049 4871 1206 4943 Garbscn
1237 4872 1364 4960 stilicen
1396 4873 1469 4942 aad
1502 4872 1600 4944 dulci
1633 4894 1697 4944 aton
1726 4873 1802 4944 clera
1833 4873 1970 4944 Kloster
2004 4853 2217 4944 americum
2244 4870 2370 4942 werden
2393 4860 2448 4934 soll.

1179 4979 1371 5068 Wanscors
1392 4981 1487 5050 1250
1516 4979 1675 5050 Famam
1701 4982 1755 5054 14.

556 5095 674 5162 Testes
699 5100 812 5162 autem
835 5096 934 5161 huius
957 5096 1005 5162 rei
1028 5099 1124 5161 sunt:
1160 5097 1323 5162 Ludollus
1347 5117 1458 5162 comes
1482 5097 1524 5160 de
1549 5097 1713 5177 Limbere‚
1738 5097 1817 5162 Otto
1842 5096 1964 5162 nobilis
1989 5099 2030 5162 de
2053 5096 2112 5178 Lo,
2135 5096 2312 5161 Conradus
2334 5096 2363 5157 et
2383 5087 2449 5153 Hin·

449 5204 537 5269 ricus
560 5204 680 5270 fratres
705 5205 747 5268 de
771 5203 905 5285 Eckere,
939 5203 1109 5268 Arnoldus
1134 5205 1175 5269 de
1200 5205 1367 5286 Hedesen‚
1402 5204 1591 5269 Alexander
1615 5205 1655 5269 de
1679 5204 1789 5282 Helle,
1825 5203 2000 5268 Conradus
2023 5203 2233 5282 Frambalch,
2269 5195 2448 5266 Harebertus
2497 5185 2498 5230 t

449 5311 492 5374 de
527 5309 644 5394 Srege‚
682 5310 820 5390 milites;
860 5309 1032 5374 Conradus
1072 5311 1114 5374 de
1151 5311 1399 5392 Wardenberge
1437 5309 1543 5374 maior
1581 5311 1773 5392 canonicus,
1812 5309 1974 5376 Ludollus
2013 5309 2161 5376 notarius
2201 5308 2307 5374 sancti
2340 5295 2449 5370 llartini
2497 5281 2498 5332 1

450 5417 639 5497 canonicus,
662 5415 877 5482 Burchardus
901 5417 1064 5500 plebanus
1089 5417 1124 5481 in
1147 5418 1316 5500 Duzborn,
1340 5418 1574 5483 Helmwardus
1599 5418 1722 5483 domini
1746 5416 1875 5484 comitis
1899 5417 2100 5500 capellanus.
