5032 6796
1033 385 1101 444 1289
2019 373 2085 438 449

1023 582 1134 662 1415.

78 711 237 786 aucun
261 709 401 784 Joltunn
426 731 492 782 uon
518 707 680 782 Aderam
712 708 895 886 (116616ᾰὲςῦ
910 709 1002 888 dam&
1014 708 1222 888 1528ss
1238 710 1323 886 ,6126
1349 709 1448 800 Hafa
1474 709 1527 782 hei
1555 710 1711 783 Mindar
1737 712 1810 783 und
1836 713 1911 784 eine
1938 712 2083 802 Herpa.

890 824 937 888 rin
1183 837 1246 887 ane
1298 873 1307 890 .

173 951 344 1018 Universis
366 950 490 1016 Christi
519 948 674 1016 fidelibus
705 953 895 1034 presentem
924 951 1079 1034 paginam
1102 951 1305 1034 inspecturis
1328 971 1390 1016 seu
1413 951 1512 1016 etiarn
1535 950 1699 1017 audituris
1721 951 1890 1018 lohannes
1912 952 2007 1020 miles
2030 953 2085 1020 vir

76 1058 185 1126 nobilis
211 1058 253 1124 de
276 1058 434 1137 Adenoys
465 1057 589 1122 habere
618 1055 812 1122 memoriam
841 1056 1116 1140 subscriptorum.
1162 1057 1249 1136 Quia
1277 1056 1425 1122 veridica
1454 1057 1617 1122 relatione
1645 1057 1826 1123 multorum
1856 1059 2086 1142 cognovimus,

77 1185 191 1231 seuam
220 1183 295 1230 esse
308 1187 311 1194 ’
325 1162 610 1246 congregationem
636 1161 803 1244 virgintun
830 1160 1033 1227 inclusarum
1056 1163 1092 1227 in
1114 1162 1256 1228 Lodhen
1276 1162 1461 1228 Mindensis
1490 1163 1639 1245 dyocesis
1670 1164 1809 1230 fratrum
1832 1164 2084 1232 predicatorum

77 1269 218 1337 instituta
240 1269 456 1350 servantium,
487 1266 632 1333 filiorum
654 1268 845 1332 nostrorum
868 1266 983 1333 habito
1006 1286 1182 1349 consensu,
1209 1268 1360 1334 videlicet
1384 1266 1541 1333 Friderici
1565 1268 1716 1334 canonici
1740 1268 2026 1335 Hildensemensis
2050 1271 2085 1335 et

78 1375 228 1443 lobannis
250 1375 346 1457 layci,
369 1393 524 1440 mansum
546 1392 651 1438 unum
673 1373 853 1438 habentem
875 1371 992 1454 viginti
1014 1371 1139 1454 iugera,
1163 1393 1263 1457 quem
1286 1372 1386 1438 situm
1402 1373 1493 1456 apud
1508 1373 1668 1439 Mundere
1685 1373 1847 1440 Ludolfus
1864 1375 1906 1439 de
1921 1374 2085 1440 Hamelen

77 1483 132 1547 suh
153 1501 263 1546 annuo
287 1499 390 1547 censu
413 1499 433 1544 a
456 1478 553 1544 nobis
575 1481 739 1560 tenuerat,
762 1477 890 1562 prefate
913 1478 1160 1562 congregationi
1182 1499 1243 1563 pro
1267 1482 1394 1562 septem
1420 1479 1539 1544 marcis
1560 1479 1771 1544 vendidimus
1787 1499 1863 1544 cum
1878 1481 2085 1563 proprietate

76 1590 182 1652 suaet
203 1588 295 1653 omni
318 1586 400 1652 iuris
422 1584 629 1669 plenitudine
651 1587 816 1667 perpetuo
839 1583 1088 1668 possidendum.
1128 1585 1270 1668 Insuper
1285 1604 1388 1650 unam
1403 1583 1549 1667 puellam
1564 1583 1820 1650 Ermendrudim
1835 1585 1970 1651 nomine
1984 1584 2084 1650 nobie

77 1693 252 1759 conditione
276 1692 387 1757 servili
410 1691 632 1774 pertinentem
654 1689 763 1755 eidem
786 1689 1031 1772 congregationi
1055 1691 1125 1755 sive
1148 1691 1292 1756 claustro
1315 1689 1497 1756 liberaliter
1520 1691 1721 1754 contulimus
1744 1695 1882 1774 propter
1904 1692 2022 1771 Deum,
2047 1695 2085 1756 nt

75 1797 222 1864 memoria
251 1797 360 1863 nostri
390 1816 429 1862 ac
459 1797 649 1864 nostrorum
676 1795 837 1860 heredum
867 1795 901 1858 in
924 1799 994 1860 tam
1017 1814 1112 1860 sacro
1136 1796 1272 1879 collegio
1295 1797 1415 1877 iugiter
1437 1796 1610 1860 habeatur.
1657 1795 1767 1860 Huius
1790 1796 1839 1860 rei
1862 1797 1965 1861 testes
1989 1799 2084 1861 sunt:

75 1903 250 1968 l'ridericus
283 1902 449 1986 plebanus
477 1901 513 1966 in
541 1896 712 1982 Mundere,
741 1901 954 1967 Hermaunus
984 1901 1026 1967 de
1049 1901 1327 1984 Sydinghehusen
1357 1901 1462 1981 milae,
1493 1901 1680 1968 Fridericus
1703 1901 1881 1983 Svenghel,
1911 1900 2085 1966 Conradus

74 2009 249 2090 Smerwolt,
273 2007 441 2076 lohannes
464 2007 595 2073 villicus
619 2007 755 2072 claustri
772 2007 969 2089 Lodhensis,
994 2007 1156 2074 Ludollus
1173 2008 1315 2089 Cruwel‚
1339 2007 1552 2072 Hermaunus
1576 2009 1685 2074 dictus
1700 2007 1864 2090 Meygher‚
1887 2007 2086 2076 ‚Thidericus

76 2115 204 2180 Semele
233 2117 269 2180 et
294 2115 409 2197 plures
438 2113 495 2180 alii
525 2112 691 2195 fidedigni.
737 2113 878 2196 Insuper
908 2113 952 2179 ad
974 2112 1110 2196 plenam
1133 2113 1367 2179 certitudinem
1390 2115 1423 2179 et
1445 2114 1659 2180 securitatem
1682 2112 1792 2196 sigilla
1815 2115 1939 2195 nostra,
1973 2113 2086 2195 ipsum

73 2240 133 2302 quo
168 2220 292 2285 utimur
335 2221 369 2284 et
413 2238 480 2302 quo
525 2218 615 2284 filius
659 2220 773 2284 noster
811 2218 990 2284 'canonicus
1028 2219 1317 2286 Hildensemensis
1355 2218 1405 2284 uti
1444 2220 1540 2301 solet,
1579 2221 1788 2304 approbante
1825 2219 1978 2284 Johanne
2016 2217 2086 2285 filio

72 2326 175 2390 nostro
204 2325 419 2408 presentibus
451 2328 530 2391 sunt
560 2343 719 2408 appensa.
769 2325 854 2390 Acta
883 2327 963 2390 sunt
991 2326 1054 2390 hec
1084 2325 1244 2392 Mundere
1274 2325 1415 2390 sabbato
1447 2325 1534 2392 inira
1565 2328 1717 2392 octavam
1748 2327 1966 2392 Pentecostes
1997 2343 2087 2390 anno

71 2429 193 2496 Domini
215 2429 542 2497 M⁰.CC⁰.LXXXIX⁰.

192 2552 363 2634 Absclcrift
385 2553 438 2618 des
462 2552 513 2618 13.
538 2553 652 2618 Jatrl.
675 2556 710 2617 in
732 2554 809 2618 Mac.
839 2549 916 2631 VII,
941 2550 1037 2632 1326,
1060 2554 1118 2631 fol.
1143 2551 1209 2616 120
1229 2557 1273 2617 im
1295 2551 1369 2638 Kpl.
1395 2551 1500 2619 ›St-A.
1524 2575 1564 2617 aa
1586 2553 1736 2617 Mamur.

1019 2821 1130 2899 1416.

70 2943 132 3014 Abi
157 2945 306 3033 Sipcwin
333 2945 393 3017 des
421 2944 662 3016 Morialcbstcr
687 2966 748 3016 oor
766 2944 916 3017 Mindon
942 2945 1115 3036 detondet,
1144 2946 1227 3018 class
1254 2947 1328 3018 sein
1359 2945 1574 3018 Ministertal
1592 2945 1776 3018 Heracon
1802 2944 1926 3035 Vophel
1952 2946 1991 3016 in
2018 2946 2085 3018 den

71 3049 186 3122 Dicuat
218 3052 280 3123 des
317 3049 455 3141 Grcfea
487 3073 551 3123 von
583 3051 803 3140 nurenberg
835 3051 1065 3143 cherpetrctcn
1102 3054 1153 3124 sci
1185 3051 1258 3122 und
1289 3051 1400 3140 dufer
1433 3052 1487 3123 als
1520 3051 1651 3122 ursata
1684 3051 1761 3122 dem
1795 3051 1936 3122 Klostcr
1969 3053 2087 3123 scinco

616 3157 709 3230 Sota
736 3158 918 3230 Hermann
943 3157 1086 3250 gegeben
1112 3157 1204 3228 tube.
1259 3160 1357 3231 1289
1382 3159 1472 3230 Juni
1501 3161 1532 3229 9.

168 3292 386 3375 Seghewiuus
410 3292 470 3358 Dei
500 3294 605 3375 gratia
634 3293 738 3358 abbas
769 3293 875 3358 sancti
897 3291 1044 3359 Mauritii
1053 3293 1077 3378 ¹)
1108 3293 1144 3359 in
1168 3294 1282 3359 Insula
1305 3293 1471 3359 Mindensi
1502 3293 1656 3357 omnibus
1686 3292 1749 3358 boc
1773 3291 1934 3374 scriptum
1961 3293 2086 3357 visuris

70 3396 201 3462 salutem
224 3398 261 3462 in
285 3398 436 3464 Domino.
483 3398 692 3482 Supplicavit
721 3398 1250 3486 nohisHermannusv0gne12),
1283 3399 1421 3465 ecclesie
1444 3401 1559 3464 nostre
1582 3398 1819 3481 ministerialis
1854 3402 1892 3463 ut
1915 3398 2030 3464 liceret
2052 3399 2085 3464 ei

70 3503 285 3569 conditionem
319 3523 414 3570 suam
445 3507 585 3586 mutare,
620 3504 776 3571 videlicet
810 3507 899 3588 quod
934 3507 1021 3571 esset
1054 3504 1280 3571 ministerialis
1315 3503 1435 3570 nobilis
1469 3503 1532 3568 viri
1564 3505 1626 3570 ..de
1651 3504 1922 3588 Ravensberghe,
1955 3507 1989 3570 et
2019 3525 2081 3570 nos

69 3608 212 3689 petitioni
242 3610 350 3693 ipsius
382 3612 572 3691 annuimus
604 3611 784 3676 dummodo
812 3612 859 3676 ita
887 3611 992 3693 fieret,
1023 3612 1114 3694 quod
1144 3611 1242 3676 nobis
1270 3613 1304 3676 et
1326 3610 1465 3675 ecclesie
1488 3614 1603 3676 nostre
1626 3629 1695 3674 non
1718 3612 1867 3691 noceret3
1899 3611 1989 3676 unde
2011 3611 2085 3694 ipse

68 3731 181 3795 prose
204 3716 298 3780 dedit
320 3715 355 3780 in
378 3716 608 3781 concambium
632 3717 862 3783 Hermannum
883 3717 991 3783 filium
1014 3737 1112 3783 suum
1135 3717 1177 3782 ad
1199 3717 1236 3781 id
1257 3717 1320 3798 ius,
1351 3716 1394 3781 ad
1416 3717 1508 3798 quod
1529 3718 1604 3800 ipse
1627 3715 1727 3781 nobis
1751 3719 1784 3780 et
1807 3717 1945 3781 ecclesie
1968 3720 2083 3783 nostre

68 3817 170 3884 inerat
197 3821 375 3904 obligatus.
421 3823 468 3888 Ut
495 3821 596 3906 igitur
626 3822 761 3889 firmum
783 3827 990 3906 permaneat,
1024 3842 1086 3887 nos
1109 3821 1234 3888 factum
1257 3824 1409 3888 nostrum
1432 3822 1597 3888 conscribi
1618 3821 1758 3888 fecimus
1781 3823 1814 3886 et
1837 3823 1944 3905 sigillo
1967 3825 2087 3888 nostro

68 3922 217 3992 iussimus
242 3927 448 3992 communiri.
472 3926 595 3992 Datum
619 3947 707 3995 anno
729 3928 863 3994 Domini
884 3927 1227 4010 M⁰.CC⁰.LXXX⁰IX⁰,
1250 3928 1302 3994 V⁰.
1326 3929 1405 3993 Idus
1428 3928 1529 3994 lunii.

275 4050 297 4117 ¹)
315 4049 361 4106 Or.
380 4051 488 4106 llaritii.
526 4049 604 4118 ’)Im
622 4050 668 4106 Or.
687 4050 936 4121 iiderpesclrrieben.

192 4153 248 4220 Or.
277 4159 321 4220 im
347 4155 421 4241 Kpl.
451 4155 558 4222 Se-A.
588 4179 629 4220 zu
657 4157 806 4236 Mein-star,
845 4155 994 4242 Grrffccl.
1020 4156 1216 4244 Ravenoherg
1243 4154 1304 4222 Nr.
1327 4153 1383 4223 29.
1443 4155 1548 4242 Siepel
1577 4179 1634 4222 oon
1665 4158 1734 4221 dem
1766 4177 1823 4220 corr
1850 4156 1905 4221 der
1938 4154 2086 4220 Urhunde

271 4261 497 4346 pertimerem
520 4260 835 4348 Perpomcntatreefen
865 4263 1011 4330 valera.
1058 4262 1154 4332 Gedr.
1178 4261 1306 4350 Lamey,
1331 4261 1441 4328 Garat.
1466 4263 1496 4327 d.
1521 4261 1598 4328 Grr.
1622 4287 1649 4327 o.
1673 4261 1885 4347 Raoawbmp,
1911 4260 1983 4328 Cod.
2007 4262 2084 4347 dipl.

274 4365 310 4432 S.
335 4364 378 4430 61
406 4365 469 4434 Nr.
493 4365 546 4434 63.

1015 4585 1123 4663 1417.

67 4703 210 4796 Bisclcof
245 4707 390 4800 Vulgata
424 4709 497 4782 und
527 4709 592 4781 das
620 4709 839 4800 Domlcopilel
871 4732 936 4782 von
964 4710 1114 4782 Miaden
1145 4709 1350 4798 (1166619666
1383 4709 1460 4780 (1661
1487 4709 1549 4785 Kl.
1577 4709 1728 4780 Locrum
1765 4707 1832 4780 deu
1858 4707 2010 4780 Zahoten
2042 4729 2086 4778 aa

66 4809 233 4904 landeata,
276 4813 341 4886 den
380 4815 437 4886 die
472 4811 614 4888 Bratdcr
652 4815 791 4888 Johunn
826 4813 1400 4994 offlndlgnudogffloopumilslclhcrde,
1441 4814 1564 4905 Rura,
1605 4815 1708 4886 tinen
1748 4815 1930 4906 resipuisti
1967 4812 2091 4894 huben.

190 5052 248 5120 Or.
291 5056 335 5118 im
374 5054 495 5119 Archiv
537 5055 590 5122 dea
633 5053 684 5122 Kl.
722 5053 856 5120 Locrum
897 5059 955 5120 mit
994 5067 1051 5141 put
1087 5024 1285 5121 6616116666(
1311 5053 1417 5141 Siepel
1458 5056 1512 5120 des
1550 5055 1699 5135 Bisclofs
1742 5056 1809 5119 und
1852 5055 1906 5120 dea
1944 5054 2086 5140 Kapttala

273 5182 316 5224 an
351 5159 676 5246 Perpammtctreifen.
745 5159 837 5226 Ncclr
882 5163 951 5227 (1666
988 5160 1043 5229 Or.
1088 5163 1176 5248 pede.
1221 5185 1249 5227 o.
1288 5159 1485 5247 Hodanberp,
1533 5160 1738 5248 Cababcryer
1782 5160 1849 5229 UB.
1890 5158 1981 5228 Aban.
2021 5157 2086 5240 III,

274 5264 308 5331 S.
337 5264 403 5331 297
438 5265 498 5331 Nr.
530 5266 604 5333 473.

163 5471 253 5518 wasta
269 5474 406 5520 ura-sucu
420 5475 459 5519 vr.
1827 5467 1868 5530 57
