5032 6796
1029 409 1098 465 1288
2019 401 2084 468 437

1017 609 1125 686 1379.

79 737 212 828 Bisrlcof
240 735 383 828 Volusio
416 735 490 806 crud
523 733 588 806 dos
616 733 835 825 Domlcopitel
867 757 930 806 oon
968 735 1116 806 Mindon
1150 735 1351 826 cleretpnen
1387 737 1464 808 dem
1502 735 1557 808 Kl.
1593 738 1729 810 Leoero
1763 741 1828 812 den
1863 741 2013 813 Zeholeo
2048 745 2086 814 io

716 841 890 916 Wimmer.
947 843 1097 913 Mindon
1125 841 1224 915 1288
1256 842 1444 932 (Antanoi.

171 961 352 1044 Volquinus
369 959 429 1026 Dei
452 959 561 1043 gratia
576 959 760 1025 Mindensis
777 960 966 1043 episcopus,
991 960 1071 1027 Otto
1088 960 1291 1044 prepositus,
1317 962 1522 1047 C(onradus)
1547 963 1694 1028 decanus
1710 968 1886 1048 totumque
1903 965 2085 1032 Mindensis

78 1071 199 1140 ecclesie
221 1067 403 1152 capitulum
427 1066 591 1132 universis
615 1069 804 1150 presentem
821 1066 977 1149 paginam
993 1067 1192 1150 inspecturis
1210 1070 1358 1132 eternam
1374 1069 1409 1133 in
1427 1069 1569 1133 Domino
1586 1070 1736 1134 salutem.
1778 1072 1861 1136 Cum
1879 1073 2085 1157 ampliationi

78 1181 172 1245 cultus
204 1175 305 1240 divini
339 1193 408 1238 non
443 1169 550 1240 solum
586 1173 688 1237 animi
723 1172 861 1256 pietate,
896 1193 1012 1238 verum
1047 1173 1146 1238 etiam
1181 1173 1420 1240 beneficiorum
1456 1175 1654 1259 inpensione
1693 1179 1868 1242 teneamur
1899 1179 2085 1261 intendere,

77 1281 258 1351 monasterio
298 1283 412 1345 sancte
449 1279 553 1345 Marie
591 1279 726 1362 virginis
764 1281 800 1345 in
840 1279 989 1344 Leveren
1028 1280 1154 1344 ordinis
1195 1280 1423 1345 Cisterciensis
1463 1284 1577 1346 nostre
1617 1283 1777 1361 dyocesis,
1821 1267 1912 1367 quod
1950 1286 1986 1350 in
2024 1287 2086 1352 Dei

76 1389 212 1457 laudibus
249 1407 285 1452 se
325 1387 483 1452 devocius
522 1390 661 1468 exercet,
709 1406 750 1452 ne
788 1386 824 1452 in
862 1385 1080 1451 exterioribus
1119 1385 1260 1468 deficiat,
1308 1387 1367 1452 sed
1405 1388 1441 1452 in
1480 1389 1696 1454 interioribus
1733 1389 1901 1472 spirituali
1940 1392 2086 1472 germine

74 1495 218 1580 proficiat,
252 1513 354 1559 manu
389 1493 523 1578 pietatis
557 1492 761 1558 intendimus
795 1492 984 1557 subvenire.
1039 1493 1126 1558 Hine
1161 1495 1221 1572 est,
1257 1493 1348 1576 quod
1379 1494 1422 1559 ad
1453 1493 1610 1558 noticiam
1646 1497 1716 1560 tam
1746 1497 1954 1579 presentium
1986 1517 2085 1580 quam

76 1607 244 1670 futurorum
277 1600 430 1682 cupimus
461 1599 646 1682 peruenire,
678 1599 769 1682 quod
796 1618 857 1665 nos
882 1600 969 1664 dicto
993 1600 1132 1665 cenobio
1156 1599 1395 1684 proprietatem
1420 1599 1546 1665 decime
1568 1600 1604 1665 in
1627 1601 1807 1666 Wimmere
1831 1622 1906 1668 curn
1931 1603 2087 1669 omnibus

77 1710 137 1774 suis
159 1706 350 1785 attinentiis,
382 1726 482 1789 quam
507 1726 527 1770 a
550 1705 695 1771 Henrico
720 1706 824 1771 milite
849 1705 936 1772 dicto
962 1706 1002 1770 de
1025 1706 1258 1790 Aspelcampe,
1283 1705 1340 1789 qui
1364 1725 1437 1770 eam
1462 1707 1601 1772 anobis
1626 1707 1764 1772 tenebat
1787 1707 1821 1772 in
1843 1709 1987 1792 pheodo,
2012 1714 2088 1775 eta

74 1815 140 1880 filiis
166 1813 314 1878 eiusdem
346 1812 502 1878 videlicet
527 1813 731 1892 Hermanno,
762 1812 907 1877 Henrico
937 1815 971 1877 et
994 1812 1186 1878 Alexandro
1216 1815 1250 1877 et
1278 1813 1320 1877 ab
1355 1812 1428 1877 aliis
1457 1812 1639 1879 heredibus
1672 1815 1705 1877 et
1727 1815 1948 1880 coheredibus
1972 1835 2086 1881 eorum

75 1919 301 1986 rationabiliter
333 1921 422 2001 emit,
455 1920 651 1985 donavimus
682 1920 718 1982 in
748 1918 923 2003 proprium
946 1919 1116 1984 communi
1139 1922 1172 1983 et
1194 1918 1350 1984 benivola
1372 1920 1544 1984 voluntate
1566 1921 1787 2001 attendentes
1824 1939 1897 1986 esse
1921 1921 2087 1987 salubrius

73 2028 180 2092 dictam
210 2025 372 2090 decimam
397 2045 416 2090 a
439 2025 590 2109 personis
615 2025 845 2091 ecclesiasticis
868 2025 1034 2109 possideri
1057 2045 1158 2109 quarn
1182 2045 1202 2090 a
1224 2025 1325 2109 laycis
1349 2045 1416 2091 non
1440 2026 1618 2091 salubriter
1642 2027 1786 2092 retineri.
1834 2028 1879 2093 Ut
1899 2030 2012 2093 autem
2026 2030 2088 2094 hec

73 2138 172 2198 nostra
205 2132 342 2198 donatio
378 2134 449 2198 rata
484 2137 517 2197 et
556 2132 751 2198 inconvulsa
785 2135 987 2216 permaneat,
1023 2136 1214 2215 presentem
1242 2132 1398 2217 paginam
1428 2133 1590 2199 conscribi
1624 2136 1658 2198 et
1687 2134 1785 2216 sigilli
1813 2135 1919 2199 nostri
1948 2134 2087 2219 capituli

77 2243 202 2306 fecimus
225 2239 385 2305 roborari.
433 2241 555 2306 Datum
577 2239 689 2303 Minde
713 2258 801 2303 anno
825 2239 956 2304 Domini
980 2239 1340 2304 M⁰.CC⁰.LXXXVIII⁰.

204 2343 256 2408 Or.
282 2349 326 2410 im
349 2343 550 2409 Housarclrio
572 2346 626 2409 deo
649 2341 756 2408 Heron
777 2343 1022 2409 Kommerdemrc
1044 2342 1215 2410 Freiderrn
1237 2368 1296 2409 core
1318 2346 1374 2410 der
1396 2344 1494 2410 Horat
1519 2369 1558 2410 zu
1580 2343 1775 2412 Holl-wc‘okel.
1823 2346 1876 2410 An
1901 2346 2014 2410 booten
2035 2371 2087 2433 qe-

269 2453 441 2538 flocletenen
473 2449 598 2517 Sauro
631 2454 691 2516 bez.
735 2448 938 2515 Wolllcordelo
975 2449 1078 2538 Sieqel
1111 2453 1164 2515 der
1199 2451 1344 2520 Bieclrot'e
1377 2453 1444 2516 uod
1476 2454 1529 2517 des
1563 2451 1782 2538 Domkupc'telc.
1832 2452 2000 2531 Absclcrr'ft
2034 2455 2088 2519 des

281 2557 332 2623 17.
356 2557 470 2622 Jahrb.
498 2561 532 2623 in
556 2559 632 2622 Meo.
664 2554 736 2636 VII,
764 2556 889 2635 2809a,
918 2559 972 2639 fol.
997 2556 1019 2622 8
1051 2562 1095 2622 im
1119 2559 1190 2644 1191.
1218 2556 1322 2626 St.-A.
1347 2561 1558 2623 worcester.
1605 2558 1758 2623 Ercoddnt
1782 2558 1913 2624 Zeitsch.
1938 2562 1991 2624 dee
2014 2560 2084 2626 ledet.

287 2663 401 2746 Vens.
426 2663 672 2730 Dtedersaclcaen
701 2664 755 2750 19.
782 2662 868 2728 1860
896 2662 954 2730 Nr.
982 2664 1054 2729 134.
1102 2663 1163 2729 Dic
1191 2663 1267 2728 Urlc.
1296 2668 1338 2730 iet
1364 2689 1466 2750 crepon
1489 2663 1549 2730 Nr.
1577 2664 1663 2730 1373
1690 2665 1770 2730 wohl
1791 2666 1952 2752 moylicdst
1973 2671 2006 2730 io
2028 2667 2087 2731 den

280 2772 411 2858 Anfanq
434 2773 487 2836 des
508 2771 625 2836 Jalrec
649 2769 736 2834 1288
757 2793 797 2834 zu
820 2782 928 2836 setam.

1017 2934 1132 3011 1380.

69 3063 229 3138 Eddderr
256 3060 402 3134 Koarad
428 3084 492 3134 ooo
521 3062 686 3133 Aroheim
714 3061 888 3151 comeam
916 3063 992 3133 dem
1020 3062 1210 3134 10199993-
1239 3061 1311 3132 und
1341 3061 1570 3133 Pacis-Altae*
1597 3064 1645 3133 im
1672 3065 1851 3136 mindener
1870 3065 1959 3136 Dom
1988 3068 2086 3138 einen

563 3167 684 3239 Kolten
710 3169 783 3239 uod
812 3169 916 3240 Laod
944 3171 981 3239 io
1012 3169 1192 3240 Nommeo.
1247 3167 1347 3241 1288
1373 3169 1515 3240 Jaoaor
1541 3173 1575 3242 2.

164 3289 233 3352 Nos
257 3287 434 3353 Conradus
465 3288 586 3352 nobilis
616 3288 657 3352 de
680 3287 829 3352 Arnhem
853 3287 1008 3352 omnibus
1031 3287 1095 3352 hoc
1118 3287 1278 3370 scriptum
1301 3286 1510 3353 intuentibus
1536 3290 1652 3352 notum
1675 3309 1749 3353 esse
1772 3291 1926 3356 volumus
1950 3295 1983 3356 et
2006 3311 2086 3357 con-

69 3396 157 3474 stare,
181 3396 283 3478 quod,
308 3414 384 3459 cum
408 3393 614 3476 Amelungus
638 3395 793 3459 sacerdos
816 3394 958 3459 vicarius
983 3393 1096 3458 altaris
1120 3396 1311 3458 sanctorum
1333 3392 1497 3460 Johannis
1521 3397 1554 3460 et
1578 3395 1673 3460 Pauli
1696 3395 1731 3460 in
1756 3397 1895 3462 ecclesia
1920 3398 2085 3464 Mindensi

69 3501 192 3565 emisset
223 3521 243 3565 a
273 3501 410 3566 domina
434 3500 574 3566 Alheide
603 3500 719 3565 relicta
743 3500 875 3565 Ludolfi
899 3502 940 3565 de
964 3501 1132 3566 Swicbere
1155 3521 1194 3566 ac
1217 3501 1330 3584 pueris
1353 3501 1502 3566 eiusdem
1526 3502 1674 3567 Waltero
1698 3502 1861 3584 videlicet,
1886 3504 2027 3571 Ludolto
2052 3510 2085 3571 et

67 3607 241 3688 llargareta
273 3627 373 3672 unam
407 3626 516 3672 casam
547 3608 647 3672 sitam
677 3608 711 3672 in
741 3607 819 3672 villa
842 3607 993 3672 Namnen
1023 3610 1056 3672 et
1081 3608 1334 3690 quatuordecim
1363 3609 1476 3692 iugera
1505 3609 1547 3674 ad
1578 3611 1718 3675 eandem
1747 3630 1857 3676 casam
1891 3613 2084 3676 cumomni

68 3713 209 3795 utilitate,
241 3734 311 3797 que
341 3734 382 3778 ex
404 3713 487 3796 ipsis
521 3713 698 3798 provenire
728 3713 862 3798 poterit,
892 3714 1108 3796 pertinencia,
1139 3714 1290 3780 Alheidis
1322 3720 1355 3780 et
1390 3715 1486 3797 pueri
1521 3716 1593 3780 eius
1627 3716 1768 3798 predicti
1803 3718 1944 3783 eandem
1975 3737 2085 3783 casam

66 3821 95 3882 et
115 3819 225 3901 iugera
254 3821 291 3884 in
314 3839 434 3886 manus
457 3823 589 3884 nostras
612 3819 714 3885 libere
738 3819 957 3903 resignarunt.
1009 3821 1083 3899 Quo
1107 3820 1193 3886 facto
1216 3841 1277 3885 nos
1301 3822 1542 3905 proprietatem
1567 3822 1750 3888 eorundem
1779 3824 1822 3889 ad
1853 3823 1957 3888 altare
1989 3843 2086 3889 sanc-

65 3927 166 3990 torum
190 3926 356 3992 Johannis
379 3928 414 3990 et
436 3925 532 3991 Pauli
554 3926 741 4010 predictum
764 3946 825 4009 pro
849 3926 996 3992 remedio
1019 3927 1129 3992 anime
1154 3931 1267 3993 nostre
1292 3928 1493 3992 contulimus
1519 3931 1552 3994 et
1575 3928 1777 3994 conferimus
1799 3928 1834 3994 in
1859 3929 1923 3994 hiis
1954 3931 2085 4014 scriptis

65 4031 238 4098 liberaliter
277 4036 310 4098 et
338 4033 491 4115 benigne.
544 4033 588 4097 Ut
617 4032 717 4116 igitur
747 4033 876 4116 empcio
904 4032 1010 4115 ipsius
1038 4034 1105 4097 iam
1134 4033 1212 4097 dicti
1240 4034 1419 4117 Amelungi
1447 4037 1480 4099 et
1509 4039 1623 4101 nostra
1651 4036 1798 4108 liberalis
1827 4036 1961 4102 donatio
1989 4037 2086 4102 firma

65 4139 226 4222 perpetuis
257 4139 469 4223 temporibus
500 4141 532 4204 et
559 4139 757 4204 inconvulsa
783 4142 987 4223 permaneat,
1022 4158 1083 4204 nos
1112 4160 1213 4222 super
1236 4141 1299 4206 hoc
1322 4140 1484 4223 scriptum
1509 4144 1659 4206 nostrum
1683 4142 1835 4207 dedimus
1859 4142 1955 4225 sigilli
1979 4142 2085 4208 nostri

65 4246 261 4326 appensione
299 4245 547 4311 communitum.
598 4247 721 4311 Datum
750 4248 784 4310 et
811 4251 922 4311 actum
953 4265 1040 4310 anno
1072 4247 1204 4311 Domini
1232 4245 1619 4330 M⁰.CC⁰.LXXX⁰.VIII⁰,
1649 4249 1794 4314 crastino
1823 4249 2085 4314 circumcisionis

64 4349 199 4433 Domini,
224 4353 443 4436 presentibus
465 4352 716 4417 honorabilibus
737 4352 817 4416 viris
832 4353 998 4435 Volquino
1016 4352 1201 4435 scolasticO,
1225 4354 1376 4420 Johanne
1394 4355 1435 4418 de
1451 4355 1696 4436 Sconenbereh,
1721 4357 1873 4421 Johanne
1889 4356 1931 4420 de
1948 4356 2086 4421 Roden-

67 4454 159 4521 berch
182 4461 216 4523 et
239 4459 441 4524 Widelrindo
466 4459 507 4523 de
532 4459 623 4524 Osen
646 4457 815 4524 canonicis
838 4459 1084 4539 Mindensibus;
1108 4459 1255 4525 Waltero
1279 4461 1321 4524 de
1346 4461 1478 4540 Zersne,
1504 4461 1657 4525 Tiderico
1681 4462 1723 4526 de
1748 4465 1908 4542 Ronowe,
1932 4464 2084 4528 Johanne

64 4561 100 4625 de
122 4561 318 4646 Bardeleve,
343 4563 519 4645 militibus;
549 4566 712 4630 Rotberto
737 4567 777 4629 de
802 4566 934 4645 Zersne,
959 4565 1106 4631 Waltero
1131 4566 1172 4630 de
1195 4566 1383 4648 Nyenstede
1408 4570 1442 4631 et
1465 4567 1639 4633 Thiderico
1663 4568 1752 4633 dicto
1776 4567 1933 4652 Weldege
1957 4571 1991 4633 et
2013 4569 2085 4634 aliis

64 4685 161 4748 quam
183 4670 343 4753 pluribus
366 4671 433 4736 fide
458 4671 574 4752 dignis.
1562 4721 1565 4730 ,

191 4773 249 4840 Or.
273 4779 323 4838 im
341 4775 415 4862 Kpl.
435 4775 540 4843 se-A.
564 4799 603 4840 zu
626 4777 774 4855 llincter,
800 4774 956 4841 inretent.
975 4777 1102 4841 Mindon
1118 4775 1180 4844 Nr.
1196 4776 1251 4843 59.
1290 4777 1362 4843 Dos
1388 4779 1491 4865 819991
1513 4803 1580 4844 com
1597 4779 1914 4866 Pergamenmtreifen
1935 4783 2082 4848 veriorem.

276 4883 431 4946 Adelleid
451 4886 492 4947 iet
515 4885 564 4947 die
590 4881 762 4948 Schwcster
785 4883 837 4946 dee
862 4879 1013 4947 Heinrich
1037 4883 1269 4970 8903919991.
1298 4883 1354 4950 Nr.
1379 4885 1454 4950 872.

1017 5049 1125 5126 1381.

61 5168 281 5259 Appellatioo
316 5173 376 5244 des
407 5173 574 5262 Psorrers
600 5171 785 5244 Burclcord
816 5175 854 5245 in
882 5174 1065 5264 Dieliopco
1090 5197 1195 5265 pepon
1228 5175 1291 5248 aas
1327 5176 1435 5248 Urteil
1462 5176 1524 5247 der
1553 5176 1875 5267 Beoollmttclctigtco
1902 5179 2082 5250 (1931119-

60 5273 204 5366 urceos
237 5299 305 5350 ooo
334 5279 427 5351 Kella
456 5281 495 5350 io
525 5281 587 5352 der
614 5281 821 5353 Streitsocbe
848 5303 955 5371 pepon
983 5281 1049 5352 deo
1077 5281 1239 5353 Klerc'lcer
1267 5282 1426 5354 Dctlcord
1453 5305 1515 5354 oon
1543 5283 1690 5355 Ruhdeo
1721 5307 1834 5374 coepere
1861 5285 1925 5356 der
1954 5286 2083 5359 Karene

624 5389 662 5458 io
691 5387 882 5478 Dielinpeo.
940 5388 1136 5461 Ocnobrctclc
1165 5391 1262 5462 1288
1289 5389 1429 5461 Jonccor
1456 5388 1516 5463 13.
