5058 6792
438 430 504 495 266
1430 441 1496 497 ram

438 643 472 706 et
494 642 619 725 pereat,
644 658 780 704 necesse
803 641 854 704 est
877 657 934 703 eas
957 637 1072 720 scripti
1096 637 1253 703 memoria
1276 638 1488 720 perhennari.
1535 639 1697 705 Noverint
1718 640 1831 723 itaque
1855 640 2013 720 universi,
2037 643 2127 726 quod
2149 661 2211 710 nos
2235 645 2276 709 de
2295 646 2462 712 communi

437 765 604 812 consensu
627 748 661 810 et
683 744 853 811 voluntate
877 763 989 809 aream
1012 745 1180 826 quandam
1202 743 1295 809 iuxta
1318 745 1491 811 ecclesiam
1514 746 1603 812 beati
1619 745 1781 812 iohannis
1804 747 2016 830 ewangeliste
2039 749 2147 832 sitam,
2174 769 2275 834 quam
2290 753 2458 836 quondam

435 852 592 918 dominus
615 850 731 917 Bruno
755 851 864 917 dictus
888 853 930 917 de
953 850 1144 934 Spenthove
1167 850 1305 916 ecclesie
1328 854 1442 918 nostre
1465 855 1579 918 cantor
1602 852 1657 936 pie
1682 853 1839 919 memorie
1861 853 2119 936 inhabitaverat,
2151 856 2194 920 ad
2217 857 2461 939 promotionem

435 961 473 1024 et
495 958 696 1041 emptionem
720 957 781 1023 filii
804 957 913 1023 fratris
937 957 989 1022 sui
1014 956 1140 1022 domini
1163 956 1331 1022 Brunonis
1355 958 1460 1023 nostri
1483 959 1699 1024 concanonici
1729 959 1857 1024 adhoc
1882 960 2036 1026 dedimus
2065 963 2231 1045 perpetuo
2251 963 2458 1043 manendam,

432 1068 471 1131 ut
498 1065 658 1131 memoria
692 1064 874 1148 supradicti
900 1062 1094 1144 sunnonis)
1130 1063 1274 1130 cantoris
1308 1063 1344 1128 in
1380 1065 1520 1130 ecclesia
1547 1068 1662 1130 nostra
1690 1065 1811 1148 iugiter
1837 1066 2001 1132 habeatur
2035 1066 2082 1131 ita
2111 1067 2274 1149 videlicet,
2309 1071 2349 1133 ut
2378 1069 2460 1134 idem

436 1172 583 1257 B(runo)
605 1170 716 1237 iunior
738 1173 797 1236 aut
819 1171 904 1237 alius
927 1169 1108 1235 canonicus
1133 1172 1266 1252 noster,
1297 1171 1500 1255 quicumque
1533 1173 1633 1237 tuerit
1662 1191 1724 1256 pro
1751 1173 1903 1256 tempore
1931 1173 2080 1239 eiusdem
2108 1193 2185 1240 aree
2211 1195 2401 1258 possessor,
2430 1177 2461 1240 in

440 1277 668 1348 anniversario
699 1276 858 1362 sepedicti
881 1260 1081 1360 B(runonis)
1110 1277 1256 1342 cantoris
1284 1277 1415 1343 XXXVI
1445 1278 1568 1345 solidos
1597 1278 1704 1345 solvat
1735 1279 1776 1344 de
1805 1278 1938 1360 eadem,
1969 1279 2114 1344 dominis
2142 1281 2265 1345 nostris
2296 1281 2460 1346 canonicis

436 1388 581 1455 maiores
604 1385 793 1469 prebendas
822 1383 1025 1449 habentibus
1053 1382 1174 1448 XXIII]
1198 1383 1337 1465 solidos,
1367 1383 1500 1449 vicariis
1527 1384 1592 1450 IIII
1616 1385 1754 1466 solidos,
1791 1387 1824 1450 et
1855 1386 1897 1451 ad
1926 1385 2190 1452 consolationem
2220 1404 2410 1470 pauperum
2432 1391 2460 1451 et

434 1493 607 1561 candelam
631 1493 664 1556 et
687 1490 892 1556 oblationem
922 1492 998 1558 octo
1026 1489 1147 1572 reliqui
1179 1489 1376 1556 dividentur.
1433 1490 1598 1568 Quoniam
1627 1489 1759 1556 edificia
1791 1509 1868 1556 aree
1902 1491 2032 1574 prefate
2067 1493 2280 1575 reparatione
2316 1493 2459 1576 indigent

435 1599 613 1684 frequenti,
645 1598 733 1663 idem
758 1597 905 1682 B(runc)
940 1595 1158 1662 medietatem
1186 1599 1339 1662 cunctam
1371 1597 1489 1662 domus
1525 1596 1560 1661 in
1590 1596 1749 1662 Herlethc
1777 1595 1923 1662 denariis
1951 1597 2021 1664 suis
2051 1599 2268 1682 comparavit,
2304 1600 2348 1664 de
2371 1600 2458 1664 cuius

434 1725 539 1773 censu
563 1705 744 1772 consolatio
767 1703 936 1770 iuvabitur
958 1707 1151 1784 memorata,
1176 1722 1219 1767 ne
1243 1702 1408 1768 deiectum
1432 1722 1494 1786 pro
1517 1704 1668 1786 tempore
1691 1703 1849 1785 patiatur.
1900 1703 1950 1768 Ne
1980 1707 2093 1769 autem
2122 1705 2184 1770 hec
2214 1705 2271 1788 pia
2301 1705 2458 1772 ordinatio

437 1814 479 1878 ab
502 1813 616 1895 aliquo
639 1811 868 1895 inposterum
892 1811 1000 1876 valeat
1022 1809 1158 1889 irritari,
1182 1809 1330 1892 presenti
1354 1809 1478 1892 scripto
1502 1828 1579 1874 cum
1602 1809 1701 1892 sigilli
1725 1808 1831 1875 nostri
1853 1810 2060 1894 appensione
2084 1811 2239 1876 duximus
2262 1810 2456 1877 confirman-

433 1921 521 1987 dam.
567 1919 653 1984 Acta
675 1919 754 1983 sunt
776 1918 838 1982 hec
861 1937 949 1982 anno
973 1916 1106 1981 Domini
1128 1914 1443 1995 M⁰.CC⁰.LX⁰VII⁰.,
1466 1916 1520 1980 VI.
1545 1916 1625 1981 Idus
1647 1915 1783 1999 Aprilis.

570 2021 665 2089 θεάν.
697 2020 893 2100 Wtirdtaoein,
920 2020 1014 2086 Sole.
1038 2023 1114 2108 dipl.
1137 2017 1199 2100 XI,
1227 2018 1261 2085 S.
1287 2020 1340 2084 41.
1359 2021 1473 2107 Regnat
1494 2021 1570 2089 Mac.
1588 2018 1632 2100 ΙΙ,
1657 2019 1750 2085 189α
1773 2019 1834 2084 Nr.
1853 2021 1925 2086 120.
1961 2023 2122 2090 Herlethe
2146 2024 2220 2088 ema
2240 2024 2292 2088 die
2308 2021 2456 2102 Harlbdfe

649 2127 698 2194 bei
726 2126 908 2194 Windteim.

1403 2221 1488 2299 871.

433 2353 562 2444 Propst
588 2350 730 2440 chrgo
758 2370 821 2420 oon
850 2347 897 2423 St.
917 2347 1057 2418 Martio
1084 2347 1123 2417 io
1142 2347 1291 2418 Mindon
1319 2345 1481 2418 bekuodet
1508 2347 1574 2418 dm
1600 2346 1760 2436 Verlcouf
1779 2347 1850 2417 ihm
1877 2347 2099 2439 restputerter
2118 2347 2229 2420 (letter
2255 2350 2296 2420 irc
2316 2349 2454 2438 Antiop-

983 2453 1114 2524 hausen
1141 2475 1188 2524 ao
1215 2451 1365 2524 mosche
1394 2453 1540 2527 illuster.
1595 2452 1693 2525 1267
1720 2452 1826 2544 April
1852 2456 1912 2529 20.

539 2575 704 2642 Omnibus
727 2572 897 2657 presentia
919 2570 1040 2636 visuris
1063 2571 1201 2653 Widego
1225 2571 1286 2636 Dei
1308 2571 1418 2654 gracia
1441 2571 1631 2654 prepositus
1659 2572 1798 2637 ecclesie
1821 2571 1928 2638 sancti
1950 2570 2085 2638 Martini
2110 2572 2294 2639 Mindensis
2319 2574 2452 2638 salutem

431 2685 466 2749 in
490 2702 570 2749 vero
602 2679 751 2746 salutari.
797 2678 884 2756 Quia
911 2679 1036 2761 scripta
1065 2677 1234 2744 autentica
1259 2697 1372 2742 rerum
1401 2679 1476 2744 acta
1503 2679 1713 2762 perpetuant,
1744 2698 1783 2744 ea
1813 2698 1879 2761 que
1907 2698 1969 2763 per
1997 2697 2059 2743 nos
2088 2679 2151 2744 rite
2179 2683 2214 2744 et
2245 2679 2453 2745 laudabiliter

429 2793 506 2856 acta
540 2790 629 2868 sunt,
664 2784 786 2852 nostris
823 2783 940 2850 litteris
975 2782 1183 2850 decrevimus
1221 2782 1389 2850 roborare.
1447 2783 1665 2849 Presentihus
1699 2784 1813 2867 itaque
1844 2786 2067 2866 declaramus
2103 2784 2194 2868 quod
2223 2785 2452 2868 Reynhardus,

431 2893 636 2962 Wemhems
667 2895 700 2957 et
723 2890 947 2969 Revnhardus
970 2889 1030 2955 tilii
1053 2889 1120 2971 sui,
1149 2890 1324 2956 Wemheri
1347 2909 1483 2974 quoque
1510 2889 1569 2955 tilii
1601 2890 1789 2969 Hevnricus
1818 2892 1853 2956 et
1878 2891 2101 2974 Reynhardus
2128 2893 2218 2957 bona
2247 2911 2312 2957 sua
2336 2895 2452 2958 Amen-

430 3003 539 3080 husen
562 3000 636 3080 sita,
660 3017 804 3082 quorum
826 2995 1016 3079 proprietas
1039 2995 1177 3062 ecclesie
1201 2995 1308 3061 sancti
1322 2996 1455 3062 Martini
1479 2996 1660 3062 Mindensis
1683 2995 1838 3080 pertinet,
1862 3017 1938 3062 cum
1954 2996 2112 3063 omnibus
2134 2998 2206 3063 suis
2229 2999 2451 3081 pertinenciis,

428 3127 498 3192 que
525 3107 569 3190 in}
589 3105 689 3171 feodo
713 3105 755 3169 de
778 3122 879 3168 manu
903 3105 1015 3168 nostra
1042 3104 1234 3182 tenuerunt,
1258 3103 1419 3168 ..decano
1442 3105 1475 3169 et
1498 3102 1644 3186 capitulo
1667 3102 1773 3186 ipsius
1802 3103 1940 3169 ecclesie
1965 3122 2028 3186 pro
2051 3103 2167 3187 viginti
2189 3105 2314 3170 marcis
2338 3109 2371 3172 et
2392 3125 2452 3170 una

428 3213 665 3292 vendiderunt,
696 3211 933 3294 promittentes
960 3208 1107 3288 tinniter,
1142 3211 1180 3274 ut
1208 3208 1237 3273 si
1268 3207 1388 3291 aliquis
1418 3209 1507 3274 dicta
1533 3209 1623 3274 bona
1651 3209 1752 3274 vellet
1773 3208 1838 3274 sibi
1866 3209 1900 3275 in
1926 3213 2099 3292 posterum
2131 3209 2325 3294 vendicare,
2360 3211 2451 3278 iidem

430 3317 685 3404 R(eynhardus)
713 3320 746 3380 et
772 3315 869 3400 pueri
899 3315 951 3380 sui
982 3314 1164 3381 defendent
1192 3314 1373 3398 capitulum
1395 3315 1540 3398 propriis
1563 3313 1732 3380 laboribus
1762 3319 1795 3381 et
1820 3315 1983 3398 expensis.
2035 3316 2106 3382 Nos
2134 3336 2215 3381 vero
2243 3317 2451 3384 collationem

430 3426 579 3511 ipsorum
602 3422 767 3489 bonorum
791 3425 824 3487 et
848 3420 1009 3505 quicquid
1040 3421 1119 3486 iuris
1141 3421 1322 3486 habuimus
1344 3419 1379 3484 in
1403 3420 1529 3486 eisdem
1557 3420 1592 3484 in
1614 3441 1734 3486 manus
1765 3425 1898 3488 nostras
1921 3422 2024 3488 libere
2052 3422 2227 3506 resignatis
2255 3424 2451 3490 contulimus

429 3531 569 3598 ecclesie
597 3531 789 3594 memorate.
835 3529 876 3594 In
907 3527 1001 3594 cuius
1030 3529 1078 3593 rei
1111 3526 1340 3593 testimonium
1373 3529 1548 3609 presentes
1582 3526 1708 3593 litteras
1735 3526 1810 3592 fieri
1843 3526 1983 3592 fecimus
2012 3528 2109 3611 sigilli
2137 3529 2242 3594 nostri
2272 3530 2451 3596 munimine

430 3639 617 3704 roboratas.
663 3637 780 3701 Testes
804 3635 959 3702 aderant:
983 3633 1209 3701 Theodericus
1232 3633 1337 3718 ipsius
1361 3633 1501 3698 ecclesie
1524 3633 1681 3715 decanus,
1705 3634 1875 3699 lohannes
1890 3634 2129 3716 thesaurarius,
2152 3634 2330 3702 Conradus
2353 3637 2451 3702 scola-

431 3745 544 3826 sticus,
568 3743 725 3826 magister
746 3741 972 3823 EckcharduS,
998 3739 1193 3823 Heymicus‚
1217 3739 1383 3820 canonici3
1408 3738 1593 3818 Heynricus
1618 3740 1659 3805 dc
1683 3740 1841 3823 Lerhelre,
1865 3741 2069 3824 Thydericus
2093 3742 2135 3807 de
2150 3740 2320 3826 Orsholte,
2344 3743 2452 3808 Bruno

428 3851 473 3916 de
497 3851 710 3933 Spenthove,
735 3847 932 3929 Rychardus
955 3846 1094 3930 Vulpes,
1118 3846 1317 3928 Rychardus
1340 3847 1485 3928 Parvus,
1508 3845 1692 3912 Menfridus
1717 3849 1758 3913 de
1782 3847 1900 3928 Broke,
1924 3847 2063 3930 milites;
2088 3849 2251 3915 Ludolfus
2275 3849 2319 3915 de
2345 3850 2452 3928 Hasle,

430 3956 622 4024 Richardus
645 3955 688 4020 de
712 3955 980 4038 Pepingehusen‚
1004 3952 1182 4018 Bertoldus
1207 3952 1311 4034 Gloie,
1335 3951 1509 4018 Conradus
1532 3954 1573 4018 dc
1596 3952 1804 4037 Gripeshope
1827 3956 1861 4019 et
1883 3953 2049 4020 Justacius
2072 3955 2115 4021 de
2138 3954 2334 4038 Erkensten‚
2359 3957 2451 4036 cives,

430 4065 466 4129 et
489 4062 546 4129 alii
569 4082 670 4145 quam
693 4059 807 4145 plures
831 4061 948 4125 adesse
972 4058 1087 4143 rogati.
1134 4060 1255 4124 Datum
1279 4060 1313 4122 et
1336 4060 1445 4124 actum
1469 4078 1558 4124 anno
1580 4057 1712 4124 Domini
1737 4058 2057 4142 M⁰.GC⁰.LX⁰.VII⁰.,
2080 4060 2168 4126 Xll⁰.
2191 4060 2264 4126 Kal.
2288 4062 2378 4127 Maii.

564 4165 620 4232 Or.
644 4169 688 4230 im
710 4164 815 4232 ›St-A.
831 4187 872 4229 zu
887 4165 1037 4242 Mamm,
1061 4176 1099 4229 at.
1117 4163 1239 4228 Martio
1261 4166 1295 4227 io
1310 4163 1439 4228 Minden
1462 4161 1524 4228 Nr.
1546 4161 1594 4230 12.
1632 4161 1737 4251 Sieqei
1762 4165 1816 4229 des
1839 4165 2028 4230 Auecteliero
2053 4188 2111 4229 oon
2134 4165 2306 4252 rot-gethea
2332 4165 2449 4232 Seiderr·
2521 4189 2522 4204 ³

637 4273 740 4358 siden
771 4271 958 4357 abyefollm.
1010 4271 1227 4336 Ameuhusen
1255 4268 1327 4348 ietzt
1352 4270 1590 4356 Amrnqtamen
1616 4271 1661 4333 im
1692 4269 1750 4337 Kr.
1775 4271 1912 4336 Mindon.
1953 4269 2048 4335 Gedr.
2072 4272 2211 4359 Mmyer,
2241 4270 2305 4337 Die
2329 4271 2450 4338 ommni.

645 4377 796 4457 Grafcclc.
820 4374 1038 4462 &baumburg
1064 4374 1098 4442 S.
1121 4373 1176 4439 61.
1398 4468 1475 4545 872

428 4583 500 4656 Dic
528 4581 643 4654 Ritter
672 4578 828 4652 Gdntlm
862 4579 933 4650 und
962 4577 1060 4650 Bodo
1091 4599 1156 4649 voc
1182 4573 1365 4648 Booeodeu
1398 4576 1587 4666 bckuudea,
1625 4579 1707 4650 dass
1740 4580 1789 4650 sie
1822 4602 1891 4650 our
1924 4579 1990 4651 deu
2018 4578 2186 4650 Heinrich
2213 4579 2367 4652 Bromie
2392 4580 2451 4650 mit
2520 4599 2521 4676 j

767 4685 866 4756 ihren
895 4683 1027 4757 Gattcrm
1052 4685 1090 4755 io
1119 4683 1239 4755 Laide
1265 4683 1394 4754 betelini
1420 4683 1536 4755 habco.
1594 4683 1909 4776 0.J.(m1267
1936 4685 2018 4757 Mat
2048 4685 2119 4776 31)
2520 4701 2521 4730 t

538 4804 709 4871 Universis
733 4803 856 4869 Christi
877 4802 1032 4869 fidelibus
1056 4821 1195 4886 presens
1219 4801 1378 4885 scriptum
1400 4801 1602 4886 inspecturis
1618 4803 1808 4868 Guntherus
1832 4805 1866 4868 et
1884 4802 1980 4869 Bodo
2002 4801 2123 4868 milites
2147 4803 2225 4868 dicti
2247 4804 2291 4870 de
2306 4804 2450 4872 Bovente

430 4913 467 4979 in
489 4933 568 4979 vero
591 4911 731 4978 salutari
755 4910 907 4976 salutern.
954 4909 1116 4975 Noverint
1138 4908 1303 4989 universi,
1327 4908 1418 4991 quod
1445 4928 1508 4974 nos
1531 4910 1573 4975 ad
1597 4908 1789 4975 instantiam
1812 4908 1954 4976 Arnoldi
1981 4909 2097 4974 mihiis
2121 4909 2200 4975 dicti
2222 4910 2265 4975 de
2289 4910 2448 4976 Hetessen

428 5019 602 5104 quondam
626 5016 778 5084 advocati
801 5017 836 5081 in
860 5016 1038 5081 Honovere
1061 5015 1152 5079 bona
1174 5017 1290 5079 nostra
1317 5013 1382 5079 sita
1410 5014 1446 5078 in
1469 5014 1576 5081 Lothe
1599 5014 1745 5080 Henrico
1769 5015 1940 5082 Broschen
1969 5015 2004 5080 in
2027 5017 2173 5098 quodam
2195 5016 2333 5099 placito,
2364 5014 2448 5098 quod
2519 5101 2520 5104 Ἴ

431 5123 681 5205 fuitinloc01)
706 5123 764 5208 qui
787 5121 908 5189 dicitur
932 5121 1018 5203 Rys,
1041 5119 1112 5185 iure
1135 5120 1344 5201 porreximus
1367 5119 1503 5201 feodali3
1532 5120 1615 5186 nulli
1642 5141 1720 5186 vero
1743 5121 1816 5204 alii,
1845 5141 1954 5204 neque
1981 5121 2077 5186 uxori
2108 5142 2218 5206 neque
2249 5121 2347 5188 alicui
2375 5139 2447 5188 con·
2519 5175 2520 5188 .

430 5231 692 5316 sanguineorum
715 5247 865 5308 suorum,
888 5246 998 5310 neque
1022 5224 1195 5305 Ludoltol)
1220 5226 1261 5291 de
1284 5225 1461 5308 Swicbere,
1485 5225 1543 5310 qui
1567 5247 1717 5293 sororem
1739 5227 1847 5310 ipsius
1871 5227 1967 5293 duxit
1995 5227 2031 5292 in
2059 5247 2212 5310 uxorem,
2245 5247 2307 5293 nos
2336 5229 2447 5294 eadem

430 5337 520 5405 bona
542 5335 732 5421 porrexisse
755 5333 940 5400 certissime
963 5333 1188 5417 protestamur
1209 5332 1421 5416 presentibus
1444 5331 1563 5399 litteris
1587 5333 1685 5416 sigilli
1709 5333 1814 5399 nostri
1837 5333 2019 5400 munimine
2041 5333 2216 5400 roboratis.

647 5439 670 5511 ¹)
693 5439 746 5494 Vor
764 5439 822 5493 loco
842 5439 902 5509 eilge
919 5438 1032 5508 quodam
1053 5437 1086 5491 A.
1125 5437 1148 5508 ⁸)
1167 5436 1270 5492 Ludoio
1290 5437 1322 5491 B.
