5044 6816
1024 429 1092 485 125³
2026 418 2088 482 175

79 627 235 706 Oilcthen,
271 625 428 690 Hinricus
451 626 492 691 de
516 625 629 707 Horst,
663 623 896 690 Willehelmus
919 623 1023 707 Span,
1054 624 1217 692 Ludolius
1240 628 1282 693 de
1305 625 1509 707 Scoltbroke,
1539 626 1697 693 Albertus
1721 628 1763 692 de
1787 627 1916 694 Hedem
1946 629 2088 709 milites3

86 730 283 810 lreihericus,
308 729 482 811 Ludolius,
506 729 635 813 Meigko
659 731 692 794 et
714 730 897 794 Wernerus
920 732 1039 797 iratres
1063 731 1105 796 de
1131 732 1244 815 Hasle,
1269 733 1425 798 Hiuricus
1450 732 1491 796 de
1516 732 1718 807 Holthusen,
1742 734 1955 800 Hermannus
1972 735 2088 800 litone-

85 841 179 918 tarius
203 836 365 903 Ludolfus
389 837 423 901 et
447 835 669 901 Godescalcus
698 834 816 900 iratres
840 835 882 900 de
905 835 1078 917 Bortlrere,
1101 838 1293 904 Waltherus
1317 840 1464 920 Elevere,
1489 839 1739 904 Hildebrandus
1763 840 1878 922 Loffel,
1902 843 2088 925 burgenses

89 946 268 1024 llindenses,
292 945 326 1008 et
349 941 404 1008 alii
428 963 528 1025 quam
552 942 676 1025 plures.
722 942 808 1005 Acta
831 943 911 1006 sunt
934 941 970 1006 in
993 941 1105 1008 Minda
1128 962 1217 1009 anno
1241 945 1375 1010 Domini
1398 943 1655 1010 ltl⁰.CC⁰.L⁰lII⁰.

194 1045 282 1112 Nacir
315 1049 370 1113 der
400 1047 568 1131 Abaclrrijt
599 1046 651 1111 dec
678 1043 785 1110 Henn
819 1045 1023 1110 Archiv-Rot
1052 1046 1113 1114 Dr.
1145 1047 1288 1134 Philippi
1317 1052 1351 1113 in
1381 1048 1566 1112 Omabrrick
1601 1050 1681 1114 nacla
1716 1051 1784 1115 darn
1814 1054 1858 1114 im
1887 1049 2088 1117 Hannorclrio

270 1154 323 1216 des
346 1152 589 1218 Kammeriernn
612 1149 785 1216 Facilem
807 1175 834 1214 a.
859 1152 889 1214 d.
914 1150 1013 1216 Horat
1034 1157 1069 1217 in
1092 1151 1278 1220 Hallwinkel
1299 1153 1492 1236 besindlichen
1517 1154 1605 1240 Orip.
1655 1154 1758 1242 Sieqei
1780 1157 1834 1221 dea
1859 1155 2006 1230 Bieclrofa
2029 1180 2088 1221 aon

271 1259 329 1324 dea
354 1257 668 1345 Pergamentoireifan
691 1257 881 1343 abqeriaaen,
906 1257 983 1323 abar
1005 1259 1151 1326 artatae.

1027 1439 1123 1517 603.
1419 1487 1421 1492 ·

82 1569 145 1641 lias
169 1565 382 1657 Darniapitei
408 1566 446 1636 in
474 1565 625 1637 Minden
652 1563 813 1654 amianti
840 1565 917 1636 dem
934 1565 1125 1637 Donviiar
1144 1565 1284 1638 Goswin
1312 1567 1427 1657 Laud,
1456 1589 1520 1639 aas
1548 1568 1668 1640 dassen
1689 1567 1907 1655 Einicunftcn
1935 1589 1973 1639 er
1995 1571 2088 1640 seina

745 1687 915 1760 Memoria
942 1687 1060 1778 stillet.
1117 1690 1267 1763 Mindan
1295 1689 1404 1764 1253.

165 1808 345 1872 Wernerus
376 1806 438 1871 Dei
470 1806 576 1887 gratia
606 1807 752 1872 decanus
784 1808 959 1889 totumque
990 1807 1172 1892 capitulum
1203 1809 1339 1874 maioris
1371 1809 1510 1874 ecclesie
1541 1810 1575 1874 in
1603 1809 1715 1875 blinda
1738 1809 1911 1890 universis,
1936 1810 1979 1875 ad
2002 1830 2088 1891 quos

78 1933 195 2000 presens
220 1911 384 1996 scriptum
407 1911 606 1996 pervenerit,
630 1913 771 1978 salutem
792 1913 827 1977 in
843 1912 993 1978 Domino.
1039 1913 1125 1979 Acte
1147 1916 1339 1997 temporum
1361 1915 1571 1997 presentium
1594 1915 1694 1998 digna
1716 1915 1876 1981 memoria
1899 1915 2032 1999 scriptis
2056 1917 2089 1979 et

78 2021 242 2104 sigillorum
266 2018 531 2102 appensionibus
556 2019 681 2083 servari
705 2019 830 2085 debent
852 2018 991 2102 integra,
1014 2039 1057 2084 ne
1080 2038 1141 2102 per
1164 2021 1325 2102 temporis
1350 2040 1484 2085 cursum
1508 2021 1670 2086 excedant
1694 2021 1867 2085 scientiam
1886 2019 2086 2086 futurorum.

77 2126 196 2191 Noverit
218 2124 321 2208 igitur
343 2124 543 2190 universitas
565 2123 689 2189 Christi
712 2123 873 2207 fidelium,
898 2125 999 2207 quod,
1024 2143 1185 2208 cumpro
1210 2125 1412 2209 quibusdam
1435 2126 1532 2190 bonis
1556 2125 1694 2191 ecclesie
1718 2129 1831 2190 nostre
1855 2126 2088 2208 comparandis

77 2233 201 2314 quedam
225 2229 369 2314 pecunie
393 2249 523 2295 summa
546 2230 643 2296 nobis
667 2234 758 2295 esset
782 2231 981 2308 necessaria,
1004 2231 1047 2295 de
1070 2231 1238 2296 communi
1262 2231 1400 2315 capituli
1424 2232 1528 2317 nostri
1552 2231 1689 2296 consilio
1713 2233 1746 2296 et
1769 2231 1971 2315 singulorum
1989 2250 2089 2314 super

76 2339 127 2402 lroc
147 2337 305 2420 requisito
329 2339 363 2402 et
386 2335 501 2402 habito
524 2355 664 2402 assensu
693 2337 908 2402 medietatem
942 2335 1112 2401 cuiusdam
1142 2356 1218 2402 aree
1247 2337 1443 2419 claustralis,
1480 2358 1545 2420 que
1568 2337 1680 2403 vicina
1703 2339 1754 2403 est
1778 2337 1980 2420 quibusdam
2003 2337 2089 2402 areis

76 2443 292 2508 cauovricorum
328 2442 435 2508 sancti
466 2441 599 2507 Martini
634 2442 778 2508 civitatis
813 2446 938 2520 nostre,
973 2442 1108 2508 domino
1140 2440 1299 2507 Goswino
1332 2443 1497 2508 sacerdoti
1526 2442 1651 2508 vicario
1681 2446 1796 2508 nostro
1829 2443 2024 2526 cunctisque
2053 2443 2089 2506 in

74 2549 177 2613 vicaria
198 2568 262 2614 sua
286 2547 350 2613 sibi
373 2548 633 2614 succedentibus
656 2566 719 2630 pro
743 2551 871 2631 septem
895 2547 1014 2612 marcis
1037 2547 1165 2630 argenti
1189 2547 1252 2613 sub
1277 2569 1338 2631 spe
1364 2548 1565 2614 venditionis
1590 2548 1785 2632 reliquimus
1801 2551 1963 2632 perpetuo
1978 2548 2088 2630 possi·

75 2655 212 2736 deudam,
239 2654 286 2719 ita
308 2655 398 2738 quod
421 2655 606 2720 secundum
631 2652 876 2720 ordinationem
899 2653 966 2719 iam
988 2654 1067 2719 dicti
1091 2653 1268 2738 G(oswini)
1282 2654 1439 2737 quilibet
1462 2674 1543 2719 suus
1567 2673 1739 2720 successor
1760 2655 1796 2718 in
1818 2653 1969 2736 quolibet
1993 2653 2088 2717 anni-

76 2762 203 2825 versario
240 2760 462 2843 depositionis
496 2781 557 2827 sue
586 2761 639 2826 die
669 2779 789 2825 novem
818 2760 942 2826 solidos
966 2760 1182 2825 denariorum
1206 2760 1388 2826 Mindensis
1412 2763 1545 2825 monete
1569 2760 1610 2826 de
1633 2758 1786 2844 predicta
1808 2779 1886 2825 area
1908 2759 2088 2842 persolvat,

75 2885 200 2948 quorum
222 2869 302 2931 octo
324 2868 395 2931 tam
418 2867 504 2931 inter
528 2867 705 2932 canonicos
729 2886 830 2950 quam
853 2866 940 2930 inter
962 2866 1113 2946 vicarios,
1137 2867 1195 2950 qui
1219 2885 1259 2930 eo
1284 2866 1337 2930 die
1360 2864 1480 2930 divinis
1503 2864 1731 2946 interfuerint,
1757 2865 1951 2931 absentibus
1968 2865 2010 2928 ab
2026 2865 2089 2928 hac

76 2971 291 3038 consolatione
319 2972 453 3055 penitus
484 2972 638 3053 exclusis,
671 2971 811 3054 siugulis
840 2971 937 3036 annis
968 2972 1132 3055 equaliter
1161 2970 1416 3053 distribuantur,
1450 2991 1539 3037 unus
1562 2990 1640 3036 vero
1663 2971 1789 3038 solidus
1811 2972 1897 3036 inter
1921 2971 2089 3036 scholares

75 3075 234 3158 dividatur,
271 3079 437 3143 talentum
469 3097 542 3144 cere
567 3079 609 3144 ad
632 3078 809 3144 candelam
833 3081 866 3142 et
890 3077 1015 3142 oblatio
1040 3078 1082 3141 ad
1106 3077 1242 3142 missam
1276 3096 1353 3142 cum
1376 3077 1514 3143 denario
1538 3078 1580 3143 ad
1604 3077 1862 3143 sacrificandum
1884 3076 2088 3161 deportetur,

74 3187 204 3264 quatuor
228 3184 358 3248 denarii
382 3184 604 3266 campanariis
627 3189 660 3249 et
685 3182 877 3249 camerariis
901 3183 1126 3250 conferantur.
1166 3184 1237 3249 Nos
1261 3183 1360 3265 igitur
1383 3185 1426 3248 ad
1449 3187 1648 3267 perpetuam
1672 3184 1865 3249 huiusmodi
1887 3183 2089 3249 venditionis

73 3289 101 3351 et
120 3289 337 3355 ordinationis
368 3290 522 3355 notitiam
550 3292 741 3374 presentem
770 3289 922 3356 cedulam
946 3289 1043 3372 sigilli
1065 3287 1172 3354 nostri
1196 3289 1380 3354 munimine
1403 3289 1559 3355 duximus
1584 3289 1822 3355 roborandam.
1869 3289 1954 3354 Acta
1977 3287 2091 3354 Minde

71 3411 145 3460 anno
167 3395 304 3460 Domini
327 3395 502 3462 millesimo
526 3395 755 3461 ducentesimo
779 3395 1055 3479 quinquagesimo
1078 3395 1192 3459 tercio.

186 3497 282 3564 Neci
305 3501 374 3565 dem
395 3499 506 3564 Druck
531 3499 581 3566 dei
605 3497 803 3579 Windtwein,
831 3499 925 3565 Saba.
949 3500 1022 3586 dipl.
1054 3497 1107 3574 VI,
1133 3498 1257 3564 3126
1279 3500 1465 3565 waderloe.
1513 3499 1628 3586 Rapaci
1650 3500 1727 3566 Mac.
1752 3497 1796 3578 ll,
1823 3497 1896 3578 189,
1924 3497 1985 3564 Nr.
2010 3496 2089 3560 524.

1023 3697 1119 3774 604.

68 3817 128 3892 Die
156 3821 298 3911 Gralen
325 3844 389 3895 oon
418 3822 545 3894 Dassci
571 3825 782 3913 resigniercn
809 3823 886 3894 dara
913 3823 1066 3911 Bisciof
1086 3845 1150 3895 aon
1179 3823 1329 3894 Mindon
1356 3822 1566 3894 samniticae
1593 3822 1710 3894 Leian
1736 3824 1798 3892 mit
1826 3822 1889 3892 der
1915 3821 2011 3892 Bitie
2038 3823 2089 3891 sic

352 3928 429 3999 dara
460 3929 597 4018 Grafan
625 3929 774 4000 Konrad
801 3951 866 4001 aon
892 3929 1075 4000 Eberstcin
1101 3951 1145 4000 au
1172 3929 1382 4018 udcrtrapcn.
1439 3929 1478 4001 0.
1504 3929 1539 4000 J.
1569 3927 1793 4018 (1253-7).

161 4046 366 4112 Reverendo
383 4047 518 4112 domino
535 4065 596 4113 suo
613 4047 673 4112 Dei
689 4047 794 4132 gratia
809 4047 990 4113 Mindensis
1014 4046 1154 4112 ecclesie
1170 4047 1329 4130 episcopo
1345 4046 1519 4130 A(dolius)
1544 4065 1654 4111 comes
1672 4046 1713 4110 de
1730 4045 1879 4126 Dassele,
1903 4044 2087 4127 A(dolius),

67 4147 248 4236 Lludolius)
267 4154 304 4218 et
320 4152 565 4237 H(ermannus)
589 4152 674 4234 sui¹)
698 4152 757 4217 lilii
780 4173 841 4218 sue
863 4151 1096 4234 possibilitatis
1117 4153 1318 4236 obsequium
1342 4172 1475 4235 semper
1498 4154 1699 4234 promptum.
1748 4151 1910 4216 Constare
1934 4149 2087 4234 cupimus

66 4272 116 4334 per
136 4255 264 4323 litteras
292 4260 467 4342 presentes
490 4261 600 4324 vestre
623 4257 858 4324 dominationis
881 4256 1093 4343 honestam),
1116 4260 1208 4340 quod
1231 4278 1293 4322 uos
1316 4258 1414 4323 feoda
1438 4259 1471 4321 et
1495 4257 1561 4322 alia
1584 4276 1784 4340 quecunque
1807 4257 1880 4320 iure
1904 4255 2027 4320 feodali
2045 4256 2086 4320 de

67 4359 221 4429 blirrdensi
245 4363 390 4430 ecclesia
412 4363 623 4447 possidemus
646 4364 854 4446 resignamus
877 4364 912 4428 in
931 4365 1060 4428 vestras
1085 4383 1217 4445 manus,
1240 4367 1395 4445 rogantes
1417 4364 1507 4428 omni
1524 4363 1634 4428 studio
1651 4365 1796 4428 vestram
1813 4361 2086 4442 dominationem,

66 4471 220 4545 quatenus
246 4470 368 4536 eadem
392 4469 489 4537 feoda
513 4472 546 4534 et
569 4469 634 4535 alia
657 4488 858 4554 quecunque
882 4470 923 4534 de
947 4468 1111 4534 Mindensi
1134 4469 1346 4552 possidemus
1370 4469 1521 4550 ecclesia,
1546 4467 1680 4534 domino
1705 4467 1889 4551 G(onrado)
1914 4466 2026 4533 comiti
2043 4467 2086 4531 de

66 4567 217 4640 Ebersten
240 4574 424 4659 porrigatis
449 4574 551 4640 libere
574 4577 608 4640 et
630 4574 793 4640 absolute.

273 4679 298 4750 ¹)
319 4681 415 4748 suique
441 4678 475 4730 W.
514 4678 537 4750 ⁸)
557 4680 722 4732 honestatem
751 4677 783 4730 W.

188 4765 290 4832 Nocic
314 4768 383 4832 darn
404 4765 513 4831 Druck
537 4767 587 4832 bei
613 4764 812 4844 Wurdtwain,
837 4764 927 4830 Noua
952 4765 1045 4832 Saba.
1071 4765 1150 4845 XII,
1176 4766 1210 4832 S.
1233 4765 1301 4831 398
1323 4767 1505 4832 winderholt.
1553 4764 1632 4850 (W.)

1028 4946 1123 5024 605.

63 5063 207 5160 Bisclof
229 5071 406 5144 Nicotaus
433 5093 498 5143 aon
525 5071 667 5162 Anapni
693 5071 819 5144 salvickt
847 5072 924 5144 darn
950 5071 1104 5160 Bisaltas
1131 5072 1317 5146 Wideiind
1343 5095 1407 5144 oon
1435 5073 1586 5144 Minden
1620 5071 1800 5163 Reliquiae
1835 5072 1899 5142 der
1926 5070 2088 5162 Heiiipcn

536 5177 692 5268 Magnus
718 5176 791 5248 und
818 5177 1051 5250 Sebastianus.
1111 5178 1148 5255 0.
1174 5179 1210 5251 J.
1240 5179 1449 5270 (1253—7)
1477 5179 1553 5250 Juli
1581 5181 1615 5251 8.

158 5293 357 5360 Venerabili
379 5294 415 5358 in
432 5293 565 5359 Christo
588 5295 684 5360 fratri
700 5295 938 5379 W(edelrindo)
962 5295 1121 5380 episcopo
1139 5296 1305 5362 Mindensi
1321 5296 1477 5361 Nicolaus
1500 5295 1712 5361 miseratione
1729 5294 1841 5360 divina
1856 5292 2086 5375 Anagninus1)

66 5396 238 5484 episcopus
276 5400 422 5465 salutem
453 5401 486 5465 et
514 5400 678 5466 sinceram
711 5400 747 5464 in
776 5400 919 5466 Domino
951 5401 1132 5467 caritatem.
1180 5402 1229 5467 Ex
1259 5406 1356 5486 parte
1383 5403 1493 5467 vestra
1523 5421 1583 5483 per
1607 5401 1793 5465 Amoldum
1817 5400 1954 5465 ecclesie
1977 5401 2087 5464 vestre
