5058 6792
1033 439 1101 495 1265
2025 427 2091 494 253

79 640 230 708 intendo
264 637 443 722 quicquam
478 639 674 720 receperant
704 637 745 702 de
772 635 941 719 predictis,
975 636 1190 719 presentibus
1220 634 1319 700 etiam
1348 635 1500 701 iohanne
1528 637 1689 702 Westlalc
1719 638 1824 703 milite
1858 657 1987 722 suoque
2023 639 2091 706 tilio

79 746 218 814 Arnoldo
241 747 274 810 et
292 744 432 809 Albcrto
455 743 580 808 famulo
604 745 719 807 nostro
743 762 783 808 ac
805 740 956 825 pluribus
980 742 1052 807 aliis
1076 741 1142 807 tide
1166 741 1284 825 dignis.
1331 742 1370 806 ln
1387 742 1481 807 cuius
1496 743 1545 808 rei
1559 743 1789 810 testimonium
1805 764 1843 811 ac
1859 746 2091 811 penitudinem

78 852 251 940 pleniorem
275 854 464 935 presentem
489 849 636 914 litteram
658 850 738 914 inde
761 848 945 914 confectam
969 849 1073 915 nostri
1097 849 1303 932 appensione
1326 848 1425 932 sigilli
1449 849 1586 914 lecimus
1610 851 1816 915 communiri.

282 958 303 1024 ¹)
322 954 360 1009 So
378 955 427 1009 dos
447 954 493 1009 Or.

204 1043 257 1110 Or.
281 1049 325 1109 ain
346 1043 464 1108 Archiv
486 1045 539 1110 dee
561 1043 615 1108 Kt.
639 1041 773 1108 Loccum
806 1046 863 1106 mit
882 1065 983 1129 wentp
1005 1041 1229 1129 mschddiptcm
1254 1041 1358 1128 Siepel
1379 1044 1433 1108 dec
1456 1044 1642 1110 Ausstellere
1665 1067 1705 1108 avr
1728 1048 1851 1110 wetarer
1873 1043 2090 1126 Honfaclmur.

280 1150 374 1216 Gerr.
399 1150 479 1214 noch
502 1150 571 1216 dem
594 1148 650 1215 Or.
674 1173 701 1213 v.
726 1146 923 1234 Hcdeabcrp,
951 1147 1156 1234 Calenberper
1184 1149 1255 1213 011.
1279 1148 1370 1214 Actu.
1396 1147 1458 1229 ΙΙΙ,
1485 1148 1519 1217 8.
1545 1148 1611 1216 178
1634 1149 1694 1218 Nr.
1718 1149 1795 1234 259,
1832 1151 1967 1235 Scheidt,
1996 1155 2090 1218 Anm.

280 1279 318 1320 zu
344 1281 372 1320 c.
402 1257 521 1321 Morere
549 1255 647 1335 fflnl„
685 1253 755 1320 Coo.
786 1257 860 1341 dipl.
896 1254 931 1320 8.
959 1253 1035 1321 668.
1098 1255 1212 1342 Repeet
1248 1255 1353 1342 Westf.
1381 1255 1641 1322 Procinze'ol-Bll.
1666 1256 1713 1340 II,
1745 1259 1776 1336 4,
1810 1257 1843 1325 8.
1874 1255 1917 1322 17
1948 1257 2007 1324 Nr.
2037 1259 2090 1326 82.

280 1365 398 1443 Wirra,
422 1375 506 1427 sonet
527 1364 577 1428 die
607 1361 719 1441 werre,
751 1385 837 1425 muas
859 1362 927 1428 hier
950 1363 999 1426 aa
1031 1361 1132 1427 Weaer
1153 1363 1336 1428 verecundat
1358 1365 1489 1441 werden,
1519 1367 1577 1428 mit
1599 1366 1728 1430 welclcer
1749 1367 1799 1430 die
1821 1365 1867 1430 bet
1888 1363 2001 1431 Labda
2023 1389 2092 1430 vor-

283 1469 489 1555 detflieaacnde
512 1469 582 1534 Aue
605 1469 672 1532 sich
694 1469 859 1534 coternuli>
884 1467 991 1533 Laide
1013 1472 1169 1555 oermnipt.

1035 1685 1127 1763 829.

185 1815 323 1904 Herzog
350 1813 467 1885 Albcrt
493 1835 558 1884 ooo
584 1811 855 1902 Brounscltwcip
880 1813 1094 2007 nimtholo}
1106 1812 1376 1992 lgeu2pe5stiflete
1406 1814 1463 1887 Kl.
1492 1814 1613 1886 Lctdc
1640 1817 1689 1886 in·
1703 1818 1820 1887 scinco
1848 1815 1978 1888 Scitote.

1030 1921 1105 1990 utne
1168 1925 1190 1990 1
1218 1925 1240 1990 0
1266 1975 1272 1990 .

173 2039 232 2104 Dei
262 2039 372 2124 gracia
401 2037 560 2103 Albertus
591 2038 658 2103 dux
686 2038 728 2102 de
756 2037 952 2102 Brunswiclr
983 2038 1137 2102 omnibus
1166 2042 1356 2121 presentem
1388 2039 1544 2123 paginam
1567 2039 1768 2123 inspecturis
1792 2042 1827 2106 in
1850 2062 1929 2109 vero
1953 2043 2091 2108 salutari

76 2148 216 2211 salutem.
267 2145 354 2223 Quia
383 2144 537 2210 nonnulli
565 2145 700 2229 proprie
725 2144 841 2210 salutis
865 2144 958 2209 obliti
983 2164 1103 2210 nomen
1128 2146 1261 2210 Domini
1285 2145 1320 2209 in
1344 2165 1487 2211 vacuum
1510 2149 1659 2228 recipere
1683 2167 1752 2212 non
1775 2147 1992 2212 formidantes
2016 2169 2092 2233 per-

76 2273 165 2317 sonas
200 2253 443 2318 ecclesiasticas
480 2253 592 2318 divino
626 2251 834 2335 mancipatas
870 2251 1032 2334 obsequio
1064 2251 1240 2335 presertim
1269 2251 1440 2334 religiosas
1470 2255 1538 2316 tam
1567 2253 1601 2316 in
1625 2254 1724 2318 rebus
1755 2275 1856 2336 quam
1879 2254 1914 2318 in
1937 2255 2091 2336 personis

75 2360 231 2424 interdum
268 2359 380 2424 ledere
416 2379 483 2425 non
517 2361 686 2439 verentur,
722 2358 785 2423 nisi
816 2359 953 2423 brachio
981 2357 1122 2423 seculari
1150 2357 1324 2422 resistatur
1348 2359 1484 2438 eisdem,
1520 2379 1581 2423 nos
1605 2362 1720 2424 tenore
1744 2361 1951 2443 presentium
1974 2365 2090 2427 notum

76 2486 140 2530 esse
173 2465 329 2548 cupimus
356 2465 532 2546 universis
565 2466 656 2548 quod
687 2484 748 2529 nos
778 2463 944 2528 novellam
974 2465 1221 2547 plantacionem
1249 2465 1292 2529 in'
1307 2463 1447 2528 Lodhen
1472 2465 1653 2530 llindensis
1678 2467 1829 2545 dyocesis
1854 2487 1874 2531 a
1897 2468 2000 2534 nobili
2022 2469 2091 2533 viro

75 2571 273 2654 Wydelrindo
296 2572 457 2648 advocato
482 2574 523 2637 de
547 2572 658 2636 Monte
681 2571 747 2634 iam
772 2591 861 2636 nunc
885 2570 1108 2636 inchoandam
1131 2590 1192 2634 seu
1215 2570 1405 2635 inchoatam
1429 2572 1471 2635 ad
1495 2572 1734 2654 omnipotentis
1759 2573 1819 2638 Dei
1835 2575 1997 2640 honorem
2014 2595 2091 2639 sue-

75 2698 134 2760 que
162 2679 372 2744 sanctissime
406 2678 575 2761 genitricis
608 2679 671 2743 sub
703 2680 817 2742 nostra
851 2677 1060 2759 protectione
1094 2677 1280 2759 recepimus
1313 2677 1446 2760 speciali
1482 2679 1634 2760 rogantes
1663 2679 1828 2745 attencius
1856 2682 1890 2745 et
1915 2684 2090 2746 monentes

76 2786 197 2848 nostros
232 2783 359 2849 amicos
393 2804 576 2866 omnesque
607 2787 721 2848 nostre
749 2783 869 2848 dicioni
892 2802 1093 2866 quocunque
1116 2783 1187 2848 iure
1211 2785 1263 2848 vel
1287 2785 1386 2848 modo
1410 2783 1587 2859 subiectos,
1612 2788 1777 2868 quatenus
1801 2787 1844 2851 ob
1868 2787 2091 2852 reverenciam

76 2890 129 2954 Dei
160 2895 419 2974 nostrarumque
454 2910 592 2974 precum
626 2889 910 2956 intervencionem
937 2889 1010 2955 loco
1041 2890 1215 2971 dignentur
1244 2910 1381 2974 parcere
1412 2893 1606 2971 memorato,
1641 2911 1702 2956 nec
1726 2892 1877 2975 personis
1905 2912 1967 2957 nec
1990 2893 2091 2956 rebus

76 2997 213 3062 eiusdem
246 3017 425 3081 gravamen
452 3018 513 3063 seu
540 2999 723 3081 dampnum
752 2997 886 3080 aliquod
909 2996 1044 3061 illaturi.
1091 2996 1175 3061 Cum
1201 2997 1289 3061 enim
1312 2997 1400 3061 diota
1422 2996 1591 3079 plantacic
1615 2997 1683 3062 sive
1707 2999 1900 3064 monasterii
1923 3000 2093 3064 structura

75 3103 248 3169 collocetur
276 3104 312 3168 in
340 3103 456 3184 fundo,
488 3104 584 3169 cuius
608 3104 650 3168 ad
675 3123 736 3168 nos
761 3103 947 3186 proprietas
975 3103 1174 3185 pertinebat,
1210 3103 1363 3186 ampliori
1387 3123 1523 3168 necesse
1548 3106 1599 3167 est
1623 3106 1660 3169 ut
1683 3106 1724 3169 ad
1749 3125 1823 3170 eam
1846 3125 2037 3170 moveamur
2059 3109 2093 3171 et

75 3210 266 3276 inclinemur
301 3211 432 3291 affectu,
468 3211 515 3276 ita
546 3210 637 3294 quod
664 3230 736 3275 eam
766 3209 878 3292 potius
908 3229 1010 3293 quam
1038 3209 1137 3273 aliam
1166 3209 1345 3274 defendere
1368 3211 1550 3290 teneamur,
1588 3210 1758 3293 quianon
1781 3213 1890 3276 minor
1914 3213 1965 3276 est
1986 3213 2092 3277 virtus

76 3336 167 3398 quam
201 3337 345 3400 querere
379 3321 477 3400 parta
511 3317 608 3383 tueri.
663 3317 699 3382 Si
728 3317 803 3400 quis
838 3320 949 3381 autern
981 3319 1095 3380 nostra
1125 3317 1254 3380 monita
1286 3315 1496 3398 vilipendens
1531 3317 1788 3399 incommodum,
1824 3338 2002 3400 gravamen
2035 3322 2093 3383 aut

76 3423 254 3506 dampnum
276 3444 336 3490 seu
360 3423 637 3507 impedimentum
661 3422 854 3505 prestiterit,
878 3444 945 3506 quo
968 3423 1080 3487 minus
1102 3422 1177 3503 ipsa
1199 3423 1366 3505 plantacio
1389 3422 1543 3506 proficiat
1559 3427 1594 3488 et
1610 3424 1645 3489 in
1662 3425 1774 3507 quiete
1795 3428 2000 3507 permaneat,
2024 3445 2093 3490 non

75 3529 176 3593 minus
199 3531 319 3595 contra
343 3549 405 3595 nos
429 3530 610 3595 excessisse
634 3551 669 3594 se
693 3529 882 3613 presenciat
905 3549 1006 3614 quam
1030 3529 1058 3592 si
1082 3529 1178 3593 nobis
1202 3549 1382 3612 gravamen
1405 3549 1604 3613 gravemque
1628 3531 1813 3596 molestiam
1829 3531 1865 3595 in
1881 3549 2025 3613 persona
2040 3531 2093 3597 vel

75 3637 166 3700 rebus
199 3637 349 3719 propriis
384 3637 570 3718 irrogasset.
619 3635 820 3718 Quicunque
847 3655 927 3700 vero
955 3654 1117 3719 personas
1141 3634 1283 3701 Domino
1313 3635 1495 3700 servientes
1520 3637 1553 3701 in
1579 3637 1650 3702 loco
1675 3639 1858 3702 memorato
1882 3637 2092 3719 promoverit,

75 3741 123 3804 hic
144 3762 163 3806 a
186 3741 286 3807 nobis
315 3742 543 3808 confidencius
572 3741 797 3824 promocionis
826 3740 969 3824 graciam
999 3743 1173 3825 expectare
1202 3742 1325 3825 poterit
1353 3744 1386 3807 et
1416 3763 1562 3826 sperare.
1609 3744 1729 3809 Datum
1754 3743 1790 3807 in
1813 3741 1977 3808 Hetvclde
2005 3763 2093 3809 anno

75 3847 308 3915 incarnationis
332 3848 465 3916 Domini
488 3846 737 3914 M⁰.CC⁰.LXV⁰.

200 3952 294 4018 ,Vari
317 3957 373 4019 der
396 3953 568 4038 Abackmft
588 3957 622 4018 in
645 3952 723 4039 Kop.
748 3951 811 4032 ΙΙΙ,
839 3951 910 4032 130,
938 3951 972 4018 S.
998 3952 1063 4018 100
1085 3957 1128 4017 im
1152 3954 1224 4039 qu.
1251 3952 1355 4019 sc-A.
1378 3977 1419 4019 zu
1441 3953 1608 4019 Hannocer
1628 3956 1695 4018 und
1715 3958 1759 4019 im
1784 3953 1951 4020 Loccumcr
1972 3955 2093 4042 Κορέαν

285 4059 318 4128 S.
341 4057 409 4127 299
432 4058 492 4125 Nr.
515 4060 592 4124 515.
642 4058 738 4126 θεάν.
761 4084 789 4124 o.
814 4057 1010 4144 Hodeaberp,
1037 4059 1242 4144 Calendarper
1270 4057 1300 4121 U
1304 4058 1342 4124 B.
1367 4060 1463 4126 Acri.
1488 4057 1555 4138 ΙΙΙ,
1577 4057 1610 4124 S.
1634 4058 1699 4124 177
1721 4059 1783 4127 Nr.
1799 4057 1877 4139 260,
1902 4059 2092 4146 Horrebam,

283 4168 446 4232 1111011.
471 4166 647 4233 Genderalu
674 4166 708 4232 8.
736 4165 829 4232 1864.
879 4165 991 4251 Repeti
1020 4164 1123 4251 Weotf.
1149 4163 1408 4231 Procinziol-Bll.
1434 4165 1478 4246 ΙΙ,
1504 4166 1534 4246 4,
1561 4165 1595 4231 8.
1621 4165 1665 4229 48
1687 4164 1748 4229 Nr.
1770 4165 1822 4232 81.
1879 4165 1987 4253 Weqen
2011 4169 2097 4234 Het-

283 4275 378 4340 velde
401 4297 427 4339 s.
453 4272 510 4338 Nr.
535 4271 611 4338 826.

1032 4435 1114 4513 830

75 4563 235 4655 Edelcopt
273 4564 457 4636 Wtdelcinct
490 4565 554 4636 der
585 4564 689 4635 dltcrc
724 4585 800 4634 vom
826 4564 939 4654 Berpc
972 4565 1126 4635 cerweist
1161 4564 1227 4634 den
1259 4563 1373 4633 Ritter
1405 4563 1545 4634 Jolvonn
1579 4583 1642 4634 von
1675 4563 1888 4652 Dunprrdcn
1921 4564 1994 4634 und
2028 4565 2096 4636 den

75 4671 247 4744 ottndener
273 4670 415 4763 Betrqer
441 4671 590 4742 Kourod
616 4692 680 4741 voa
700 4669 885 4742 Holttoscn
912 4691 1024 4761 coepere
1052 4671 1252 4758 Bolelnunp
1278 4671 1339 4740 mit
1366 4669 1443 4741 dem
1462 4669 1613 4741 chtntcn
1640 4671 1677 4740 in
1697 4668 1733 4740 N
1735 4669 1934 4741 ortlodhen
1963 4693 2009 4742 ou
2037 4673 2093 4743 dic

420 4778 560 4849 Priortn
588 4776 648 4849 des
674 4773 735 4848 ΚΖ.
765 4776 895 4850 Lutdc.
954 4776 992 4848 0.
1018 4777 1053 4852 J.
1081 4776 1141 4866 (aa
1167 4777 1240 4848 und
1267 4776 1355 4846 nacla
1383 4773 1484 4847 1265
1512 4777 1648 4866 Aupust
1675 4778 1754 4868 28).

175 4895 397 4962 Widekindus
424 4895 547 4961 nobilis
576 4896 627 4962 vir
649 4895 760 4962 senior
787 4895 969 4960 advocatus
993 4895 1034 4960 de
1058 4896 1169 4960 Monte
1201 4894 1330 4960 dilectis
1354 4894 1417 4959 sibi
1441 4894 1610 4978 quondam
1634 4894 1767 4960 vasallis
1792 4895 1926 4962 domino
1948 4895 2095 4961 iohanni

76 5001 114 5066 de
140 5002 402 5086 Dungberden1)
437 5002 535 5067 militi
565 5004 598 5067 et
626 5001 781 5067 Conrado
812 5000 901 5067 dicto
932 5001 974 5066 de
1003 5001 1190 5067 Holthosen
1222 5000 1284 5066 civi
1311 5001 1475 5067 llindensi
1503 5002 1645 5066 salutem
1674 5021 1713 5068 ac
1744 5001 1874 5068 sincere
1906 5002 2095 5068 dilectionis

76 5107 237 5175 affectum.
283 5109 368 5175 Cum
396 5109 473 5175 felix
501 5109 543 5175 sit
570 5109 801 5198 commertium
835 5128 896 5192 pro
923 5108 1064 5174 terrenis
1093 5109 1226 5175 celestia
1253 5111 1467 5189 commutare,
1498 5127 1559 5174 nos
1583 5107 1710 5172 dudum
1739 5109 1936 5175 auctoritate
1968 5109 2094 5174 domini

77 5215 275 5282 ..llindensis
299 5215 447 5300 episcopi
469 5215 632 5281 decimam
656 5215 691 5280 in
708 5214 927 5295 Nortlodlren,
952 5234 1054 5297 quam
1077 5216 1120 5279 ab
1143 5215 1216 5299 ipso
1239 5217 1454 5280 tenueramus
1478 5215 1549 5280 iure
1571 5213 1703 5296 feodali,
1729 5215 1885 5281 donando
1909 5219 2095 5298 spontanea

76 5323 245 5389 voluntate
279 5323 512 5389 transtulimus
540 5343 602 5406 pro
630 5324 709 5388 dcte
736 5321 772 5386 in
795 5321 975 5388 claustrum
1003 5340 1154 5387 sororum
1179 5322 1219 5387 de
1244 5321 1382 5388 Lodhen
1405 5321 1580 5386 fundatum
1606 5341 1626 5386 a
1649 5320 1756 5403 nobis,
1780 5324 1814 5387 et
1836 5321 1942 5406 ipsius
1966 5321 2095 5388 decime

77 5430 266 5512 proprietas
297 5430 387 5495 dicto
416 5429 489 5496 loco
520 5430 562 5494 ab
590 5430 707 5496 eodem
735 5429 892 5512 episcopo
916 5427 1067 5494 similiter
1090 5429 1141 5494 est
1163 5428 1291 5493 collata.
1338 5428 1446 5506 Quam
1470 5427 1513 5494 oh
1539 5449 1610 5496 rem
1634 5429 1794 5513 quicquid
1816 5429 1898 5494 iuris
1920 5430 1957 5494 in
1980 5428 2099 5495 eadem
