5086 6768
1063 478 1131 533 1292
2057 473 2124 538 467

96 674 237 757 penitus
263 673 399 738 exclusa
422 673 465 736 ad
488 671 591 737 vitam
616 671 668 736 sui
692 671 797 736 solius
819 673 968 753 tenebat,
992 676 1026 738 et
1048 673 1261 756 postmodum
1286 675 1427 742 eandem
1450 674 1612 742 decimam
1635 676 1733 744 titulo
1754 676 1902 762 pignoris
1925 699 1987 764 pro
2009 682 2128 766 viginti

91 779 217 844 marcis
245 778 395 861 predicte
418 777 557 843 ecclesie
579 777 749 860 obligavit,
783 779 915 844 demum
940 798 1042 861 super
1066 780 1194 844 decima
1216 780 1290 863 ipsa
1314 783 1347 844 et
1371 781 1533 846 fructibus
1556 782 1662 864 ipsius
1687 784 1813 849 decime
1836 784 1918 868 ipsis
1942 787 2067 852 decano
2092 792 2126 854 et

49 894 53 906 '
93 884 244 968 capitulo
273 888 352 967 post
380 882 683 966 inpignorationem
717 883 818 949 huius
853 885 972 950 ablatis
1003 904 1063 968 per
1092 888 1237 968 quatuor
1267 905 1373 950 annos
1405 886 1447 951 ab
1477 888 1595 952 eodem
1623 889 1795 954 Volcmaro
1824 893 1857 956 et
1884 890 1985 958 Beria
2020 913 2125 960 uxore

93 1009 157 1054 sua
186 988 265 1056 dicti
294 991 441 1054 decanus
469 991 503 1052 et
533 987 713 1072 capitulum
742 1009 803 1072 pro
831 994 927 1073 parte
955 1010 1017 1055 sua
1047 993 1081 1054 et
1109 990 1259 1072 prefatus
1295 991 1486 1057 Gcrhardus
1517 994 1559 1059 de
1587 993 1688 1076 Balge
1714 995 1786 1059 vice
1816 999 1849 1060 ct
1878 997 2013 1062 nomine
2045 999 2123 1064 dicti

92 1095 260 1161 Volcmari
290 1114 326 1159 se
356 1095 479 1161 nostris
502 1095 726 1161 subdiderunt
749 1095 960 1178 ordinationi,
984 1097 1121 1160 arbitrio
1145 1099 1178 1160 et
1200 1101 1370 1180 precepto.
1417 1098 1560 1163 Vulvero
1584 1101 1684 1182 igitur
1708 1101 1844 1182 decano,
1867 1102 2026 1169 Heinrico
2051 1124 2123 1170 sco-

92 1200 215 1265 lastico
238 1204 273 1265 et
294 1199 471 1266 Lodewico
496 1201 655 1266 canonico
678 1201 785 1283 ipsius
808 1201 946 1266 ecclesie
969 1202 1075 1266 sancti
1100 1202 1232 1267 Martini
1254 1223 1317 1286 pro
1341 1223 1377 1268 se
1401 1206 1434 1268 et
1457 1205 1603 1288 capitulo
1625 1206 1710 1288 ipso,
1735 1207 1777 1272 ab
1801 1208 1906 1274 altera
1930 1229 2005 1276 vero
2029 1215 2124 1293 parte

93 1308 212 1372 codem
237 1306 408 1372 Gcrhardo
433 1308 474 1371 de
496 1305 597 1388 Balge
622 1325 689 1370 una
713 1327 788 1371 cum
812 1307 985 1373 Gotscalco
1010 1308 1100 1373 dicto
1124 1307 1263 1390 Selecop
1288 1309 1391 1373 milite
1415 1312 1448 1374 et
1463 1311 1614 1375 iohanne
1636 1310 1704 1376 filio
1728 1311 1833 1394 ipsius
1851 1313 2015 1380 Gotscalci
2039 1317 2123 1382 laico

91 1432 157 1496 pro
188 1411 276 1478 dicto
299 1413 472 1478 Volcmaro
503 1413 599 1476 nobis
628 1411 696 1478 fide
719 1413 799 1478 data
822 1413 1107 1496 promittentibus
1138 1415 1232 1497 ipsos
1256 1415 1418 1480 decanum
1442 1419 1476 1481 et
1500 1416 1682 1499 capitulum
1707 1437 1836 1484 necnon
1860 1422 2003 1486 eundem
2026 1423 2124 1488 Volc-

92 1538 225 1583 marum
248 1520 356 1584 ratam
379 1518 552 1584 habituros
576 1521 725 1585 nostram
749 1538 851 1601 super
873 1519 1044 1602 premissis
1067 1520 1310 1586 ordinationem
1336 1540 1374 1585 ac
1397 1525 1549 1587 nostrum
1573 1523 1747 1588 arbitrium
1770 1528 1805 1589 ct
1827 1529 2032 1610 preceptum,
2061 1548 2124 1594 nos

92 1627 230 1707 recepta
260 1644 280 1689 a
307 1624 458 1710 partibus
487 1628 524 1689 ut
554 1624 680 1690 dictum
710 1627 759 1690 cst
784 1626 826 1690 de
850 1623 1086 1691 ratihabitione
1110 1625 1319 1692 fideiussoria
1342 1628 1499 1693 cautione
1523 1647 1655 1693 necnon
1677 1629 1896 1710 ordinatione,
1927 1633 2066 1700 arbitrio
2090 1637 2124 1702 ct

91 1733 255 1814 precepto
292 1730 393 1795 huius
432 1730 473 1796 de
511 1749 678 1796 consensu
716 1731 860 1814 partium
898 1731 1030 1797 vallatis
1070 1751 1157 1814 pena
1194 1751 1381 1798 marcarum
1417 1733 1533 1816 viginti
1573 1734 1669 1800 nobis
1705 1737 1940 1802 solvendarum
1974 1759 1993 1804 a
2027 1743 2123 1824 parte

91 1837 248 1900 nostrum
275 1855 377 1920 super
403 1837 575 1920 premissis
607 1836 781 1902 arbitrium
811 1839 845 1902 et
875 1840 1071 1921 prereptum
1095 1857 1163 1902 nou
1186 1842 1340 1904 servante
1364 1859 1425 1904 scu
1449 1858 1516 1904 non
1540 1840 1733 1922 adinplente
1757 1847 1815 1906 aut
1838 1847 1953 1910 contra
1977 1844 2039 1911 hec
2063 1847 2123 1912 ali-

92 1943 263 2028 quatenus
294 1942 449 2007 vcnientc
481 1942 701 2007 incontinenti
738 1943 854 2008 habita
882 1942 1123 2009 deliberatione
1150 1945 1410 2027 pronunciantes
1439 1945 1592 2029 partibus
1619 1947 1701 2029 ipsis
1728 1949 1941 2029 presentibus
1972 1952 2122 2019 arbitrati

91 2045 230 2128 iuimuS,
265 2046 493 2113 ordinavimus
526 2051 558 2114 et
587 2048 649 2112 sub
680 2068 768 2132 pena
800 2052 976 2133 prenotata
999 2049 1115 2134 viginti
1139 2070 1326 2116 marcarum
1350 2051 1446 2117 nobis
1470 2051 1706 2117 solvendarum
1728 2053 1770 2118 ab
1795 2055 1912 2119 eodem
1936 2057 2122 2138 Volcmaro,

92 2152 120 2216 si
150 2156 300 2218 nostram
329 2153 572 2220 ordinationem
602 2157 635 2219 et
665 2158 813 2220 nostram
841 2175 943 2239 super
971 2155 1143 2239 premissis
1171 2156 1343 2220 arbitrium
1373 2177 1440 2221 non
1464 2159 1612 2223 servaret
1635 2178 1695 2223 seu
1718 2177 1786 2223 non
1810 2161 2016 2244 adimpleret,
2046 2185 2122 2248 pre-

93 2258 256 2342 cepimus,
280 2261 371 2344 quod
394 2260 484 2325 idem
506 2259 700 2325 Volcmarus
724 2260 819 2326 miles
843 2260 875 2324 in
901 2262 1069 2343 presentia
1091 2261 1230 2328 illustris
1255 2262 1420 2329 domicelli
1445 2262 1605 2328 Gcrhardi
1631 2264 1759 2330 comitis
1784 2266 1825 2332 de
1842 2267 1939 2346 Hoya
1963 2272 1996 2333 et
2012 2289 2123 2335 coram

92 2364 169 2430 aliis
198 2363 265 2430 fide
293 2365 410 2448 dignis,
442 2385 543 2448 quam
572 2367 637 2431 cito
665 2368 756 2432 idem
785 2385 896 2432 comes
924 2367 958 2431 in
987 2367 1177 2433 Nienborch
1208 2369 1318 2453 tuerit,
1348 2369 1535 2435 astantibus
1564 2389 1693 2435 necnon
1723 2371 1855 2436 duobus
1884 2375 2052 2440 canonicis
2081 2377 2124 2441 de

91 2473 214 2556 sancto
237 2471 379 2536 Martino
407 2472 531 2538 ibidem
562 2474 774 2556 presentibus
802 2472 999 2539 confiteatur
1022 2477 1056 2537 et
1077 2474 1210 2557 publice
1234 2478 1457 2559 recognoscat,
1486 2476 1577 2558 quod
1600 2476 1672 2557 ipse
1696 2477 1857 2543 decimam
1881 2482 2064 2563 predictam
2088 2484 2123 2548 in

92 2575 338 2642 Gotbertessen
369 2598 388 2643 a
418 2579 544 2642 decano
575 2583 609 2644 et
637 2579 782 2662 capitulo
812 2579 919 2644 sancti
942 2578 1075 2644 Martini
1103 2580 1273 2663 predictis,
1305 2581 1347 2645 ad
1375 2601 1459 2664 quos
1488 2582 1525 2646 ut
1553 2581 1754 2664 premissum
1782 2587 1833 2648 est
1861 2585 1966 2668 ipsius
1996 2588 2122 2654 decime

90 2683 283 2764 proprietas
306 2684 458 2766 pertinet,
483 2685 650 2750 advitam
673 2686 725 2750 sui
750 2685 853 2750 solius
877 2687 1013 2750 tenebat
1036 2686 1128 2751 omni
1151 2686 1312 2751 heredum
1336 2706 1473 2752 suorum
1497 2689 1709 2753 successione
1731 2690 1866 2771 penitus
1890 2693 2033 2759 exclusa.
2080 2695 2124 2759 Et

90 2787 158 2852 hoc
194 2789 362 2872 recognito
396 2790 557 2854 decimam
592 2792 735 2856 eandem
767 2811 844 2857 cum
877 2791 946 2857 suis
978 2792 1186 2876 pertinentiis
1214 2793 1249 2857 in
1279 2812 1399 2857 manus
1428 2793 1665 2858 canonicorum
1694 2795 1847 2878 duorum,
1882 2797 1940 2879 qui
1969 2799 2011 2863 ab
2039 2801 2123 2884 ipsis

91 2895 224 2962 decano
253 2897 286 2960 et
315 2895 461 2979 capitulo
489 2897 567 2961 illuc
593 2896 688 2961 missi
717 2896 861 2980 fuerunt,
893 2898 1037 2982 resignet
1064 2899 1100 2963 in
1128 2899 1297 2983 presentia
1328 2899 1458 2963 comitis
1482 2899 1639 2965 antedicti
1663 2903 1697 2964 et
1720 2901 1829 2966 eidem
1852 2903 1989 2969 ecclesie
2013 2907 2121 2971 sancti

89 2999 228 3066 Martini
262 2999 402 3066 liberam
432 3005 467 3066 et
496 3003 685 3085 expeditam
719 3003 874 3070 dimittat.
928 3005 1012 3070 Item
1035 3004 1220 3070 ordinando
1244 3007 1277 3069 et
1300 3005 1492 3071 arbitrando
1515 3005 1725 3088 precepimus
1750 3006 1813 3070 sub
1836 3028 1924 3091 pena
1947 3013 2123 3093 premissa,

90 3107 186 3194 quod
211 3106 321 3190 Berta,
344 3127 428 3173 uxor
450 3107 555 3193 ipsius
578 3107 753 3192 Volcmari,
776 3109 1003 3176 Wedekindus
1026 3109 1117 3176 filius
1140 3111 1211 3176 eius
1233 3110 1359 3176 ibidem
1383 3115 1416 3176 et
1432 3111 1487 3176 alii
1503 3111 1531 3175 si
1549 3112 1606 3194 qui
1622 3115 1703 3176 sunt
1719 3112 1858 3178 heredes
1875 3135 1987 3180 coram
2003 3119 2122 3183 eodem

90 3213 217 3278 comite
240 3215 281 3278 etÎ‡
296 3232 409 3280 coram
433 3213 506 3280 aliis
528 3213 595 3280 fide
619 3215 727 3299 dignis
751 3215 971 3281 confiteantur
994 3221 1027 3280 ct
1049 3220 1295 3299 recognoscant,
1319 3217 1410 3299 qnod
1433 3217 1534 3283 nichil
1557 3218 1637 3281 iuris
1662 3219 1821 3300 competit
1843 3219 1924 3303 ipsis
1948 3223 1999 3287 vel
2023 3224 2123 3289 alicui

89 3319 244 3404 ipsorum
269 3321 305 3386 in
328 3321 457 3387 decima
480 3323 662 3386 memorata
685 3342 724 3387 ac
747 3323 944 3387 renunciant
966 3321 1088 3387 ibidem
1113 3323 1203 3389 omni
1228 3323 1351 3390 actioni
1375 3344 1477 3407 super
1500 3324 1575 3408 ipsa
1592 3323 1719 3389 decima
1735 3345 1810 3390 cum
1827 3327 1897 3391 suis
1913 3328 2122 3409 pertinentiis

90 3427 127 3495 in
151 3429 356 3511 perpetuum
387 3429 502 3494 contra
533 3428 695 3492 decanum
720 3431 755 3491 et
778 3428 961 3510 capitulum
990 3428 1184 3493 antedictos.
1232 3429 1387 3494 Ceterum
1416 3449 1478 3513 pro
1502 3432 1595 3513 parte
1618 3429 1769 3512 ipsorum
1791 3431 1907 3496 decani
1931 3435 1964 3497 et
1987 3434 2121 3517 capituli
2181 3423 2183 3429 â´

91 3533 254 3600 duximus
285 3533 526 3614 arbitrandum,
556 3533 647 3616 quod
674 3534 763 3598 iacta
790 3534 833 3597 ab
866 3533 940 3617 ipso
964 3534 1138 3599 Volcmaro
1162 3535 1289 3600 decime
1312 3535 1417 3617 ipsius
1441 3536 1665 3618 resignatione
1689 3539 1721 3601 et
1745 3536 1788 3600 ab
1813 3556 1915 3602 uxore
1939 3557 1999 3603 sua
2022 3538 2123 3604 Beria

90 3643 125 3707 et
149 3639 224 3704 filio
252 3640 325 3704 eius
353 3639 559 3704 Wedekindo
588 3659 626 3703 ac
654 3641 696 3705 ab
725 3639 798 3705 aliis
827 3640 1007 3705 heredibus
1037 3641 1186 3724 ipsorum
1218 3641 1247 3705 si
1274 3641 1331 3724 qui
1359 3645 1438 3706 sunt
1467 3642 1567 3707 huius
1597 3642 1842 3707 renuntiatione
1870 3643 1950 3709 dicti
1975 3646 2122 3711 decanus

90 3751 126 3812 et
151 3745 339 3829 capitulum
362 3745 490 3811 fructus
514 3747 641 3812 decime
664 3745 770 3829 ipsius
794 3765 855 3828 per
878 3747 1019 3828 quatuor
1042 3766 1160 3829 annos,
1184 3750 1221 3811 ut
1244 3749 1400 3830 superius
1423 3751 1550 3812 tactum
1574 3751 1635 3827 est,
1665 3748 1794 3813 ablatos
1818 3749 1860 3814 ab
1884 3750 2002 3815 eodem
2025 3752 2123 3816 Volc-

89 3872 189 3920 maro
221 3856 255 3918 et
281 3852 351 3916 suis
380 3851 558 3918 heredibus
588 3871 655 3916 non
681 3854 799 3936 petant
821 3871 884 3916 nec
906 3851 989 3934 ipsis
1013 3854 1140 3917 decano
1164 3855 1198 3918 et
1220 3853 1365 3936 capitulo
1389 3854 1519 3918 solvere
1542 3857 1729 3935 teneantur,
1760 3858 1793 3919 et
1816 3855 1903 3919 idem
1928 3857 2123 3922 Volcmarus

90 3964 124 4024 et
155 3979 243 4024 uxor
272 3979 333 4024 sua
364 3958 407 4024 ab
436 3959 655 4023 anathematis
683 3959 816 4023 vinculo
846 3960 880 4022 et
906 3957 1074 4024 interdicti
1103 3960 1279 4040 sententia,
1309 3959 1432 4042 quibus
1461 3979 1523 4043 pro
1552 3960 1679 4024 decima
1702 3961 1850 4043 predicta
1874 3964 1907 4024 ct
1929 3981 1990 4043 pro
2015 3961 2122 4046 ipsius

88 4065 261 4130 fructibus
286 4064 405 4130 ablatis
429 4065 580 4129 innodati
605 4063 748 4145 fuerunt,
776 4065 994 4130 absolvantur
1018 4068 1051 4129 et
1074 4065 1317 4130 denuncientur
1340 4065 1441 4130 ctiam
1465 4067 1620 4147 absoluti,
1644 4068 1802 4148 quodque
1818 4066 1957 4150 predicti
1975 4070 2122 4134 decanus

89 4178 125 4237 et
156 4171 345 4254 capitulum
374 4171 550 4237 duodecim
581 4189 708 4234 marcas
731 4167 921 4235 Bremensis
949 4171 1076 4254 argenti
1100 4171 1268 4236 Gcrhardo
1297 4172 1338 4236 dc
1361 4171 1462 4252 Balge
1492 4171 1641 4255 predicto
1672 4173 1806 4237 nomine
1829 4173 1934 4255 ipsius
1958 4174 2121 4240 Volcmari

88 4278 299 4362 persolvant,
334 4297 392 4342 sex
421 4275 574 4341 videlicet
602 4277 643 4341 de
671 4276 753 4360 ipsis
782 4277 816 4340 in
841 4277 926 4341 sesto
948 4275 1118 4342 Michaelis
1143 4297 1231 4342 nunc
1254 4277 1404 4359 proximo
1429 4277 1543 4342 tuturo
1566 4281 1600 4341 et
1623 4298 1680 4342 sex
1704 4277 1786 4342 alias
1811 4280 1851 4343 de
1875 4279 1957 4362 ipsis
1980 4281 2013 4343 in
2037 4280 2122 4347 festo

89 4383 286 4468 epyphanie
318 4383 452 4447 Domini
484 4385 562 4465 post
596 4384 706 4466 ipsum
740 4385 859 4448 testum
894 4382 1063 4447 Michaelis
1095 4382 1247 4466 proximo
1281 4383 1500 4466 subsequenti
1537 4383 1643 4449 eidem
1674 4383 1845 4449 Gcrhardo
1883 4385 1924 4449 de
1952 4385 2053 4468 Balge
2085 4387 2121 4450 in

89 4491 273 4572 Nienborg
294 4489 547 4572 presentandas.
587 4488 652 4566 Qui
669 4487 866 4553 Gerhardus'
885 4488 920 4553 in
942 4488 1169 4553 testimonium
1193 4490 1426 4570 resignationis
1450 4490 1493 4553 ab
1517 4489 1591 4571 ipso
1607 4489 1782 4554 Volcmaro
1806 4490 1890 4555 lacte
1914 4493 1947 4554 et
1970 4492 2005 4555 in
2028 4493 2121 4556 testiÎ‡

87 4596 249 4660 monium
273 4594 528 4660 renuntiationis
551 4593 636 4658 lacte
660 4595 702 4660 ab
726 4614 830 4658 uxore
854 4599 887 4658 et
901 4593 972 4658 filio
989 4594 1137 4659 eiusdem
1153 4594 1318 4659 Volcmari
1335 4598 1369 4659 et
1385 4595 1564 4660 heredibus
1581 4595 1608 4660 si
1625 4595 1682 4677 qui
1699 4598 1777 4660 sunt
1793 4613 1933 4676 presens
1950 4597 2122 4680 scriptum,

89 4720 303 4784 quamquam
330 4703 444 4766 nostro
474 4699 581 4783 sigillo
611 4701 803 4770 roboratum
836 4700 966 4782 existat,
1002 4700 1194 4785 procurabit
1218 4699 1323 4784 sigillo
1348 4699 1467 4782 prefati
1491 4700 1619 4766 comitis
1643 4700 1746 4765 eciam
1770 4701 1976 4766 communiri.
2022 4703 2122 4767 Arbi-

88 4809 233 4884 tratum,
267 4806 459 4871 ordinatum
493 4809 527 4870 et
560 4810 756 4890 preceptum
793 4807 904 4872 Minde
939 4806 1151 4888 presentibus
1186 4806 1438 4871 honorabilibus
1472 4807 1552 4871 viris
1588 4806 1741 4871 Conrado
1776 4808 1947 4890 preposito
1983 4810 2121 4875 ecclesie

88 4913 281 4978 hlindensis
314 4915 347 4977 et
376 4911 553 4977 Lodewico
587 4913 746 4978 canonico
780 4912 930 4977 eiusdem
962 4912 1113 4989 ecclesie,
1149 4911 1289 4977 Justatio
1323 4914 1364 4976 de
1393 4912 1611 4995 Monighusen
1639 4914 1672 4975 et
1699 4911 1870 4978 Gcrhardo
1899 4913 1987 4979 dicto
2017 4915 2121 4998 Span,

89 5018 270 5099 militibus,
294 5020 328 5082 et
351 5017 421 5083 aliis
446 5038 546 5101 quam
571 5019 734 5100 pluribus,
757 5037 846 5082 anno
863 5017 996 5083 Domini
1019 5020 1052 5083 et
1075 5021 1194 5102 quarta
1218 5018 1301 5083 feria
1324 5018 1535 5101 supradictis.
1575 5018 1617 5082 Et
1633 5038 1693 5083 nos
1711 5017 1902 5084 Gcrhardus
1919 5039 2028 5085 comes
2045 5040 2123 5103 pre-

89 5125 205 5190 dictus
233 5125 269 5190 in
297 5125 525 5190 testimonium
554 5125 786 5207 resignationis
818 5125 947 5190 decime
975 5124 1103 5207 pretate
1132 5124 1272 5207 pridie1)
1296 5124 1462 5188 Kalendas
1486 5123 1563 5188 Maii
1590 5127 1666 5208 post
1694 5123 1868 5189 arbitrium
1892 5124 2121 5206 supradictum

89 5250 184 5296 anno
208 5230 341 5299 Domini
363 5231 515 5315 predicto
539 5231 624 5296 facte
648 5251 668 5294 a
689 5232 820 5314 prefato
839 5229 1012 5294 Volcmaro
1035 5230 1070 5293 in
1094 5249 1212 5294 manus
1236 5229 1334 5294 unius
1358 5228 1508 5294 canonici
1531 5229 1636 5312 ipsius
1660 5228 1797 5294 ecclesie
1822 5229 1974 5294 videlicet
1990 5229 2123 5296 Ludolfi

89 5339 172 5403 dicti
198 5337 374 5402 Monetarii
405 5355 536 5403 necnon
565 5337 600 5402 in
623 5336 850 5401 testimonium
880 5335 1133 5402 renuntiationis
1157 5335 1243 5400 facte
1268 5355 1287 5400 a
1310 5334 1421 5416 Berta,
1446 5355 1547 5402 uxore
1571 5335 1677 5418 ipsius
1700 5335 1876 5414 Volcmari,
1901 5338 1934 5399 et
1955 5334 2025 5399 filio
2049 5335 2123 5401 eius

88 5443 306 5510 Wedekindo
342 5446 375 5507 et
413 5443 487 5508 aliis
518 5442 698 5508 heredibus
732 5442 801 5508 suis
833 5442 866 5506 in
903 5441 1095 5508 Nienborch
1130 5461 1243 5506 coram
1274 5443 1369 5507 nobis
1400 5445 1433 5506 et
1462 5461 1574 5506 coram
1610 5442 1681 5508 aliis
1715 5441 1858 5507 testibus
1889 5440 2123 5524 infrascriptis,

1842 5547 1908 5612 59*
