5062 6776
1056 425 1124 480 1270
2048 408 2112 475 299

158 734 302 824 Bisrhof
329 735 404 808 Otto
431 755 495 805 oon
524 732 674 804 Mindon
700 732 893 824 dhereipnet
921 733 987 806 den
1013 733 1084 804 ihm
1111 733 1335 823 resipniertcn
1363 732 1441 820 Hof
1464 734 1501 804 in
1529 731 1700 803 Nomnten
1727 732 1805 803 den
1832 733 2058 826 Domkopitet.

958 839 1056 911 1270
1082 839 1159 911 Jeli
1186 842 1246 911 24.

197 961 314 1025 Frater
338 959 417 1025 Otto
442 958 555 1024 divina
577 957 796 1041 permissione
812 957 994 1023 Mindensis
1019 958 1197 1041 episeopus
1221 958 1375 1023 omnibus
1399 960 1571 1039 presentes
1593 956 1724 1022 litteras
1746 956 1947 1041 inspecturis
1970 962 2113 1027 salutem

99 1071 129 1134 in
155 1067 296 1132 Domino
330 1065 578 1148 sempiternam.
632 1065 809 1130 Gestarum
846 1082 958 1128 rerum
987 1064 1088 1130 series
1120 1064 1260 1146 provide
1293 1062 1418 1128 firmari
1446 1063 1619 1129 consuevit
1647 1064 1769 1129 robore
1796 1066 2046 1151 scripturarum,
2076 1072 2114 1135 ut

99 1193 204 1239 earum
229 1171 421 1238 testimonio
444 1170 612 1236 mediante
635 1169 726 1252 quod
749 1169 896 1235 humana
919 1190 987 1235 non
1010 1169 1098 1235 valet
1122 1170 1263 1235 retinere
1288 1171 1446 1235 memoria
1462 1171 1665 1253 perducatur
1681 1171 1724 1234 ad
1741 1172 1900 1238 noticiam
1915 1171 2111 1241 futurorum.

97 1281 144 1345 Ad
179 1282 326 1343 vestram
369 1277 469 1360 igitur
512 1277 666 1360 cupimus
709 1276 885 1360 pervenire
931 1278 1100 1356 noticiam,
1147 1277 1236 1360 quod
1276 1275 1433 1342 Nicotaus
1477 1276 1586 1341 dictus
1626 1277 1667 1342 de
1706 1277 1897 1343 Herdessen
1937 1280 2042 1347 laicus
2080 1286 2115 1348 et

98 1384 223 1450 domina
251 1383 344 1449 tutta
372 1403 468 1448 soror
499 1402 570 1464 sua,
601 1404 685 1449 uxor
712 1381 873 1448 Johannis
904 1383 1017 1449 militis
1048 1385 1089 1448 de
1120 1385 1315 1464 Vorebome,
1346 1385 1379 1447 et
1407 1402 1522 1446 eorum
1550 1382 1690 1448 heredes
1724 1387 1851 1450 curtem
1881 1386 1917 1451 in
1946 1388 2112 1471 Narnnen,

97 1510 187 1573 quam
220 1509 241 1553 a
270 1489 367 1555 nobis
395 1493 567 1572 tamquam
596 1509 616 1554 a
643 1488 815 1573 preposito
839 1489 979 1555 ecclesie
1004 1493 1117 1554 nostre
1141 1489 1359 1555 communiter
1382 1489 1573 1554 habuerunt
1596 1489 1631 1552 in
1654 1490 1834 1572 pheodum,
1857 1512 1920 1574 pro
1944 1493 2112 1578 quinqua-

96 1596 181 1678 ginta
208 1595 328 1661 marcis
355 1594 545 1660 Bremensis
574 1596 702 1679 argenti
731 1595 984 1661 honorabilibus
1018 1596 1164 1661 dominis
1199 1598 1325 1662 decano
1354 1599 1386 1660 et
1414 1594 1559 1677 capitulo
1587 1594 1692 1678 ipsius
1724 1597 1862 1662 ecclesie
1890 1601 2114 1666 vendiderunt

96 1703 156 1788 et1)
178 1701 354 1768 constituti
378 1721 490 1766 eoram
512 1703 609 1768 nobis
632 1702 666 1766 in
690 1722 809 1768 manus
833 1706 964 1767 nostras
988 1702 1071 1768 vivis
1094 1702 1233 1768 vocibus
1255 1701 1357 1768 libere
1377 1701 1631 1783 resignaverunt
1648 1703 1798 1768 eandem.
1838 1706 1942 1770 Porro
1959 1725 2031 1786 noe,
2055 1707 2113 1789 qui

95 1828 150 1892 per
177 1807 463 1890 dispensationem
491 1827 685 1875 concessam
714 1808 811 1873 nobis
840 1828 859 1872 a
887 1809 966 1873 sede
994 1808 1176 1892 apostolica
1205 1809 1245 1873 de
1269 1808 1378 1891 gracia
1401 1807 1536 1891 speciali
1560 1808 1808 1890 preposituram
1831 1811 1970 1876 ecclesie
1994 1831 2113 1896 supra-

96 1915 174 1979 dicte
208 1933 286 1978 cum
321 1915 518 1998 episcopatu
552 1917 718 1995 tenemus,
752 1917 887 1996 recepta
916 1913 1141 1997 resignacioue
1169 1913 1361 1980 huiusmodi
1391 1914 1574 1978 eorundem
1604 1915 1720 1979 decani
1751 1918 1785 1979 et
1813 1917 1951 1999 capituli
1983 1919 2112 2003 suppli·

95 2019 280 2086 nacionibus
304 2022 491 2085 annuentes
514 2019 597 2102 ipsis
621 2023 654 2084 et
676 2040 736 2103 per
760 2040 818 2084 eos
842 2021 981 2084 ecclesie
1003 2023 1195 2100 memorate,
1227 2040 1328 2103 quam
1352 2023 1490 2103 propter
1512 2021 1711 2085 tenuitatem
1734 2024 1982 2104 prebendarum
2005 2025 2113 2109 ipsius

95 2125 284 2192 facultatum
309 2127 498 2209 augmentis
528 2126 676 2210 indigere
705 2125 900 2207 dinoscitur,
930 2128 1169 2209 proprietatem
1200 2127 1301 2191 curtis
1332 2127 1479 2210 predicte
1512 2146 1587 2191 cum
1618 2127 1775 2193 omnibus
1802 2129 2019 2211 pertinenciis
2043 2130 2112 2197 suis

93 2231 298 2298 irrevocabili
330 2230 530 2298 liberalitate
561 2233 717 2298 duximus
748 2232 992 2298 conferendam.
1039 2231 1078 2296 In
1101 2232 1194 2297 ouius
1218 2233 1266 2297 rei
1289 2233 1516 2298 testimonium
1539 2252 1678 2316 presens
1703 2235 1863 2317 seriptum
1886 2236 1984 2320 sigilli
2008 2238 2112 2304 nostri

93 2339 271 2403 munimine
305 2338 445 2403 fecimus
480 2339 641 2406 roborari.
698 2339 817 2404 Testes
852 2339 951 2404 huius
986 2339 1033 2403 rei
1067 2342 1160 2404 sunt:
1196 2338 1390 2404 Florencius
1422 2339 1619 2421 WigraviuS,
1654 2339 1827 2406 Conradus
1863 2343 1905 2408 de
1936 2343 2049 2408 Utilen
2080 2348 2113 2410 et

94 2445 285 2510 Thidericus
308 2443 396 2510 filius
420 2465 512 2526 suuS,
537 2446 703 2511 Henricus
727 2447 768 2510 de
785 2445 985 2528 Dungerden
1008 2447 1041 2509 et
1055 2445 1250 2510 Florencius
1274 2446 1375 2511 irater
1399 2445 1515 2528 ipsius,
1540 2447 1733 2512 Gerbardus
1749 2452 1782 2513 et
1799 2449 1973 2516 Conradus
1990 2451 2111 2517 fratres

94 2552 129 2615 de
152 2552 325 2631 Lutteren,
348 2550 517 2617 Johannes
541 2553 582 2618 de
605 2551 809 2633 Barchusen,
833 2551 1030 2617 Thidericus
1054 2553 1095 2617 de
1112 2551 1324 2632 Horseholte,
1348 2551 1480 2634 milites,
1504 2552 1650 2619 Wieelus
1668 2555 1709 2619 de
1725 2555 1873 2620 Ratbere
1892 2559 1926 2621 et
1941 2557 2111 2623 Johannes

91 2657 174 2732 Bloc,
202 2659 398 2741 burgenses,
431 2661 466 2723 et
495 2658 551 2723 alii
584 2679 686 2742 quam
709 2659 824 2741 plures
847 2659 985 2724 ecclesie
1008 2657 1131 2723 milites
1155 2661 1189 2723 et
1216 2657 1340 2724 vasalli.
1388 2657 1509 2724 Actum
1533 2662 1568 2723 et
1591 2661 1706 2725 datum
1729 2681 1817 2726 anno
1842 2662 1975 2727 Domini
2000 2664 2108 2730 MCC.

92 2765 342 2847 septuagesimo,
366 2762 401 2830 in
423 2765 534 2848 vigilia
556 2764 669 2830 Jacobi
696 2765 847 2849 apostoli.

303 2873 312 2904 ¹
344 2876 371 2924 ct
381 2869 456 2940 fehlt
472 2871 507 2923 A.

217 2869 386 3042 AbecIrmft
408 2960 461 3024 dee
487 2959 536 3024 14.
561 2959 675 3024 Jatrt.
700 2963 734 3023 in
758 2960 833 3024 Meo.
865 2956 937 3036 VII,
961 2957 1059 3037 2401,
1086 2959 1120 3024 S.
1144 2957 1189 3022 30
1212 2963 1255 3023 im
1279 2959 1350 3044 qu.
1378 2959 1483 3026 Sa-A.
1507 2983 1546 3024 zu
1568 2962 1710 3026 Mamer
1733 2963 1800 3048 (A),
1825 2963 1938 3050 Repeot
1963 2965 2036 3028 Meo.
2067 2963 2111 3046 II,

302 3063 400 3144 189α,
426 3063 484 3130 Nr.
507 3063 583 3142 333,
619 3090 645 3132 v.
673 3063 866 3152 Hodenberp,
891 3063 996 3151 Hoyer
1024 3062 1092 3128 IIIi.
1116 3065 1207 3130 Atel.
1240 3063 1330 3143 VIII,
1358 3065 1392 3130 S.
1419 3066 1458 3131 75
1483 3065 1544 3130 Nr.
1568 3067 1622 3133 95.
1670 3069 1765 3134 θεάν.
1797 3068 1993 3150 Wtirdtwein,
2021 3071 2111 3138 Sabe.

300 3173 374 3258 depr.
399 3169 460 3251 XI,
487 3171 521 3236 S.
544 3172 599 3238 55.
653 3168 720 3258 Vqr.
746 3172 821 3236 oben
846 3170 907 3236 Nr.
931 3169 1006 3236 956¹.

1057 3283 1150 3359 966.

92 3389 232 3478 Bischof
264 3389 339 3461 Otto
366 3413 430 3462 ‘ron
458 3391 609 3462 Mindon
637 3391 809 3481 ribertrdpt
837 3392 902 3462 dos
922 3392 1106 3483 Eigentrmr
1133 3392 1194 3464 des
1220 3393 1291 3464 ihm
1318 3395 1540 3482 rasigoierten
1567 3394 1718 3465 Zehnten·
1746 3395 1875 3486 einiger
1900 3395 2031 3470 Aecler
2058 3399 2113 3472 het

679 3499 823 3569 Hioern
850 3497 927 3569 dem
955 3498 1181 3590 Domlcopitet.
1235 3499 1333 3570 1270
1358 3500 1436 3572 Juu
1462 3503 1522 3572 24.

189 3617 307 3681 Frater
322 3616 401 3682 Otto
425 3615 537 3681 divina
559 3617 779 3697 permissione
803 3617 984 3683 Mindensis
1008 3619 1186 3701 episcopus
1210 3619 1364 3684 omnibus
1387 3621 1562 3701 presentes
1587 3619 1716 3684 litteras
1740 3619 1942 3703 inspecturis
1965 3625 2110 3692 salutem

91 3719 122 3785 in
143 3723 286 3788 Domino
309 3721 554 3806 sempiternam.
595 3723 771 3788 Gestarum
795 3743 907 3788 rerum
931 3723 1032 3788 series
1047 3724 1184 3806 provide
1200 3721 1325 3788 firmari
1341 3725 1516 3790 consuevit
1533 3726 1652 3791 robore
1668 3725 1916 3810 scripturarum,
1941 3732 1977 3792 ut
1995 3751 2110 3798 earum

92 3827 277 3894 testhnonio
308 3828 473 3894 mediante
506 3830 597 3912 quod
631 3830 778 3896 humana
813 3851 882 3894 non
915 3830 1004 3895 valet
1038 3831 1181 3895 retinere
1216 3831 1375 3897 memoria
1408 3832 1611 3914 perducatur
1645 3833 1688 3896 ad
1718 3833 1875 3898 noticiam
1907 3836 2106 3903 futurorum.

91 3932 244 4000 Noverint
266 3933 367 4018 igitur
395 3939 511 4001 tenore
542 3935 752 4018 presencium
782 3936 929 4001 universi
956 3939 1024 4001 tam
1052 3939 1227 4019 presentes
1254 3957 1356 4019 quam
1382 3939 1518 4021 posteri,
1549 3938 1651 4020 quod,
1681 3957 1757 4004 curn
1781 3939 1986 4007 Giselbertus
2011 3945 2111 4010 miles

92 4039 192 4106 dietus
222 4044 266 4108 de
290 4041 437 4108 Hokelve
470 4045 503 4108 et
526 4042 696 4106 Arnoldus
722 4042 825 4108 frater
854 4061 934 4107 snus
962 4043 1064 4106 laicus
1093 4043 1273 4125 pheodum,
1305 4044 1396 4126 quod
1422 4043 1612 4108 habuerunt
1643 4065 1663 4109 a
1691 4045 1788 4110 nobis
1814 4044 1850 4109 in
1873 4048 2001 4114 decima
2024 4069 2109 4133 quo-

91 4148 226 4213 rundam
250 4167 406 4230 agrorum
429 4149 569 4212 sitorum
590 4148 683 4213 iuxta
705 4149 817 4214 villam
835 4149 990 4214 Heveren
1013 4150 1101 4214 inter
1124 4169 1231 4232 agree,
1254 4150 1312 4232 qui
1335 4149 1586 4215 honorabilibus
1608 4149 1752 4215 dominis
1769 4153 1894 4217 decano
1911 4159 1943 4218 et
1960 4157 2107 4237 capitulo

91 4253 222 4319 ecclesie
256 4256 372 4318 nostre
405 4254 542 4320 fuerunt
567 4255 673 4320 multo
703 4258 854 4337 tempore
886 4255 1073 4335 decimales,
1105 4273 1166 4338 pro
1196 4257 1311 4321 decem
1343 4257 1464 4322 marcis
1495 4257 1623 4339 argenti
1654 4257 1847 4322 Bremensis
1876 4260 2108 4330 vendidissent

91 4357 208 4424 eisdem
233 4363 268 4425 et
291 4360 374 4424 illud
397 4359 432 4424 in
452 4381 571 4426 manns
594 4365 726 4426 nostras
748 4361 851 4428 libere
866 4362 1100 4444 resignassent,
1126 4382 1186 4427 nos
1202 4361 1392 4427 huiusmodi
1409 4363 1637 4445 resignacione
1655 4366 1788 4445 recepta
1804 4364 1928 4430 dictam
1945 4367 2106 4435 decimam

91 4467 275 4532 cumomni
306 4467 450 4533 dominio
478 4467 548 4532 sive
578 4469 662 4548 iure,
690 4469 780 4551 quod
807 4467 985 4533 habuimus
1015 4469 1050 4532 in
1078 4469 1206 4548 eadem,
1234 4468 1370 4550 prelatis
1395 4470 1521 4534 decano
1546 4471 1579 4533 et
1604 4469 1747 4553 capitulo
1771 4471 1814 4535 ad
1838 4472 2106 4542 melioracionem

90 4573 331 4652 prebendarum
366 4592 500 4638 suarum
533 4577 566 4639 et
593 4594 654 4658 per
680 4574 772 4656 ipsos
801 4575 940 4639 ecclesie
969 4579 1150 4640 memorate
1178 4574 1359 4640 liberaliter
1387 4575 1541 4640 duximus
1572 4575 1817 4642 conferendam.
1870 4579 1909 4642 In
1938 4579 2031 4645 cuius
2058 4583 2107 4648 rei

90 4677 312 4744 testimonium
336 4698 475 4760 presens
499 4680 659 4764 scriptum
682 4680 779 4762 sigilli
803 4681 909 4746 nostri
924 4680 1109 4745 munimine
1124 4681 1263 4747 fecimus
1280 4683 1439 4746 roborari.
1479 4681 1596 4747 Testes
1613 4682 1713 4747 huius
1729 4684 1777 4747 rei
1794 4687 1885 4748 sunt:
1911 4686 2107 4753 Florencius

89 4781 282 4865 Wigravius,
308 4784 482 4851 Conradus
505 4787 547 4852 de
572 4787 693 4866 umen,
717 4786 949 4871 Thidericus1)
972 4786 1061 4852 filius
1084 4807 1176 4868 suus,
1200 4788 1378 4854 Heinrious
1401 4789 1443 4853 de
1459 4788 1716 4872 Dungher·den²)
1741 4793 1774 4856 et
1788 4790 1980 4856 Florenoius
2005 4795 2106 4860 irater

90 4907 175 4970 suna,
204 4892 398 4957 Gerbardus
426 4895 459 4957 et
487 4892 661 4958 Comedus
693 4896 812 4960 tratres
847 4895 888 4958 de
916 4893 1086 4974 Lutteren,
1114 4894 1283 4960 Johannes
1310 4897 1351 4960 de
1379 4894 1582 4976 Barchusen,
1607 4895 1803 4960 Thidericus
1827 4897 1868 4962 de
1893 4898 2107 4984 Horseholte,

89 4996 221 5077 milites3
253 4997 434 5078 Wieelusi)
467 5000 508 5064 de
532 4999 679 5065 Ratbere
710 5003 744 5065 et
765 4999 935 5065 lohannes
959 5000 1040 5066 Bloc
1065 5000 1258 5083 burgenses,
1283 5006 1316 5067 et
1338 5000 1396 5066 alii
1419 5021 1521 5084 quam
1544 5001 1659 5084 plures
1682 5002 1821 5067 ecclesie
1844 5007 1958 5068 nostre
1983 5005 2104 5072 milites

89 5102 119 5164 et
139 5104 265 5170 vasalli.
291 5106 414 5170 Datum
437 5124 525 5169 anuo
549 5106 683 5171 Domini
707 5105 940 5186 Mtcutxx,
963 5107 998 5170 in
1021 5107 1134 5190 vigilia
1155 5106 1272 5172 Jacobi
1296 5108 1449 5192 apostoli.

300 5209 322 5280 ¹)
342 5211 480 5264 Tiderious
501 5211 533 5266 A.
572 5209 594 5280 ¹)
614 5212 776 5282 Dungboran
795 5212 827 5264 A.
866 5211 889 5280 ⁸)
909 5213 1029 5265 Wicerus
1048 5212 1082 5265 A.

216 5297 384 5379 Abscede
405 5299 458 5364 dee
483 5298 534 5364 14.
557 5299 671 5363 Jahrb.
694 5302 729 5364 in
752 5300 827 5365 Meo.
858 5297 932 5379 VII,
954 5298 1052 5379 2401,
1080 5299 1113 5365 S.
1136 5299 1182 5364 62
1203 5305 1248 5364 im
1263 5299 1337 5386 qu.
1357 5300 1461 5367 sa-A.
1484 5324 1524 5365 zu
1546 5301 1688 5366 Meinster
1712 5303 1779 5383 (A).
1827 5301 1941 5390 Repeat
1965 5305 2038 5370 Mac.
2057 5303 2106 5387 II,

300 5403 363 5468 189
371 5429 401 5484 o,
424 5403 487 5469 Nr.
509 5405 586 5473 388.
637 5404 732 5473 θεάν.
766 5405 958 5486 Wtirdtwein,
985 5405 1073 5474 subs.
1097 5408 1172 5493 cept.
1197 5404 1258 5487 XI,
1285 5406 1318 5473 S.
1341 5407 1396 5471 54.

1823 5537 1887 5602 38⁸
