5168 6798
1088 441 1156 497 1249
2082 429 2144 494 147

135 647 237 734 sepius
257 645 501 723 commonente,
524 641 661 707 tandem
685 638 916 723 oportunitate
939 659 975 704 se
998 637 1170 720 offerente,
1193 656 1263 702 non
1283 640 1355 702 tam
1369 638 1556 722 petentium
1573 637 1828 721 importunitate
1843 639 1931 720 victi,
1958 661 2059 725 quam
2075 644 2145 709 zelo

135 752 251 824 iusticie
273 769 312 815 ac
334 749 445 815 divine
468 747 606 813 ultionis
629 765 690 830 pro
713 745 911 829 negligentia
933 745 1016 811 moti
1038 748 1166 811 terrore
1189 743 1322 811 monitis
1346 745 1379 810 et
1394 743 1549 828 precibus
1565 745 1724 827 predictis
1741 747 1919 812 annuimus
1935 748 2022 814 etin
2039 751 2144 817 Hem-

134 859 312 930 mincbereu
335 858 369 921 et
392 855 556 921 Herthem
578 851 733 934 decimas,
758 871 842 934 quas
866 850 1041 917 Heinricus
1065 855 1099 918 et
1123 849 1314 916 Woltherus
1337 851 1455 916 tratres
1480 851 1706 934 cognominati
1729 852 1904 937 Simplices
1927 875 1948 919 a
1969 856 2147 940 predeces-

134 967 251 1036 soribus
285 963 408 1029 nostris
441 960 476 1025 in
503 961 603 1027 feudo
630 961 793 1027 tenebant
818 961 853 1026 et
879 959 1024 1042 acceptis
1053 956 1287 1042 asupradicto
1322 957 1469 1040 capitulo
1497 959 1604 1024 sancti
1626 957 1760 1025 Martini
1788 961 2002 1044 septuaginta
2026 965 2145 1029 marcis

133 1071 220 1142 nobis
241 1069 463 1152 resignarunt,
486 1067 597 1134 eidem
620 1067 764 1150 capitulo
787 1067 824 1132 in
847 1063 1190 1147 recompensationem
1214 1062 1283 1129 vini
1307 1065 1488 1148 supradicti
1513 1067 1546 1129 et
1561 1066 1776 1150 quorundam
1800 1068 2055 1152 subtractorum,
2079 1091 2147 1153 que

133 1178 220 1248 simul
241 1177 435 1258 computata
457 1174 501 1240 ad
524 1173 769 1240 estimationem
792 1172 1034 1257 quinquaginta
1055 1189 1244 1235 marcarum
1267 1171 1300 1235 et
1323 1171 1466 1254 amplius
1491 1172 1731 1254 ascendebant,
1756 1175 1940 1239 cumomni
1958 1175 2146 1259 integritate

132 1283 317 1352 donavimus
351 1281 458 1347 tocius
486 1279 620 1364 capituli
643 1279 748 1344 nostri
770 1278 947 1343 accedente
970 1296 1148 1356 consensu,
1182 1277 1229 1342 ita
1260 1280 1383 1359 tamen,
1419 1279 1512 1360 quod
1533 1277 1624 1344 idem
1650 1279 1833 1363 capitulum
1855 1281 1965 1363 gracia
1988 1302 2147 1366 compen-

132 1389 257 1459 sationis
291 1388 398 1472 ipsius
434 1386 527 1453 dedit
559 1384 655 1451 nobis
690 1385 806 1468 viginti
840 1383 990 1469 quinque
1025 1402 1164 1464 marcas,
1199 1401 1284 1466 quas
1319 1383 1354 1447 in
1385 1383 1562 1449 utilitatem
1597 1385 1737 1450 ecclesie
1773 1389 1887 1451 nostre
1921 1389 2147 1454 convertimus

131 1495 277 1566 solutioni
312 1496 478 1560 bonorum
504 1493 540 1558 in
562 1493 805 1575 Vunnestorpe,
840 1511 906 1575 que
935 1490 1092 1556 trecentis
1121 1491 1242 1554 marcis
1272 1492 1353 1555 tunc
1384 1492 1664 1573 comparavimus,
1696 1491 1877 1558 adicientes
1901 1494 2045 1559 easdem.
2093 1494 2147 1560 Ad

130 1607 240 1671 horum
273 1605 473 1686 perpetuam
505 1598 662 1664 noticiam
692 1598 883 1682 presentem
911 1596 1067 1680 peginam
1090 1599 1206 1662 nostro
1229 1598 1263 1660 et
1287 1597 1424 1662 ecclesie
1446 1600 1561 1663 nostre
1585 1597 1708 1680 sigillis
1733 1591 1889 1664 duximus
1912 1601 2146 1667 roborandam.

130 1713 241 1776 Datvun
263 1728 354 1774 anuo
378 1706 512 1773 Domini
535 1704 886 1779 M⁰.CG⁰.XL⁰.VHII⁰.,
908 1703 1011 1769 X1110.
1034 1701 1202 1768 Kalendas
1226 1703 1433 1768 Decembris.

255 1813 311 1881 Or.
334 1818 379 1879 im
401 1809 602 1899 1195555
629 1811 777 1888 Mirator,
801 1833 826 1875 a.
844 1809 965 1874 Martia
986 1811 1021 1872 in
1045 1807 1172 1873 Mandat
1194 1805 1254 1872 Nr.
1274 1805 1325 1872 10.
1372 1806 1434 1874 Die
1462 1809 1569 1874 beiden
1592 1807 1695 1896 Siepcl
1716 1809 1806 1875 nabar
1827 1811 1886 1875 den
1909 1810 2147 1898 3515595595-

334 1920 488 1984 scharim
515 1917 567 1984 ab.
613 1917 674 1983 Die
703 1915 850 1981 Urlcundc
876 1919 993 1980 stimme
1017 1915 1086 1995 fast
1111 1915 1248 1978 5565111515
1275 1918 1333 1979 mit
1364 1913 1421 1982 Nr.
1446 1914 1513 1979 488
1543 1916 1678 1983 tiberem.
1727 1917 1802 2003 Aus
1820 1917 1876 1982 der
1900 1916 2061 1983 Rrielraev'te
2091 1939 2148 1982 oen

333 2024 432 2090 Hand
454 2026 507 2089 dea
529 2024 580 2090 15.
596 2021 669 2088 Jt.:
692 2025 801 2109 Super
823 2024 968 2089 decimas
991 2023 1026 2086 in
1043 2021 1307 2104 Hemmingbern
1323 2025 1357 2086 et
1374 2023 1548 2103 Harthem,
1572 2023 1722 2088 5555555·
1743 2045 1802 2088 oon
1816 2021 1915 2087 Hand
1936 2025 1990 2089 dea
2009 2023 2060 2088 17.
2075 2024 2148 2089 Ji..-

333 2133 538 2218 permutatio
562 2151 664 2215 super
687 2131 889 2214 Hengberen
912 2132 945 2195 et
969 2130 1124 2194 Hartum.

1094 2293 1183 2370 514.

126 2422 379 2495 Wedekindus
407 2421 627 2494 Advocatus
656 2419 702 2492 de
730 2418 862 2491 Monte
894 2419 1007 2509 Zerepe
1039 2420 1077 2490 in
1104 2419 1168 2490 der
1203 2417 1366 2492 Urkuede
1392 2420 1453 2491 des
1479 2419 1634 2511 Hereops
1662 2419 1784 2493 Albert
1808 2443 1872 2493 555
1899 2421 2047 2494 Scctsea
2084 2421 2148 2512 fair

778 2525 837 2597 Kl.
866 2525 1024 2599 155555.
1079 2523 1182 2597 1249
1209 2524 1398 2598 December
1424 2524 1484 2598 31.

250 2641 349 2710 Neela
375 2645 443 2711 dem
467 2644 523 2708 Or.
551 2645 596 2708 im
617 2643 736 2707 Aratio
766 2644 818 2708 dea
840 2641 894 2707 Kl.
918 2640 1052 2708 Locccm
1083 2643 1171 2729 pede.
1201 2667 1229 2706 a.
1252 2640 1448 2729 Hodeaberp,
1486 2641 1688 2731 Calenberper
1717 2641 1784 2710 UB.
1815 2643 1913 2711 Atat.
1939 2641 2004 2724 ΙΙΙ,
2043 2644 2078 2711 8.
2102 2645 2147 2710 95

334 2749 396 2816 Nr.
425 2750 497 2830 131,
523 2749 636 2838 Repe-rt
665 2749 769 2832 Weatfl
793 2748 1056 2814 Proanziatsslt
1083 2746 1126 2828 ΙΙ,
1150 2747 1181 2827 l,
1209 2748 1244 2814 8.
1267 2747 1313 2814 39
1335 2748 1398 2814 Nr.
1422 2748 1476 2814 18.

1090 2929 1179 3008 515.

125 3058 245 3150 Grdfin
272 3059 444 3132 Adellteid
469 3081 535 3131 555
562 3057 792 3149 Raoeasberp,
819 3056 876 3130 die
904 3055 1040 3146 655155
1066 3056 1184 3147 Adolf
1203 3058 1276 3129 aad
1302 3057 1436 3148 Dadols
1460 3080 1523 3130 voa
1551 3059 1680 3132 Dessel
1697 3061 1769 3132 aad
1795 3059 1988 3150 thdrond,
2019 3059 2149 3152 Propst

123 3188 183 3239 voc
222 3167 360 3258 Erga,
400 3165 575 3237 Domleerr
607 3167 645 3236 ia
679 3163 907 3254 Mapdelrcrp,
946 3164 1137 3342 cegsicdtbtseta
1176 3164 1406 3344 minema
1446 3165 1507 3236 dea
1550 3165 1609 3237 Iti.
1649 3165 1896 3238 Homerslebea
1936 3165 2009 3256 aas
2038 3167 2148 3240 Gtter

224 3389 345 3456 Testes
369 3390 469 3456 huius
492 3389 542 3454 rei
564 3390 658 3455 sunt:
681 3387 896 3454 Burchardus
919 3387 1157 3471 vicedominus
1180 3389 1345 3454 Vulradus
1369 3389 1559 3473 prepositus
1581 3390 1814 3472 Walbicensis,
1838 3390 1987 3456 canonici
2012 3391 2148 3456 maioris

123 3495 268 3579 ecclesie,
297 3495 490 3563 Bernartius
513 3496 708 3580 prepositus
730 3495 766 3560 in
790 3494 984 3579 Nuendorp,
1013 3495 1205 3561 Gerhardus
1229 3496 1444 3579 cappellanus
1467 3497 1617 3581 episcopi
1645 3497 1938 3581 Merseburgensis,
1970 3498 2146 3564 Harvvicus

123 3603 302 3669 canonicus
325 3601 555 3684 WalbicensiS,
579 3602 717 3668 milites:
743 3602 967 3667 Theodericus
991 3602 1033 3668 de
1057 3601 1244 3684 Ottenleve,
1269 3601 1383 3667 Bruno
1407 3605 1442 3667 et
1466 3601 1598 3668 Olricus
1621 3606 1654 3668 et
1670 3603 1843 3669 Conradus
1860 3605 1902 3669 de
1918 3604 2147 3686 Hemersleve,

124 3707 280 3775 Hin1·icus
304 3710 347 3776 de
370 3710 533 3788 Sehusen
557 3708 742 3774 Fridericus
766 3711 800 3774 et
823 3708 948 3774 Simon.

253 3813 352 3881 Gedr.
378 3813 531 3880 Zeitaclrr.
555 3812 582 3894 1,
609 3812 642 3881 S.
668 3812 742 3894 193,
766 3812 881 3901 Repeat
902 3813 1019 3893 Kranae,
1044 3813 1150 3880 Geaelr.
1168 3815 1198 3881 d.
1215 3811 1269 3880 Kz.
1286 3812 1510 3880 Homerrleben
1534 3813 1568 3880 8.
1595 3815 1645 3882 13.
1693 3814 1809 3882 Dicaea
1837 3812 1979 3881 Verzr'cirt
2001 3815 2150 3903 beatdtr'pt

335 3918 423 3985 1250
445 3920 583 3986 Oktober
603 3919 649 3984 22
671 3920 809 3998 Beseleof
828 3921 996 3986 Mciakord
1016 3943 1073 3986 555
1095 3919 1310 3999 1151555551,
1344 3921 1430 4007 pede.
1457 3919 1608 4004 Sclanidt,
1640 3920 1710 3986 UB.
1734 3924 1788 3988 der
1810 3921 1986 4009 Hoeicatcfte
2010 3921 2147 3988 Halter-

333 4028 418 4093 atadt
439 4025 481 4091 ΙΙ
498 4026 612 4112 (Publi.
636 4049 695 4092 cua
717 4027 776 4093 den
798 4025 925 4094 Prema.
950 4025 1145 4093 Stcalrarcle.
1170 4025 1268 4112 XXI)
1296 4025 1330 4092 8.
1356 4025 1420 4090 113
1443 4024 1504 4092 Nr.
1528 4026 1606 4093 828.
1661 4025 1730 4115 Vqr.
1754 4029 1814 4092 das
1837 4027 1915 4115 Rep.
1942 4026 1991 4094 ha·
2011 4053 2039 4094 5.
2064 4030 2148 4093 Met-

333 4135 472 4212 veratedt,
508 4133 607 4222 Repp.
639 4134 774 4220 5551555.
804 4131 950 4219 51595155,
984 4130 1026 4212 ΙΙ,
1064 4132 1098 4201 8.
1126 4131 1195 4198 670
1224 4131 1286 4198 Ne.
1318 4132 1412 4199 1272.
1471 4132 1534 4199 Die
1567 4132 1693 4215 Grafen
1725 4160 1754 4199 5.
1783 4133 1900 4200 Daarel
1933 4136 2005 4200 sind
2037 4132 2148 4220 Neffen

333 4242 390 4307 der
412 4239 534 4325 Grdlia.

1091 4367 1180 4445 516.

119 4493 219 4586 Graf
237 4495 381 4570 Johoaa
408 4517 470 4568 von
497 4494 734 4588 Sedcambcrp
760 4495 933 4585 detondet,
961 4496 1044 4567 dass
1079 4493 1252 4584 Wolfrcm
1278 4515 1343 4565 555
1370 4493 1501 4567 Bierde
1529 4492 1715 4590 (Birethe)
1745 4497 1819 4568 eleae
1837 4495 1933 4585 Herse
1959 4497 1998 4568 in
2016 4493 2148 4569 Bierde

741 4602 818 4674 dem
846 4601 907 4676 Kl.
935 4601 1084 4673 Leccam
1109 4600 1270 4690 55155511
1296 4600 1364 4672 hot.
1419 4605 1526 4679 1249.

253 4717 456 4786 (15155555
479 4719 548 4784 dem
570 4717 742 4784 Loecremer
762 4719 884 4806 Kopiar
908 4717 943 4783 8.
965 4716 1033 4782 235
1054 4716 1117 4786 Nr.
1140 4715 1209 4783 373
1230 4741 1258 4783 a.
1280 4715 1477 4805 Hodcnberp‚
1504 4717 1711 4805 Calenberper
1739 4717 1807 4787 UB.
1832 4719 1930 4788 Abila.
1955 4717 2018 4800 ΙΙΙ,
2046 4719 2079 4786 8.
2101 4718 2147 4786 90

333 4825 394 4890 Ν5.
419 4825 493 4894 122.
540 4825 657 4892 Bierde
683 4823 718 4894 O.
745 4824 964 4913 Peteralrcpen.

1094 4968 1179 5048 517.

114 5094 185 5169 Dic
213 5097 360 5171 Bratder
385 5097 545 5171 Dtetricle
571 5099 644 5171 aad
671 5097 821 5171 Konrcd
847 5097 948 5188 Spole
977 5097 1181 5186 5555155955
1214 5096 1292 5168 dem
1324 5097 1384 5168 Kl.
1412 5097 1559 5170 lorcam
1593 5097 1668 5170 ihre
1700 5097 1906 5189 Anrpracte
1937 5100 2010 5188 auf
2037 5097 2148 5171 Gr'tler

851 5206 889 5275 in
917 5204 1056 5279 Bierde.
1114 5202 1153 5275 O.
1179 5203 1214 5275 J.
1243 5200 1413 5296 (12493).

250 5319 367 5408 Repeet
387 5321 469 5387 noeis
491 5321 560 5386 dem
581 5319 751 5387 Loecunwr
772 5321 893 5409 chiar
921 5347 947 5387 a.
972 5319 1169 5407 Hodenberp
1201 5319 1407 5409 Calecberper
1434 5320 1507 5386 ΠΒ.
1540 5320 1633 5388 Atat.
1660 5319 1723 5401 ΙΙΙ,
1749 5320 1783 5387 8.
1807 5320 1852 5386 89
1874 5320 1936 5390 Ne.
1962 5321 2037 5388 117.
2084 5321 2148 5388 Die

331 5427 464 5494 Bracari
481 5427 571 5516 Spole
593 5429 667 5494 aare
689 5427 866 5493 1243-52
887 5427 1110 5508 nortweisbcr,

1870 5557 1932 5623 19·
