5086 6768
441 423 511 490 402
1405 444 1474 499 1282

447 639 487 701 ut
509 635 581 718 ipse
605 637 775 718 superstes
799 635 840 699 de
869 634 934 700 illis
958 635 1090 701 ordinet
1113 638 1202 720 quod
1225 635 1290 703 sibi
1320 639 1420 703 fuerit
1443 641 1654 721 oportunum.
1701 640 1768 705 Sed
1797 659 1837 704 eo
1865 640 2046 706 decedente
2070 642 2111 706 de
2139 643 2330 710 memoratis
2350 645 2454 728 uiginti

446 741 566 806 marcis
589 739 854 807 consolacionem
886 741 983 806 faciet
1015 741 1159 806 dominis
1193 741 1391 823 aviariis,
1426 746 1527 826 prout
1553 746 1634 810 tuuc
1668 745 1730 810 sibi
1760 747 1793 810 et
1822 746 1919 811 nobis
1946 747 2054 812 visum
2088 747 2187 813 fuerit
2219 749 2381 831 expedire.
2422 753 2454 818 ln

444 846 540 911 cuius
563 847 611 911 rei
635 847 862 911 testimonium
886 845 1029 930 sigillum
1044 848 1197 913 nostrum
1219 849 1433 931 presentibus
1457 852 1508 914 est
1524 869 1721 933 appensum.
1755 851 1877 916 Datum
1894 871 1982 917 anno
1998 852 2129 918 Domini
2143 853 2453 937 mucetum.

443 953 481 1016 in
505 955 621 1017 octava
644 952 883 1037 assumptionis
905 953 1004 1017 beate
1027 952 1171 1036 virginis.

662 1056 684 1126 ¹)
699 1073 789 1110 annua
801 1057 835 1110 A.
874 1057 896 1124 ⁹]
911 1059 964 1125 ipsi
976 1056 1010 1113 A.
1049 1056 1072 1127 ⁸)
1086 1057 1232 1110 donatorits
1245 1057 1278 1114 A.
1318 1057 1340 1125 Ι1
1353 1058 1477 1112 denarios
1490 1058 1524 1112 A.
1562 1058 1839 1128 ⁶)lt'berpesclriebcn
1854 1061 1889 1116 A.
1927 1061 2250 1132 ⁸)tllerpcsclriebeurl.
2290 1065 2454 1134 querelari.

580 1144 719 1230 Konaept
739 1147 813 1209 oder
826 1145 913 1209 nicht
926 1146 1111 1230 oollzoqencs
1131 1144 1185 1210 Or.
1214 1147 1275 1229 auf
1287 1144 1416 1210 lcleinem
1434 1145 1773 1232 Perpamentdldtlclcn
1794 1153 1838 1212 im
1855 1149 1926 1235 Kpl.
1946 1149 2051 1216 sn-A.
2079 1173 2118 1215 zu
2138 1153 2288 1230 Mdmter,
2311 1151 2455 1218 Feruens.

658 1252 786 1316 Miuden
808 1249 870 1317 Nr.
894 1249 939 1314 53
962 1251 1033 1335 (A).
1080 1249 1174 1316 Gedr.
1205 1249 1403 1318 Wdrdtweln.
1430 1251 1623 1338 8116161111.
1648 1251 1690 1332 X,
1717 1253 1751 1318 S.
1774 1253 1829 1333 35,
1855 1259 2078 1341 maupeweise
2099 1281 2128 1320 u.
2144 1257 2278 1343 Aapem,
2302 1257 2374 1323 Cod.
2390 1261 2454 1344 depl.

659 1355 829 1422 Sclzoucnb.
857 1356 890 1424 8.
914 1356 982 1422 285
1009 1356 1068 1424 Nr.
1095 1354 1159 1420 163
1167 1357 1195 1436 6,
1241 1356 1469 1442 Wippermann,
1499 1357 1597 1444 Repu.
1632 1357 1800 1424 Sclaumb.
1832 1360 1865 1426 8.
1891 1360 1955 1427 107
1985 1360 2047 1426 Nr.
2070 1361 2145 1427 220.
2186 1363 2299 1448 Repest
2320 1365 2395 1428 Mer.
2417 1363 2456 1442 ll,

658 1460 750 1526 189α
774 1461 832 1529 Nr.
858 1461 933 1541 734,
958 1461 1070 1540 Hasce,
1098 1461 1521 1529 sellem-Holoc-Lacenb.
1548 1463 1643 1549 Repp.
1669 1489 1699 1531 u.
1730 1464 1823 1530 Urltlc.
1849 1465 1893 1544 ll,
1918 1464 1959 1532 S:
1975 1463 2042 1528 246
2065 1465 2124 1533 Nr.
2146 1467 2223 1533 621.
2263 1466 2342 1552 Vpl..
2365 1493 2457 1552 crepes

655 1571 711 1634 der
735 1569 878 1654 Stfflunp
901 1571 957 1634 der
984 1568 1112 1633 Vlloarie
1135 1570 1215 1632 auelz
1238 1569 1315 1634 oben
1338 1567 1397 1633 Nr.
1422 1567 1496 1635 419.

1400 1783 1512 1860 1260.

444 1913 592 2001 Biscbof
625 1912 769 2002 Volqcn'n
795 1933 859 1981 uon
887 1911 1038 1982 Mindon
1065 1909 1237 1998 belundo,
1266 1911 1349 1980 dass
1376 1910 1440 1982 das
1465 1910 1684 2000 Domlopltel
1710 1912 1784 1982 elne
1809 1933 1873 1982 con
1900 1911 1964 1984 der
1989 1900 2147 1984 1111133111
2173 1936 2239 1984 von
2258 1915 2457 1986 Mollenberl:

535 2041 579 2090 an
605 2017 766 2090 colelcndc
790 2017 957 2104 jdlrrllclre
984 2017 1094 2088 Reate
1121 2038 1185 2087 nus
1212 2016 1419 2088 Lolcnlmnd
1444 2016 1709 2106 rnrdclpelconfl
1735 2018 1801 2093 hut.
1857 2019 2007 2090 Mindcn
2033 2023 2132 2092 1282
2158 2021 2294 2110 Anpust
2320 2024 2379 2092 25.

552 2154 738 2235 Volquinus
763 2152 823 2217 Dei
847 2153 956 2235 gracia
978 2151 1160 2215 blindensis
1185 2151 1361 2234 episcopus
1385 2151 1563 2232 universis,
1589 2151 1711 2234 quibus
1736 2154 1799 2216 hoc
1822 2154 1982 2236 scriptum
2005 2156 2211 2235 pervenerit,
2241 2157 2396 2221 noticiam
2419 2158 2458 2221 rei
2529 2229 2530 2238 .

443 2263 545 2344 geste.
592 2259 725 2323 Terrore
748 2257 959 2340 presencium
983 2257 1247 2339 recognoscendo
1270 2256 1403 2340 publice
1426 2259 1661 2338 protestamur,
1686 2259 1777 2339 quod
1801 2258 1912 2323 dilecti
1936 2259 2042 2322 nostri
2058 2261 2204 2324 decanus
2229 2264 2263 2325 et
2285 2263 2457 2344 capitulum

443 2368 582 2431 ecclesie
605 2367 719 2429 nostre
742 2364 843 2428 trium
865 2362 1067 2428 talentorum
1099 2363 1249 2427 redditus
1277 2381 1337 2444 per
1365 2362 1591 2428 venerabilem
1616 2363 1786 2428 dominam
1814 2364 2018 2429 abbatissam
2040 2365 2303 2430 Molenbecensis
2328 2369 2457 2432 ecclesie

441 2473 477 2536 in
499 2471 586 2536 sesto
610 2469 758 2552 Dyonisii
781 2469 877 2534 anuis
901 2468 1040 2550 singulis
1065 2468 1283 2534 exsolvendos
1308 2470 1348 2533 de
1371 2487 1473 2533 manu
1497 2468 1606 2532 laicali
1630 2469 1715 2533 datis
1742 2469 1857 2552 viginti
1879 2471 1999 2535 marcis
2022 2469 2215 2535 Bremensis
2239 2475 2368 2554 argenti
2391 2493 2457 2536 curn

440 2581 555 2644 nostro
585 2595 749 2642 consensu
778 2578 810 2640 et
838 2574 1047 2656 beneplacito
1082 2571 1296 2638 redemerunt
1327 2572 1465 2655 pacifice
1496 2574 1728 2656 possidendos,
1764 2575 1869 2640 donec
1898 2595 1960 2639 nos
1988 2580 2047 2641 aut
2080 2575 2201 2659 aliquis
2237 2597 2457 2643 successorum

440 2687 633 2749 nostrorum
666 2681 908 2747 restituerimus
938 2679 1116 2762 pecuniam
1146 2681 1423 2762 suprascriptam,
1451 2681 1485 2744 et
1513 2682 1594 2743 tunc
1624 2679 1745 2762 prelati
1772 2681 1923 2745 redditus
1954 2681 2057 2744 nostri
2089 2682 2241 2748 absolute
2272 2684 2315 2748 ad
2340 2705 2399 2750 nos
2426 2703 2458 2746 ac

443 2789 547 2854 libere
572 2789 791 2853 revertentur.
837 2785 875 2849 In
900 2786 994 2848 cuius
1022 2787 1070 2849 rei
1095 2785 1322 2849 testimonium
1350 2785 1414 2848 hoc
1443 2785 1603 2867 scriptum
1631 2785 1738 2868 sigillo
1770 2787 1885 2849 nostro
1916 2787 2067 2851 dedimus
2095 2789 2298 2853 roboratum.
2346 2790 2458 2854 Datum

441 2895 553 2959 Minde
577 2913 665 2956 anuo
688 2891 822 2958 Domini
845 2890 1171 2972 M⁰.CC⁰.LXXXII⁰.,
1198 2889 1288 2955 11ΙΙΙ0
1311 2891 1480 2954 Kalendas
1504 2891 1718 2972 Septembris

576 2997 711 3061 Abschr.
737 2999 790 3062 des
815 2996 866 3059 14.
890 2996 1001 3059 lauru.
1025 2999 1059 3058 ln
1082 2997 1158 3060 lllsc.
1190 2992 1261 3074 Vll,
1286 2994 1372 3058 2401
1397 2992 1429 3060 S.
1453 2993 1476 3058 9
1497 2997 1541 3057 im
1565 2995 1635 3080 llpl.
1664 2995 1767 3058 81.-Α.
1791 3018 1829 3059 zu
1845 2995 1994 3062 transcen.
2033 2996 2127 3062 θεάν.
2153 2995 2351 3074 Wrirdtacein,
2378 2997 2456 3062 Sul-r.

652 3105 727 3189 dipl.
753 3100 813 3182 XI,
839 3101 913 3167 106.
950 3101 1064 3187 Repest
1085 3102 1162 3165 Mac.
1188 3100 1232 3180 ll,
1258 3099 1351 3164 189α
1374 3099 1434 3167 Nu.
1458 3099 1535 3182 520,
1580 3099 1804 3186 Wippmmonn,
1837 3100 1934 3187 Repp.
1961 3100 2128 3169 Sclaumb.
2156 3101 2190 3166 S.
2216 3101 2281 3168 107
2304 3102 2367 3165 Nr.
2389 3102 2457 3165 221.

1395 3315 1502 3394 1261.

438 3445 494 3518 lll.
523 3447 645 3518 Laide
672 3445 784 3516 mocll
816 3446 880 3515 rull
911 3445 988 3515 dem
1016 3443 1235 3533 Domlcnpllel
1268 3444 1306 3512 iu
1334 3441 1484 3512 Mludcn
1518 3443 1615 3512 einen
1642 3441 1909 3514 Hdaserlunscb.
1965 3443 2086 3514 Loluie
2114 3441 2219 3514 1282
2246 3443 2385 3532 Aupusl
2411 3447 2459 3516 31.

551 3562 816 3628 Honorabilibus
839 3561 983 3626 dominis
1007 3561 1077 3624 suis
1101 3559 1215 3625 Ottoni
1238 3560 1420 3641 preposite,
1445 3559 1600 3623 Conrado
1625 3560 1752 3624 decano
1782 3562 1816 3623 et
1839 3561 1983 3644 capitulo
2005 3561 2171 3626 Miudensi
2195 3581 2289 3624 soror
2311 3563 2461 3626 lohanna

442 3669 575 3736 humilis
598 3669 758 3751 priorissa
781 3669 815 3732 et
837 3670 1019 3731 conventus
1048 3685 1199 3729 sororum
1227 3665 1432 3729 inclusarum
1463 3663 1498 3728 in
1522 3664 1660 3730 Lodhen
1689 3666 1876 3730 orationum
1903 3667 2102 3730 munuscula
2130 3667 2337 3731 devotarum.
2387 3670 2461 3732 Per·
2529 3671 2530 3712 l

443 3776 662 3840 mutationem
687 3774 907 3857 quorumdam
931 3772 1124 3854 prediorum
1145 3770 1318 3836 vobiscum
1340 3771 1461 3835 factam
1484 3772 1653 3852 gratanter
1677 3772 1711 3834 et
1737 3771 1886 3836 hilariter
1909 3773 2121 3855 acceptantes
2145 3772 2281 3837 domum
2303 3793 2408 3837 unam
2430 3775 2461 3836 iu

440 3881 604 3945 Wulbeke
628 3898 702 3944 cum
726 3880 823 3961 agris
846 3879 954 3962 pratis
978 3881 1011 3942 et
1036 3877 1191 3941 omnibus
1214 3876 1257 3940 ad
1281 3896 1353 3942 eam
1377 3875 1633 3958 pertinentibus,
1658 3895 1759 3957 quam
1781 3876 1944 3942 haetenus
1968 3877 2107 3942 anobis
2131 3878 2331 3961 Rodolphus
2357 3879 2461 3943 dietus

440 3987 560 4051 Croich
583 3986 656 4050 iure
680 3985 802 4050 feodali
825 3986 988 4064 tenuerat,
1012 3985 1048 4048 in
1073 3982 1247 4048 ecclesiam
1269 3984 1414 4047 vestram
1437 3980 1681 4061 transierimus,
1704 3983 1741 4045 ut
1765 3982 1806 4046 de
1829 4001 1931 4047 manu
1954 3985 2073 4063 vestra,
2098 3983 2207 4068 O(tt0)
2230 3983 2367 4049 domine
2390 4005 2463 4066 pre-

440 4092 561 4174 posite,
584 4093 754 4170 teneatur3
778 4089 957 4172 recipimus
981 4091 1093 4153 autem
1109 4107 1129 4152 a
1144 4087 1239 4152 vobis
1256 4107 1274 4150 e
1291 4107 1451 4152 converso
1476 4087 1611 4153 domum
1634 4105 1735 4150 unam
1755 4087 1791 4150 in
1806 4086 1977 4152 Wrilodhe
2000 4107 2076 4152 eum
2100 4088 2185 4171 ugus
2209 4090 2337 4154 suiset
2361 4093 2461 4172 pratis
2529 4163 2530 4168 ἵ

440 4199 473 4260 et
496 4196 652 4261 omnibus
676 4196 718 4261 ad
742 4215 816 4259 eam
845 4195 1100 4279 pertinentibus,
1124 4212 1223 4277 quam
1250 4192 1292 4257 de
1315 4211 1418 4257 manu
1445 4191 1609 4276 prepositi
1632 4192 1816 4257 Miudensis
1840 4193 2009 4258 lohannes
2033 4196 2066 4257 et
2090 4193 2312 4260 Godescalcus
2342 4197 2461 4260 milites
2529 4205 2530 4216 ¹

440 4301 522 4367 dicti
547 4301 715 4386 Selekopp
739 4301 774 4367 in
796 4301 894 4366 feodo
916 4301 1109 4365 tenuerunt.
1155 4300 1201 4363 Ut
1223 4298 1323 4380 igitur
1345 4297 1534 4362 huiusmodi
1564 4297 1704 4362 mutatio
1727 4299 1800 4361 rata
1822 4317 1955 4381 semper
1986 4300 2019 4363 et
2042 4300 2237 4365 inconvulsa
2259 4307 2462 4384 permaneat

441 4427 581 4491 presens
616 4406 777 4489 scriptum
811 4406 890 4470 inde
919 4405 1105 4470 conlectum
1134 4403 1241 4486 sigillo
1273 4403 1379 4467 nostri
1406 4405 1589 4468 conventus
1617 4402 1755 4466 fecimus
1783 4404 1990 4468 communiri.
2041 4406 2163 4471 Datum
2198 4407 2340 4472 Lodhen
2376 4427 2460 4473 anno
2529 4409 2530 4430 ¹

438 4512 573 4576 Domini
596 4511 772 4577 millesimo
796 4513 1026 4577 ducentesimo
1050 4508 1276 4592 octuagesimo
1300 4509 1456 4589 secundo,
1481 4509 1628 4574 secundo
1650 4508 1819 4574 Kalendas
1843 4509 2060 4592 Septembris.

572 4615 664 4680 Naclt
687 4617 755 4680 dean
777 4615 889 4680 Druck
920 4614 1132 4693 Wurdcweim,
1159 4613 1252 4679 Sole.
1269 4614 1345 4698 dubl.
1371 4611 1431 4691 Xl,
1451 4611 1523 4678 106.
1548 4612 1662 4697 Repeat
1682 4637 1710 4678 o.
1727 4611 1923 4699 Hodonhmp,
1950 4613 2155 4701 Calcnberper
2181 4614 2253 4682 UB.
2277 4616 2378 4681 Abiu.
2402 4613 2461 4692 ΙΙΙ,

656 4721 690 4788 8.
714 4719 792 4784 266.
817 4719 880 4786 Nr.
904 4719 979 4785 422.
1004 4720 1117 4806 chcst
1140 4720 1217 4782 Mac.
1241 4716 1288 4802 ll,
1312 4716 1377 4782 189
1385 4741 1406 4782 a
1428 4715 1492 4780 Nr.
1515 4717 1591 4782 500.

1394 4931 1504 5008 1262.

437 5059 634 5135 lohannes
662 5059 862 5132 canonieus
880 5057 1089 5130 Miudensis
1117 5057 1239 5130 dictus
1268 5058 1314 5128 de
1333 5056 1562 5152 Rudenberg
1588 5057 1699 5129 mocbl
1717 5059 1816 5130 nucu
1841 5057 2017 5147 Vcrplclclr
2038 5061 2101 5130 mit
2118 5059 2195 5130 dem
2212 5057 2269 5136 lll.
2290 5060 2461 5131 Porudies

435 5167 491 5239 bei
525 5167 622 5240 Soest
655 5187 768 5256 wcpcn
798 5167 961 5254 penum
994 5165 1176 5254 demutato,
1209 5164 1265 5234 dle
1297 5162 1368 5234 ilem
1401 5162 1473 5252 auf
1499 5164 1697 5253 Kloslcrput
1729 5164 1958 5254 aupcslouden
1990 5163 2107 5236 leuben
2161 5163 2385 5257 Henrilrync
2413 5166 2460 5236 bei

1198 5269 1295 5340 Soest
1321 5271 1421 5341 1282
1448 5269 1644 5360 September
1669 5274 1703 5342 4.

576 5385 630 5451 Or.
653 5390 697 5451 im
719 5385 793 5471 llpl.
820 5383 925 5450 su-A.
948 5407 988 5449 zu
1011 5385 1160 5463 Minister,
1184 5383 1341 5450 Puradlea
1363 5383 1423 5452 Nr.
1446 5383 1501 5449 35.
1548 5387 1740 5468 Heurilrync
1762 5387 1841 5452 neele
1862 5387 1947 5451 herde
1969 5384 2146 5471 Hirterkinp
2169 5385 2211 5449 N.
2234 5385 2328 5454 soen
