5044 6816
1011 479 1079 535 rasa
2007 463 2072 529 235

69 684 137 770 adi)
159 680 316 748 solvenda
349 679 462 746 debita
489 678 629 744 ecclesie
659 678 772 742 nostre
800 697 820 743 a
843 677 1026 742 memorato
1059 677 1271 742 antecessore
1300 678 1415 743 nostro
1446 678 1617 741 contracta
1646 676 1731 740 datis
1759 674 1856 740 nobis
1888 675 2079 760 quingentis

70 789 297 877 quinquaginta
329 787 450 854 marcis
479 788 513 850 et
541 783 684 868 prestito
706 783 803 849 nobis
838 786 872 848 et
901 782 1040 848 ecclesie
1073 783 1188 847 nostre
1222 781 1406 848 secundum
1434 801 1562 848 morem
1596 781 1860 849 ministerialium
1892 782 2080 850 iuramento

68 895 187 979 iidemss)
211 893 305 960 liberi
329 912 403 959 eum
427 891 525 958 bonis
548 891 618 956 suis
646 892 681 955 et
703 889 882 956 heredibus
905 888 1006 973 pleno
1037 892 1070 953 et
1099 887 1249 971 perfecto
1280 888 1352 953 iure
1375 887 1643 954 ministerialium
1673 892 1838 972 perpetuo
1869 894 2081 974 censeantur,

67 1006 107 1070 ita
128 1004 162 1068 ut
183 1001 286 1065 nichil
310 998 454 1083 amplius
478 999 520 1064 ab
544 999 593 1064 eis
616 996 766 1082 exigatur
788 1015 889 1079 quam
913 996 956 1062 ab
980 995 1127 1078 antiquis
1150 993 1421 1062 ministerialibus
1445 995 1584 1062 ecclesie
1600 995 1783 1061 Mindensis
1806 997 1892 1079 exigi
1917 999 2081 1065 hactenus

70 1111 112 1176 est
133 1111 336 1174 consuetum
384 1105 421 1172 Si
445 1125 523 1170 vero
547 1123 684 1170 censum
708 1104 862 1188 regalem,
886 1122 986 1186 quem
1009 1101 1053 1167 ab
1069 1101 1206 1184 antiquo
1224 1101 1304 1167 dare
1327 1103 1581 1182 consueverant,
1605 1101 1648 1166 ab
1672 1102 1730 1184 eia,
1754 1103 1875 1186 quibus
1891 1104 2081 1172 infeodatus

69 1220 122 1296 est,
144 1213 307 1279 redimere
330 1212 506 1293 voluerint,
530 1210 582 1276 vel
605 1210 635 1276 si
650 1209 881 1275 deficientibus
903 1207 1084 1274 heredibus
1100 1207 1238 1274 ecclesie
1261 1227 1379 1274 rueme
1403 1208 1537 1291 ceperit,
1562 1207 1627 1291 ipsi
1650 1208 1715 1272 sibi
1730 1208 1863 1292 prefato
1887 1209 1959 1276 iure
1982 1212 2083 1277 mini-

69 1319 236 1387 sterialium
261 1338 337 1386 cum
361 1317 434 1384 aliis
457 1317 557 1383 bonis
588 1316 657 1382 suis
685 1316 790 1382 libere
813 1316 1005 1381 retinebunt
1033 1333 1095 1380 nec
1118 1315 1232 1399 aliquo
1262 1315 1403 1397 proinde
1426 1313 1525 1378 nobis
1554 1313 1606 1380 vel
1634 1315 1772 1380 ecclesie
1802 1319 1916 1382 nostre
1943 1319 2082 1402 speciali

70 1427 168 1494 debito
191 1426 397 1491 tenebuntur
404 1451 413 1507 3
438 1423 600 1490 debonis
624 1425 736 1488 autem
759 1423 838 1501 suia,
861 1443 938 1506 que,
961 1424 998 1486 ut
1021 1421 1222 1504 premissum
1247 1424 1307 1502 est,
1335 1421 1447 1487 iuius
1471 1423 1504 1485 et
1534 1421 1772 1504 proprietatem
1800 1423 1938 1490 ecclesie
1967 1427 2081 1490 nostre

70 1535 130 1600 iure
152 1531 421 1597 ministerialium
445 1531 612 1596 honorum
636 1530 849 1610 transierunt,
873 1531 965 1595 extra
981 1528 1188 1594 Mindeusem
1211 1527 1385 1594 ecclesiam
1411 1528 1461 1593 rel
1485 1526 1795 1593 comministeriales
1819 1549 1895 1594 suos
1911 1531 2082 1596 vendendi

68 1640 112 1704 rel
133 1638 299 1721 obligandi
334 1658 394 1702 seu
426 1637 576 1721 quolibet
605 1636 671 1704 alio
702 1637 803 1701 modo
838 1635 1006 1702 alienandi
1034 1637 1160 1701 nullam
1187 1653 1324 1718 prorsus
1353 1634 1476 1699 habere
1504 1637 1663 1718 poterunt
1693 1633 1894 1701 facultatem.
1942 1637 1979 1703 Si
2001 1658 2081 1703 vero

67 1748 173 1828 aliquis
196 1745 350 1829 ipsorum
374 1743 535 1810 debonis
559 1745 629 1809 suis
653 1743 852 1826 supradictis
875 1743 1075 1808 contrarium
1103 1741 1344 1825 presumpserit
1373 1744 1585 1825 attemptare,
1614 1741 1688 1826 ipso
1711 1743 1798 1808 facto
1822 1743 1917 1808 cadet
1940 1763 1960 1808 a
1983 1745 2081 1809 bouis

69 1859 95 1916 et
115 1853 227 1918 eadem
258 1853 349 1917 bona
375 1855 491 1915 nostre
519 1851 571 1915 vel
599 1869 829 1915 successorum
860 1853 1050 1914 nostrorum
1079 1849 1260 1914 voluntatis
1293 1848 1431 1914 arbitrio
1458 1848 1704 1932 relinquuntur.
1751 1848 1791 1913 Et
1819 1870 1862 1915 ne
1890 1851 2081 1935 superbiis

68 1959 150 2024 alicui
172 1958 316 2042 litigiose
339 1958 392 2022 vel
416 1957 646 2040 calumpuiose
669 1956 853 2039 questionis
877 1956 1053 2038 scrupulus
1078 1956 1212 2038 oriatur,
1236 1975 1376 2039 presens
1399 1955 1559 2039 scriptum
1576 1976 1679 2039 super
1702 1956 1871 2038 premissis
1895 1957 2082 2023 confectum

68 2066 157 2130 nostri
180 2067 213 2130 et
237 2065 320 2130 dicti
343 2064 482 2147 capituli
505 2063 626 2144 nostri,
655 2063 785 2146 collegii
808 2063 913 2128 sancti
936 2061 1085 2128 Maurieii
1107 2062 1143 2128 in
1165 2062 1292 2138 Insula,
1328 2061 1433 2127 sancti
1456 2062 1607 2142 Martini,
1636 2063 1743 2127 saneti
1766 2063 1928 2129 iohannis
1952 2065 2081 2149 capitu-

68 2173 170 2248 lorum,
194 2175 381 2236 conventus
406 2173 521 2236 sancte
544 2171 646 2236 Maria
671 2175 703 2235 et
727 2171 903 2236 consulum
926 2169 1109 2235 Mindensis
1133 2170 1274 2235 civitatis
1298 2169 1412 2252 sigillis
1436 2168 1635 2234 communiri
1659 2168 1797 2234 fecimus
1820 2171 1857 2236 in
1879 2172 1983 2236 robur
2005 2192 2082 2256 per-

66 2285 153 2364 petue
175 2278 356 2344 firmitatis
404 2278 522 2342 Testes
545 2277 645 2342 huius
669 2278 716 2342 rei
740 2279 832 2341 sunt:
869 2277 948 2342 ouo
972 2277 1162 2360 prepositus
1186 2276 1308 2354 maior,
1344 2276 1535 2341 Gherardus
1561 2277 1717 2354 decanus,
1741 2276 1951 2362 Ludoldus4)
1974 2280 2082 2345 scola·

67 2387 172 2466 sucus,
200 2385 380 2451 Gouradus
406 2385 598 2467 prepositus
633 2384 738 2448 sancti
767 2383 919 2462 Martini,
948 2383 1123 2448 Conradus
1154 2383 1346 2466 prepositus
1374 2382 1481 2447 sancti
1510 2382 1672 2447 lobannis
1701 2385 1735 2448 et
1765 2383 2018 2450 archidiaconus
2046 2386 2082 2450 iu

66 2491 298 2573 Patienhusem
334 2490 530 2573 Ludolplrus
566 2493 680 2556 cantor
714 2493 746 2555 et
771 2491 1033 2569 archydiaconus
1061 2491 1096 2556 in
1119 2487 1355 2574 Aperuerem),
1391 2489 1589 2572 Ludolphus
1622 2489 1885 2568 archydiaconus
1920 2493 1955 2557 in
1979 2493 2080 2575 Osen,

67 2597 210 2662 Hiuricus
235 2600 367 2674 custos,
391 2598 554 2680 Wydeg0,
590 2596 760 2662 lohannes
784 2598 825 2662 de
849 2596 985 2662 Buckeu
1013 2597 1276 2676 archidyaconus
1304 2595 1340 2660 in
1364 2596 1429 2678 L0,
1464 2596 1624 2662 Alhertus
1652 2596 1789 2680 Spriclr,
1825 2597 2016 2663 Gerhardus
2040 2601 2082 2665 de

66 2704 246 2787 Herrordia,
273 2703 504 2788 Reynarduse)
529 2705 571 2769 de
595 2705 688 2785 Slon,
711 2704 881 2770 Arnoldus
906 2703 1167 2785 archidyaconus
1190 2702 1225 2766 iu
1247 2703 1402 2782 Alethen,
1427 2703 1619 2768 Gherardus
1643 2704 1684 2768 de
1707 2702 1885 2786 Bastorpe,
1910 2705 2081 2770 lohannes

68 2809 101 2872 de
123 2809 437 2894 Schouenberghly,
461 2811 542 2877 Otto
567 2814 608 2877 de
632 2812 766 2894 Welpa,
791 2810 983 2876 Gherardus
1009 2812 1050 2876 de
1073 2809 1252 2894 Dylingeu,
1287 2809 1457 2875 Arnoldus
1481 2810 1637 2892 Knycche
1661 2809 1794 2875 maioris
1818 2810 1956 2876 ecclesie
1980 2830 2081 2875 cano-

65 2917 136 2996 nici3
160 2917 283 2981 nobilis
307 2918 356 2981 vir
378 2916 572 2983 Bernardus
596 2919 637 2984 de
663 2918 722 3000 Lu,
746 2919 935 2984 Florentius
958 2917 1164 3001 Wygravius,
1193 2917 1368 2984 Gouradus
1391 2921 1424 2982 et
1447 2916 1645 2982 Tiridericus
1674 2915 1764 2982 filius
1788 2936 1868 2982 suus
1893 2919 1935 2983 de
1960 2918 2081 3002 Ufllen,

66 3020 239 3088 Richardus
256 3024 394 3108 Vulpes,
419 3025 587 3090 Heuricus
611 3028 644 3089 et
667 3024 853 3091 Florentius
877 3024 919 3088 de
942 3024 1169 3105 Dungherden
1190 3023 1319 3100 fratres,
1344 3023 1540 3088 Thidericus
1565 3023 1607 3088 de
1630 3022 1873 3106 Horstholte8),
1898 3025 2081 3090 Rotbertus

65 3131 91 3191 et
111 3128 304 3196 Gherardus
339 3132 458 3198 fratres
482 3133 523 3196 de
548 3129 716 3216 Swege9),
752 3131 918 3196 Henricus
946 3131 988 3196 de
1013 3130 1250 3212 Horneborch,
1286 3130 1501 3196 Helmbertus
1525 3129 1754 3212 Camerarius,
1781 3129 1896 3195 Bruuo
1921 3134 1955 3196 et
1977 3132 2083 3197 Mein-

65 3233 156 3300 iridus
179 3237 221 3301 de
245 3238 453 3320 Speuthove,
476 3235 647 3303 lohannes
671 3238 712 3302 de
735 3236 996 3320 Bareuusenw),
1032 3238 1246 3303 Hermannus
1274 3239 1315 3302 de
1340 3237 1612 3318 Haddeuhuseu,
1647 3236 1858 3302 Everhardus
1887 3237 1929 3302 de
1955 3238 2082 3322 Lynue,

64 3340 246 3408 Erdewinus
274 3344 316 3408 de
339 3343 484 3410 Otllethe
507 3345 645 3424 milites;
680 3343 879 3410 lambertus
902 3344 1027 3410 Kniclre
1035 3344 1086 3428 11),
1111 3343 1358 3426 GhiselbertuS‚
1389 3342 1589 3408 Hartbertus
1612 3343 1701 3408 tilius
1724 3362 1806 3408 suus
1831 3347 1865 3409 et
1891 3344 2082 3410 Gherardus

65 3447 97 3511 de
119 3449 241 3532 Swege,
269 3451 428 3516 Gerlacus
451 3452 493 3516 de
517 3449 779 3534 Gropelinghffl),
804 3451 1000 3534 Ludolphus
1024 3453 1065 3516 de
1089 3450 1243 3534 Echolte,
1269 3451 1433 3515 Henricus
1457 3450 1499 3514 de
1525 3451 1655 3529 Rothe,
1684 3449 1900 3516 Helmbertus
1925 3451 2083 3518 Camera-

64 3553 132 3635 rius,
153 3555 328 3621 Johannes
346 3558 490 3640 Scoben,
515 3558 728 3623 Hermannus
752 3558 794 3622 de
810 3560 921 3623 Rothe
945 3557 1076 3637 famuli3
1098 3558 1280 3623 Wetzelius
1304 3558 1345 3623 de
1362 3556 1578 3639 Rabbereffly,
1603 3556 1827 3622 Godescalcus
1851 3559 1893 3622 de
1910 3559 2082 3642 Borthere,

66 3659 219 3728 Heuricus
243 3665 419 3746 Spruuck,
450 3664 616 3729 Henricus
640 3664 681 3729 de
704 3664 911 3746 Nienborch,
939 3666 1108 3731 iohannes
1133 3665 1174 3729 de
1198 3665 1369 3747 Wymere,
1399 3664 1621 3745 Rudolphus,
1645 3661 1855 3742 Rothardus,
1881 3664 2082 3749 Stephanus

64 3764 214 3834 Hemicus
240 3771 285 3834 de
309 3769 482 3852 Lethelen,
507 3771 698 3852 Wernerus,
723 3771 850 3852 Menke,
874 3771 1073 3854 Ludolphus
1098 3772 1138 3834 de
1156 3771 1259 3836 Hasle
1283 3771 1413 3850 tratres,
1436 3769 1596 3833 Albertus
1621 3768 1662 3833 de
1679 3769 1796 3850 Reme,
1821 3770 2081 3854 HildebranduS,

65 3871 227 3941 Conradus
251 3877 296 3941 de
320 3875 468 3959 Rivo14),
492 3877 683 3943 Gherardus
705 3876 848 3958 Vitulus,
872 3879 1042 3944 iohannes
1067 3879 1108 3942 de
1132 3877 1282 3961 Lapidea
1305 3879 1415 3958 domn,
1439 3875 1643 3956 Gotswinus,
1667 3875 1867 3958 burgenses;
1892 3879 2081 3944 Dethardus

65 3977 299 4068 Dincgreve15),
331 3981 445 4048 Bruno
469 3983 618 4064 clericus
650 3983 857 4064 ThidericuS,
882 3983 1090 4050 Remboldus
1113 3987 1146 4049 et
1169 3982 1327 4048 Thedeke
1349 3983 1391 4046 de
1416 3981 1618 4063 Quemhem,
1643 3981 1843 4066 Rodolphus
1868 3986 1900 4048 et
1928 3984 2082 4050 Andreas

64 4086 98 4148 de
118 4087 346 4170 BrochemW),
382 4088 599 4173 Ludolphus,
632 4090 870 4172 Hildeboldus,
897 4091 1097 4174 Maynardus
1120 4088 1240 4155 fratres
1264 4092 1305 4155 de
1330 4085 1542 4172 Haldumll),
1573 4088 1755 4170 Heuricus,
1780 4089 1947 4172 Siffridus,
1972 4092 2082 4157 Gode-

64 4195 176 4260 scalcus
193 4197 236 4261 de
253 4197 381 4270 Thron.
406 4198 637 4278 Remwardus,
662 4199 861 4282 Rodolphus
885 4198 926 4262 de
948 4197 1160 4281 Opendorpe,
1185 4197 1409 4278 Hermannus,
1433 4195 1604 4261 lohannes
1621 4199 1654 4261 et
1670 4196 1824 4279 Hogerus
1841 4197 1883 4262 de
1900 4199 2082 4264 Stemmes-

63 4299 145 4384 horn,
169 4303 259 4368 cives
285 4304 326 4369 de
351 4304 538 4369 Stemwede
562 4307 595 4369 et
618 4305 675 4371 alii
698 4325 799 4387 quam
822 4305 945 4388 plures.
992 4304 1114 4369 Actum
1142 4307 1175 4369 et
1202 4304 1318 4368 datum
1341 4302 1453 4369 Minde
1482 4322 1570 4367 anuo
1595 4303 1729 4367 Domini
1758 4304 1934 4372 millesimo
1959 4308 2081 4371 ducen-

64 4407 168 4473 tesimo
202 4411 411 4494 sexagesimo
439 4412 550 4492 tertio,
585 4413 704 4494 quarto
734 4411 862 4476 decimo
893 4411 1061 4476 Kalendas
1091 4411 1180 4476 Julii.
1227 4410 1269 4475 Et
1295 4431 1355 4493 ego
1386 4410 1541 4475 Elbertus
1572 4409 1763 4492 prepositus
1795 4411 1837 4476 de
1866 4411 2010 4496 Burlage
2037 4415 2081 4480 ad

62 4511 243 4582 instantiam
267 4517 484 4583 honestorum
507 4517 652 4584 virorum
676 4517 942 4583 ministerialium
965 4518 1001 4582 in
1025 4518 1213 4583 Stemwede
1240 4516 1346 4600 sigillo
1371 4516 1509 4600 proprio
1539 4517 1730 4599 presentem
1753 4517 1882 4602 copiam
1906 4519 2080 4586 collectam

64 4617 97 4683 de
124 4623 297 4707 privilegio
335 4624 560 4706 predictorum
599 4625 746 4688 viromm
778 4627 812 4689 et
843 4623 1064 4705 conscriptam
1095 4625 1137 4688 de
1167 4624 1270 4689 verbo
1302 4624 1344 4688 ad
1372 4623 1511 4688 verbum
1544 4623 1606 4689 leci
1638 4623 1775 4706 sigillari
1809 4624 1844 4690 in
1880 4625 2080 4692 evidentiam

63 4729 260 4810 ampliorem.

269 4853 291 4924 ¹)
310 4854 401 4908 talbiis
430 4853 461 4911 W.
500 4855 523 4925 ⁸)
542 4855 704 4908 absolvenda
731 4853 764 4912 W.
802 4853 825 4926 Ι)
844 4854 913 4908 idom
941 4853 973 4906 W.
1021 4853 1044 4926 ⁴)
1064 4853 1220 4922 Ludolphus
1243 4852 1281 4907 W.
1328 4854 1352 4924 ⁵)
1371 4853 1523 4922 Apoldarou
1547 4853 1583 4911 W.
1631 4853 1654 4925 ⁸)
1674 4854 1830 4923 Ragnardus
1854 4854 1891 4912 W.
1940 4855 2081 4927 ¹)Schou·

374 4944 515 5014 neuburgh
540 4943 576 4997 W.
619 4942 642 5014 ⁸)
660 4943 817 4996 Horscholto
845 4942 876 5000 W.
924 4941 946 5014 ⁹)
967 4944 1091 5013 Dcswego
1118 4941 1151 4998 W.
1200 4941 1235 5014 ¹⁰)
1254 4943 1408 4997 Bocchusau
1431 4941 1467 4995 W.
1517 4941 1553 5012 ¹¹)
1579 4940 1652 4994 Woll
1669 4943 1764 4995 Knoha
1782 4961 1816 4996 au
1835 4944 1916 4999 lesen.
1960 4944 1995 5016 ι9)
2015 4945 2082 4999 Gra-

374 5033 480 5102 paluigh
510 5031 541 5089 W.
582 5031 616 5104 ¹⁸)
638 5033 758 5087 Robbara
785 5031 818 5086 W.
858 5031 893 5103 ¹⁴)
913 5034 989 5102 ltyuo
1016 5031 1050 5088 W.
1089 5029 1124 5102 ¹¹⁵)
1145 5032 1305 5102 Driucgrauo
1332 5029 1365 5089 W.
1404 5028 1439 5101 ¹⁶)
1459 5031 1585 5084 Brotham
1612 5027 1646 5084 W.
1686 5029 1854 5102 ¹²)H01uum
1883 5030 1918 5090 W.

181 5155 281 5220 Naclc
312 5157 381 5221 dean
406 5155 515 5222 Druck
547 5156 595 5223 bei
627 5155 824 5236 Wairdtwein,
862 5153 952 5221 suba.
983 5156 1057 5242 dipl.
1086 5153 1147 5234 XI,
1185 5153 1220 5220 S.
1250 5154 1295 5219 27
1328 5155 1504 5221 wa'edcrholt
1535 5153 1614 5242 (VO
1665 5155 1779 5242 Reqcat
1812 5156 1889 5220 Mac.
1922 5155 1967 5234 II,
2004 5156 2078 5237 189,

266 5260 327 5325 Nr.
358 5262 431 5331 753.
488 5263 655 5351 Abcchmfl
686 5261 850 5330 &umam
882 5267 918 5328 in
945 5263 1023 5327 Mac.
1056 5259 1090 5326 T.
1118 5261 1162 5326 25
1196 5263 1253 5328 vot.
1284 5260 1311 5340 I,
1348 5260 1383 5327 8.
1410 5260 1478 5325 250
1510 5265 1568 5326 mit
1601 5263 1670 5328 dean
1703 5260 1822 5328 Datum
1855 5263 2078 5350 MCGLXIIII,

268 5370 436 5436 Kalendas
458 5372 546 5437 Julii.

1799 5603 1862 5667 30*
