5062 6776
1440 412 1507 467 1279

665 603 816 666 wdhread
837 602 886 666 die
911 603 1076 684 Abachrv'fl
1096 605 1150 668 dee
1176 604 1225 668 14.
1248 604 1360 672 Jatrt.
1384 609 1418 672 ia
1440 607 1518 672 Mac.
1550 605 1619 687 VII,
1642 607 1741 688 2401,
1768 608 1802 675 S.
1827 609 1880 688 42,
1916 612 1975 676 dae
2001 611 2114 698 [tepeat
2144 616 2178 678 ἐπ
2201 615 2278 683 Mac.
2303 613 2447 702 It1890,

666 705 725 772 Nr.
749 706 817 774 492
844 710 911 773 aad
932 710 987 774 der
1009 709 1118 774 Druck
1148 709 1359 792 Wrirdtwetm,
1397 711 1490 781 Sabe.
1515 715 1588 800 dcirl.
1613 713 1674 794 XI,
1711 715 1746 781 S.
1771 714 1814 780 89
1848 740 1910 782 nur
1935 719 2049 786 Nonas
2072 721 2185 788 Marcii
2212 721 2321 788 tabae
2367 722 2449 792 Ueber

664 815 812 882 Bordere
835 816 894 901 opt.
920 814 997 881 oben
1019 814 1079 881 Nr.
1098 815 1175 882 352.

1414 982 1519 1063 1152.

446 1103 639 1176 salvara
666 1105 840 1176 adarna
872 1129 937 1178 vol
965 1108 1018 1179 a>
1045 1107 1182 1180 sonant
1208 1109 1286 1181 aem
1305 1109 1365 1186 vn.
1394 1109 1575 1182 aalma
1600 1114 1788 1184 asenam
1808 1067 2212 1206 septimanariae
2236 1141 2280 1189 a
2299 1115 2448 1191 numa

735 1211 942 1304 (Anderen)
970 1215 1019 1284 lm
1048 1215 1248 1307 Ktrchspiel
1279 1217 1436 1308 Eystrup
1465 1214 1665 1312 (llstorpe).
1722 1219 1994 1292 Minden1279
2022 1223 2130 1294 Μανῆ
2158 1226 2190 1294 7.

556 1350 673 1416 Testes
694 1349 793 1414 huius
814 1349 862 1414 rei
883 1354 975 1416 sunt:
1000 1351 1172 1417 Conradus
1196 1354 1354 1434 decanus,
1377 1352 1515 1434 Widego
1531 1354 1722 1437 prepositus
1745 1355 1852 1420 sancti
1867 1355 2012 1434 Martini,
2035 1358 2205 1424 Arnoldus
2222 1359 2448 1426 archidiaconus

448 1455 483 1521 in
506 1456 663 1536 Alethen,
698 1455 891 1522 Volkwinus
916 1457 1119 1539 scolasticus,
1154 1459 1323 1524 Arnoldus
1348 1457 1565 1540 celler(ar)ius
1589 1463 1622 1525 et
1645 1459 1806 1527 Ludolfus
1834 1464 1876 1527 de
1899 1463 2116 1538 Bardeleven,
2150 1465 2303 1531 canonici
2336 1467 2449 1532 ecclesie

448 1562 583 1627 maioris
604 1561 806 1645 Myndensis,
830 1566 864 1628 et
887 1561 1032 1630 Jacobus
1057 1565 1098 1629 de
1121 1566 1298 1632 Stenwede
1322 1565 1469 1630 clericus.

581 1684 751 1762 Adrobrift
772 1687 826 1751 dea
851 1685 902 1748 15.
925 1685 1038 1751 Janrt.
1062 1691 1096 1751 in
1118 1689 1196 1754 Mac.
1214 1686 1274 1765 lx,
1297 1685 1374 1765 260,
1399 1689 1453 1769 fol.
1468 1686 1524 1766 9υ,
1548 1692 1591 1752 im
1607 1688 1679 1775 Kpl.
1699 1690 1804 1756 Sc-A.
1829 1713 1867 1754 zu
1888 1690 2065 1758 Hannooer.
2112 1692 2208 1760 θεῶν.
2234 1718 2261 1758 υ.
2286 1692 2447 1780 Hodendery,

662 1789 864 1878 Ldneduryer
893 1792 960 1855 ΠΒ.
986 1792 1080 1859 Abra
1107 1790 1182 1872 XV,
1208 1793 1242 1859 S.
1267 1793 1311 1858 65
1335 1792 1395 1861 Nr.
1421 1793 1473 1860 73.
1521 1795 1680 1860 Audenam
1702 1797 1768 1860 aad
1789 1795 1928 1883 Eystmp
1949 1801 1993 1861 im
2016 1797 2127 1864 Kretea
2151 1797 2254 1887 Hoya.

1409 1992 1516 2070 1153.

448 2119 602 2208 Bischof
630 2119 775 2210 Votquln
801 2141 865 2190 von
895 2118 1044 2190 Mindon
1070 2119 1203 2207 schdrtt
1230 2119 1282 2190 hel
1311 2119 1432 2208 Strofe
1472 2121 1532 2191 dcc
1560 2119 1701 2192 Banasa
1741 2121 1798 2192 dte
1838 2123 2078 2214 Beobochtunp
2109 2125 2173 2196 der
2200 2122 2449 2214 Bestimmunpen

648 2226 730 2297 bctr.
758 2226 815 2297 dic
844 2225 1037 2296 Porochr'eu
1064 2225 1240 2296 innotata
1267 2225 1332 2295 der
1359 2225 1460 2297 oudo
1488 2227 1640 2299 Mindon
1666 2229 1731 2298 eia.
1787 2228 1938 2300 Minden
1964 2232 2062 2302 1279
2091 2230 2198 2301 Mora
2225 2234 2287 2304 24.

555 2361 741 2445 Volquinus
766 2361 826 2426 Dei
849 2361 954 2442 gratia
976 2361 1159 2427 Mindensis
1194 2362 1332 2426 ecclesie
1368 2361 1545 2445 episcopus
1582 2363 1709 2428 dilectis
1744 2364 1778 2427 in
1802 2363 1934 2428 Christo
1958 2365 2128 2431 canonicis
2150 2369 2262 2432 sancti
2285 2367 2404 2431 Martini
2422 2385 2450 2430 ac

446 2469 522 2534 aliis
557 2469 773 2534 ecclesiarum
809 2469 992 2533 rectoribus
1024 2468 1165 2533 civitatis
1196 2468 1389 2549 Mindensis,
1426 2467 1547 2552 quibus
1571 2489 1712 2554 presens
1735 2470 1896 2554 scriptum
1920 2472 2104 2538 exhibitum
2126 2472 2242 2550 fuerit,
2278 2474 2407 2538 salutem
2425 2472 2450 2536 in

447 2576 601 2642 Domino.
646 2575 788 2640 Recenti
825 2575 935 2640 adhuc
970 2576 1153 2640 retinemus
1188 2575 1357 2655 memoria,
1393 2573 1536 2657 qualiter
1573 2578 1651 2658 post
1684 2577 1940 2642 controversiam
1968 2581 2002 2643 et
2028 2579 2224 2660 questiones
2254 2579 2358 2645 varias
2384 2579 2449 2642 inter

449 2682 609 2748 maiorem
634 2684 668 2747 et
691 2682 774 2747 alias
797 2681 940 2747 civitatis
963 2681 1148 2746 Mindensis
1181 2681 1337 2746 ecclesias
1366 2681 1545 2746 ventilatas
1581 2701 1682 2764 super
1710 2681 1783 2747 iure
1806 2683 2009 2766 parrochiali
2031 2685 2233 2768 compositio
2257 2689 2290 2750 et
2313 2683 2449 2749 ordinatio

448 2789 638 2854 intervenit.
697 2788 852 2854 Volentes
887 2787 986 2872 igitur
1021 2787 1160 2852 eandem
1195 2787 1472 2870 compositionem
1508 2785 1593 2852 sicut
1628 2789 1724 2852 decet
1761 2788 1995 2855 inviolabiliter
2032 2790 2201 2856 observari
2244 2795 2277 2856 et
2314 2791 2449 2854 macularn

449 2894 599 2960 scandali
630 2894 809 2977 proscindi,
844 2895 1059 2978 prohibemus
1093 2893 1235 2960 tirmiter
1264 2897 1297 2959 et
1325 2893 1473 2958 districte
1498 2894 1560 2958 sub
1590 2914 1677 2976 pena
1705 2895 2057 2961 excommunicationis
2089 2897 2155 2961 late
2184 2897 2222 2960 in
2255 2896 2317 2961 hiis
2343 2896 2449 2977 scriptis

447 3002 614 3066 sententie
638 3001 672 3066 in
696 3001 800 3082 illum,
825 3001 883 3084 qui
906 3004 1023 3067 contra
1045 3001 1304 3083 prohibitionem
1328 3003 1476 3064 nostram
1500 3000 1615 3064 venire
1638 3002 1897 3083 presumpserit,
1926 3022 1968 3066 ne
1992 3004 2067 3086 quis
2095 3003 2187 3086 pacis
2212 3005 2347 3085 rumpat
2361 3002 2449 3066 leden

449 3110 483 3172 et
505 3107 778 3191 compositionem
802 3106 1004 3172 contaminet
1028 3107 1241 3171 antedictam.
1282 3107 1317 3172 Si
1341 3107 1416 3190 quis
1436 3125 1516 3170 vero
1538 3107 1734 3173 temerarius
1755 3107 1914 3172 zizaniam
1931 3109 2250 3191 superseminaverit
2266 3108 2448 3192 questionem
2512 3093 2513 3122 ³

448 3217 614 3279 mortuam
638 3214 831 3279 suscitando
856 3217 889 3278 et
913 3233 948 3276 se
972 3212 1172 3295 precipitare
1195 3213 1230 3276 in
1253 3212 1318 3276 iam
1342 3211 1444 3279 latam
1467 3212 1667 3278 sententiam
1691 3233 1759 3276 non
1781 3214 1941 3294 timuerit,
1965 3213 2077 3279 taliter
2100 3214 2274 3297 punietur,
2309 3213 2389 3298 quod
2409 3211 2449 3277 alii

444 3321 599 3404 exemplo
635 3320 724 3385 illius
760 3321 927 3403 perterriti
957 3319 1086 3383 discant
1117 3339 1135 3382 a
1166 3318 1330 3384 similibus
1363 3319 1540 3384 abstinere.
1589 3321 1710 3384 Datum
1738 3319 1773 3384 in
1795 3319 1904 3402 vigilia
1932 3320 2195 3387 annuntiationis
2219 3321 2318 3387 beate
2340 3317 2449 3400 virginib

447 3446 542 3491 anno
566 3426 696 3492 Domini
719 3427 896 3492 millesimo
920 3425 1147 3491 ducentesimo
1171 3425 1415 3510 septuagesimo
1439 3445 1538 3492 nono.

582 3548 673 3614 Noclr
696 3551 764 3614 dem
786 3548 897 3614 Druck
927 3547 1141 3628 Wrirdtroeias,
1167 3547 1258 3614 Novo
1281 3547 1360 3613 satha
1385 3545 1453 3656 IX'r
1474 3548 1507 3613 8.
1532 3547 1578 3612 88
1605 3551 1654 3612 ata
1681 3546 1884 3634 Transeunmt
1912 3553 1996 3615 einer
2028 3548 2107 3614 Ura.
2131 3573 2189 3614 oon
2215 3549 2305 3614 1430
2326 3551 2410 3634 April
2427 3545 2449 3610 8.

662 3655 774 3742 Reyest
797 3657 871 3722 Mac.
897 3652 942 3734 II,
968 3653 1067 3734 1890,
1092 3652 1151 3719 Nr.
1174 3653 1251 3719 992.
1300 3653 1369 3718 Zur
1392 3653 1494 3719 Socha
1515 3657 1575 3741 opt.
1601 3656 1677 3720 oben
1701 3653 1759 3720 Nr.
1787 3653 1884 3719 1088.

1406 3853 1514 3930 1154.

446 3983 596 4072 Bischof
623 3983 769 4074 Volquin
796 4003 860 4054 von
889 3982 1039 4052 Mindon
1067 3980 1226 4096 omhouft
1252 3982 1329 4052 dem
1358 3978 1575 4070 Dornlcopttel
1602 3983 1677 4052 elue
1695 3981 1804 4052 Reate
1831 4003 1895 4052 aas
1923 3981 2032 4052 onem
2050 3979 2146 4052 Erbc
2173 3981 2211 4052 ia
2239 3981 2450 4067 Hadri-tapsar,

661 4089 725 4160 dos
751 4089 813 4159 der
841 4089 992 4179 Knoppe
1021 4088 1202 4177 Enqelbert
1230 4087 1422 4178 Sodclpren
1447 4108 1511 4157 voa
1538 4087 1609 4156 ihm
1635 4109 1678 4157 aa
1706 4085 1804 4158 Leto
1831 4087 1896 4162 hol.
1951 4089 2048 4159 1279
2077 4086 2184 4157 Mdra
2211 4089 2274 4160 27.

557 4225 741 4310 Volquinus
771 4225 831 4290 Dei
858 4223 967 4308 gracia
996 4223 1180 4289 Mindensis
1215 4222 1354 4289 ecclesie
1388 4223 1566 4306 episcopus
1603 4223 1758 4288 omnibus
1793 4224 1856 4289 hoc
1891 4224 2052 4307 scriptum
2088 4223 2210 4288 visuris
2243 4222 2393 4289 noticiam
2416 4216 2452 4282 rei

446 4336 551 4418 geste.
597 4333 647 4397 Ne
671 4334 861 4398 contractus
885 4331 942 4413 qui
965 4329 1052 4396 liunt
1080 4331 1116 4395 in
1138 4333 1291 4413 tempore
1313 4348 1374 4412 per
1397 4330 1529 4414 lapsum
1551 4331 1713 4413 temporis
1736 4351 1757 4396 a
1778 4332 1938 4396 memoria
1968 4335 2179 4412 evanescant,
2214 4329 2380 4396 consuevit
2406 4344 2451 4390 eos

447 4442 593 4506 humana
628 4439 791 4504 industria
826 4438 1013 4503 litterarum
1046 4437 1196 4522 apicibus
1231 4441 1393 4502 eternare.
1440 4438 1529 4502 Sane
1557 4439 1600 4502 ad
1627 4438 1785 4503 noticiam
1812 4441 1882 4502 tam
1910 4437 2098 4503 futurorum
2131 4457 2233 4521 quarn
2263 4435 2451 4520 presencium

449 4547 604 4630 cupimus
627 4545 812 4629 pervenire,
837 4545 928 4627 quod
951 4563 1013 4608 nos
1037 4547 1113 4608 octo
1137 4543 1275 4625 solidos,
1311 4543 1369 4625 qui
1393 4543 1489 4609 nobis
1513 4544 1722 4610 debebantur
1745 4544 1842 4609 annis
1865 4543 2005 4627 singulis
2029 4544 2070 4608 de
2094 4544 2192 4610 domo
2216 4544 2370 4626 quadam,
2400 4555 2451 4621 que

448 4654 571 4720 dicitur
587 4651 862 4735 Heddinqhusen,
886 4670 947 4734 pro
973 4650 1206 4732 redempcione
1230 4649 1358 4716 decime
1382 4651 1502 4715 domus
1525 4650 1642 4732 ipsius,
1666 4669 1752 4732 quos
1768 4650 1905 4732 quidem
1921 4652 1996 4717 octo
2012 4650 2137 4715 solidos
2153 4651 2289 4714 tenetur
2304 4647 2452 4714 exsolvere

448 4761 645 4844 Egelbertus
668 4759 855 4841 Sadelpren
879 4758 1023 4824 famulus
1047 4760 1089 4823 de
1111 4757 1185 4841 ipsa
1209 4758 1348 4834 decima,
1371 4777 1475 4840 quam
1496 4757 1635 4822 tenebat
1658 4776 1677 4820 a
1701 4756 1798 4820 nobis
1821 4755 1856 4820 in
1879 4757 2059 4839 pheodum,
2083 4775 2151 4820 una
2174 4775 2251 4819 curn
2267 4751 2451 4838 proprietate

450 4866 577 4932 decime
612 4867 718 4948 ipsius
754 4864 883 4930 dilectis
917 4863 1015 4928 nobis
1044 4864 1080 4930 in
1108 4863 1242 4929 Christo
1266 4863 1413 4947 capitulo
1437 4861 1575 4928 ecclesie
1599 4866 1712 4928 nostre
1735 4861 1917 4928 Mindensis
1940 4862 2077 4928 maioris
2099 4882 2161 4945 pro
2184 4864 2331 4945 quatuor
2351 4853 2451 4922 marris
2508 4876 2509 4903 r

448 4972 660 5039 vendidimus
684 4971 893 5055 recipiendos
917 4970 959 5035 ab
982 4970 1064 5054 ipsis
1087 4970 1121 5034 in
1145 4971 1346 5054 perpetuum
1369 4971 1404 5034 et
1426 4968 1646 5052 possidendos
1670 4968 1757 5033 iusto
1781 4970 1815 5034 et
1837 4968 1983 5052 legitimo
2007 4967 2188 5050 empcionis
2212 4970 2244 5032 et
2268 4959 2450 5031 vendicionis

448 5083 637 5158 contractu3
672 5079 831 5161 idemque
859 5077 1078 5160 Engelbertus
1114 5076 1243 5142 debitor
1266 5079 1341 5141 octo
1365 5076 1548 5142 solidorum
1571 5075 1798 5157 predictorum
1832 5075 1898 5156 ipsi
1922 5074 2068 5156 capitulo
2091 5093 2227 5140 censum
2252 5071 2450 5138 memoratum

442 5188 608 5271 deinceps
643 5184 811 5268 persolvet
840 5187 874 5250 et
901 5184 943 5249 ab
972 5183 1054 5267 ipsis
1076 5184 1248 5266 tamquam
1270 5183 1358 5247 veris
1382 5181 1525 5248 dominis
1548 5185 1583 5247 et
1605 5180 1837 5264 proprietariis
1861 5181 2031 5263 pheodum
2055 5183 2089 5244 et
2110 5179 2340 5246 investituram
2362 5173 2449 5258 ipsius

447 5295 598 5380 postulet
620 5295 654 5358 et
675 5291 836 5376 requirat.
883 5291 923 5356 In
946 5290 1041 5356 cuius
1064 5289 1113 5354 rei
1134 5288 1363 5356 testimonium
1385 5288 1531 5372 sigillum
1553 5291 1706 5354 nostrum
1728 5287 1876 5370 presenti
1899 5286 2022 5371 scripto
2045 5285 2200 5352 duumus
2225 5281 2449 5370 apponendum·

444 5403 572 5467 Datum
595 5399 631 5466 in
654 5398 801 5465 crastino
824 5399 1012 5466 Palmarum
1035 5417 1124 5462 anno
1148 5397 1281 5464 Domini
1304 5393 1618 5461 M⁰.CC⁰.LXXVIII.
