5168 6798
444 421 508 486 176
1407 435 1475 489 1254

445 629 641 697 canonicum
676 629 895 694 exhibitorem
929 627 1135 712 presentium
1169 628 1266 694 nobis
1300 628 1409 695 extitit
1443 628 1611 696 humiliter
1644 628 1880 713 supplicatum,
1914 632 1951 695 ut
1981 629 2077 694 vobis
2107 630 2150 695 de
2180 629 2328 714 reliquiis
2359 633 2465 696 sancti

442 736 553 818 Magni
587 735 732 800 martiris
766 733 899 818 patroni
934 733 1039 798 nostri
1072 732 1299 798 transmittere
1332 752 1536 800 curaremus.
1582 734 1710 800 Vestris
1738 736 1853 819 itaque
1880 734 2037 818 precibus
2068 738 2253 801 annuentes
2276 737 2467 821 portionem

444 841 613 924 quandam
638 841 678 906 de
702 839 839 906 brachio
862 839 969 906 sancti
991 837 1181 904 Sebastiani
1204 839 1343 906 rubeam
1366 841 1400 906 et
1423 839 1615 922 porcionem
1639 840 1680 906 de
1704 839 1807 924 digito
1824 840 1930 905 sancti
1947 840 2054 925 Magni
2070 842 2214 907 martiris
2229 841 2341 909 albam
2356 846 2465 908 trans·
2573 865 2574 878 *

442 946 605 1012 mittimus
629 963 704 1009 cum
728 943 935 1028 plenitudine
959 943 1114 1010 caritatis
1162 943 1285 1010 Datum
1308 944 1440 1028 Anagni
1462 944 1497 1010 in
1522 945 1575 1012 die
1599 945 1707 1012 sancti
1731 945 1855 1012 Killani
1877 947 2033 1013 martiris.

656 1048 678 1120 ¹)
698 1049 838 1102 Anauinus
884 1047 917 1102 W.
1144 1061 1145 1064 ’

573 1135 664 1202 Nocte
687 1138 755 1202 dem
777 1136 888 1201 Druck
914 1135 963 1202 bet
992 1134 1187 1216 Wrirdtwcin,
1221 1134 1310 1205 Suos.
1334 1137 1409 1223 dipl.
1440 1135 1494 1218 VI,
1525 1135 1560 1204 S.
1583 1136 1650 1203 439
1678 1138 1863 1204 wiedcrlrolt.
1910 1137 2025 1225 Reyect
2047 1139 2123 1206 Mac.
2148 1137 2192 1218 II,
2223 1137 2296 1219 189,
2326 1138 2388 1202 Nr.
2411 1137 2468 1203 68.

655 1243 789 1313 Biaclot
810 1241 961 1308 Nicotaus
982 1245 1026 1307 iat
1045 1244 1127 1307 6666
1150 1241 1260 1322 Gaura,
1286 1241 1390 1309 Series
1413 1247 1505 1328 episc.
1528 1241 1561 1308 S.
1584 1240 1662 1322 663,
1688 1241 1775 1308 1257
1797 1245 2023 1310 6666661εό66.

441 1566 593 1656 Bisotof
622 1567 808 1642 Wtdettud
835 1568 907 1640 666
934 1567 998 1640 aas
1026 1565 1245 1658 Domlccpitcl
1271 1587 1336 1638 von
1363 1442 1513 1640 6868686
1540 1568 1665 1658 trcffcu
1694 1568 1976 1659 Bastimmunpen
2003 1568 2086 1641 ather
2113 1568 2170 1640 dte
2197 1568 2380 1641 Prdbem
2407 1569 2467 1640 des

1068 1671 1314 1762 Otorbiscbofs.
1369 1672 1644 1756 1166661254
1673 1675 1836 1756 616661.

545 1790 759 1857 Vedekindus
793 1790 852 1884 Dei
886 1792 998 1874 gracia
1030 1789 1213 1856 Mindensis
1247 1788 1436 1874 episcopus,
1486 1792 1667 1858 Wernerus
1701 1792 1847 1858 decanus
1880 1793 2057 1875 totumque
2094 1791 2280 1875 capitulum
2315 1791 2465 1857 eiusdem

439 1895 576 1964 ecclesie
599 1897 754 1962 omnibus
778 1896 844 1961 hoc
866 1896 1028 1979 scriptum
1051 1895 1175 1962 visuris
1199 1897 1342 1972 salutem
1364 1896 1400 1960 in
1423 1897 1542 1963 salutis
1566 1901 1713 1964 auctore.
1761 1897 1846 1964 Cum
1869 1898 1913 1963 ad
1934 1897 2176 1981 amputandum
2193 1901 2262 1964 tam
2277 1898 2468 1982 calumpnia

438 2003 544 2069 tocius
579 2021 680 2085 quam
715 2021 854 2068 erronee
889 2002 1112 2068 dubitaciouis
1146 2002 1342 2085 scrupulum
1370 2001 1508 2087 dignum
1531 2005 1565 2068 et
1588 2003 1730 2086 perutile
1754 2004 1799 2070 sit
1822 2022 1872 2084 ea,
1897 2023 1963 2086 que
1987 2001 2233 2076 racionabiliter
2255 2005 2290 2069 et
2312 2003 2467 2073 ordinate

437 2107 536 2190 fiunt,
571 2105 812 2189 scripturarum
846 2107 1028 2192 perhennis
1051 2107 1211 2172 memorie
1244 2107 1479 2189 commendari,
1514 2109 1558 2177 ad
1588 2109 1746 2174 noticiam
1777 2109 1991 2192 presencium
2013 2127 2052 2174 ac
2076 2107 2265 2176 futurorum
2288 2110 2466 2196 peruenire

438 2213 602 2298 cupimus,
636 2213 726 2296 quod
754 2231 815 2278 nos
844 2214 1057 2280 attendentes
1091 2212 1277 2280 molestiam
1311 2211 1410 2292 nirnis
1444 2233 1579 2296 gravem
1607 2217 1639 2280 et
1670 2214 1855 2298 dampnum
1882 2213 2094 2280 intolerabile
2124 2215 2303 2297 provenire
2340 2214 2470 2283 vicario

437 2317 585 2405 episcopi
608 2318 643 2382 in
667 2318 806 2385 ecclesia
832 2320 947 2384 nostra
970 2338 1032 2404 pro
1053 2321 1204 2403 tempore
1228 2318 1385 2386 existenti
1408 2338 1448 2385 ex
1471 2339 1511 2386 eo
1535 2319 1713 2403 siquidem,
1737 2320 1830 2403 quod
1855 2321 1996 2386 cedente
2018 2321 2073 2387 rel
2097 2321 2281 2386 decedente
2303 2319 2470 2404 episcopo

436 2427 525 2506 idem
558 2423 703 2490 vicarius
738 2443 799 2492 suo
835 2426 986 2509 privetur
1020 2425 1183 2492 beneficio
1214 2427 1249 2492 et
1280 2425 1372 2508 quod·
1400 2427 1443 2491 ad
1473 2416 1556 2494 illud
1583 2425 1666 2491 alius
1696 2428 1897 2506 assumatur,
1933 2424 2101 2497 communi
2131 2425 2280 2493 omniurn
2310 2427 2469 2496 nostrum

436 2534 609 2612 voluntate
633 2534 668 2598 et
690 2531 827 2598 consilio
850 2533 1029 2600 accedente
1053 2531 1241 2612 statuimus,
1276 2532 1366 2614 quod
1389 2531 1458 2598 sive
1481 2532 1661 2615 episcopus
1684 2531 1721 2598 in
1744 2531 1883 2598 ecclesia
1907 2535 2024 2604 nostra
2057 2531 2128 2598 sive
2162 2534 2257 2598 extra
2287 2531 2470 2606 ecclesiam

436 2638 577 2724 eligatur
600 2640 635 2705 et
657 2638 864 2725 prebendam
887 2658 955 2704 nou
977 2637 1145 2720 habuerit,
1167 2639 1351 2722 prebenda,
1375 2657 1476 2721 quam
1498 2637 1643 2708 vicarius
1666 2638 1815 2722 episcopi
1839 2638 1980 2718 obtinet,
2006 2636 2188 2722 episcopali
2213 2636 2364 2720 dignitati
2387 2656 2467 2720 per-

435 2748 537 2832 petuo
560 2745 604 2812 sit
626 2765 756 2811 annexa
778 2745 825 2810 ita
847 2745 1011 2826 videlicet,
1036 2745 1126 2828 quod
1148 2743 1304 2826 vicarius,
1327 2743 1385 2827 qui
1408 2745 1490 2810 tunc
1513 2743 1550 2809 in
1577 2742 1653 2826 ipsa
1677 2743 1802 2810 vicaria
1828 2744 1986 2808 inventus
2013 2742 2113 2808 luerit
2140 2743 2194 2810 vel
2220 2743 2279 2834 qui
2303 2740 2470 2826 episcopo

436 2853 574 2918 cedente
601 2852 654 2918 vel
686 2852 867 2918 decedente
898 2851 1099 2916 substitutus
1122 2849 1222 2916 fuerit
1250 2849 1285 2914 in
1310 2849 1479 2932 sepedicta
1501 2849 1634 2930 vicaria,
1659 2868 1735 2916 cum
1756 2849 1929 2933 prebenda
1952 2849 2146 2932 supradicta
2168 2867 2300 2933 semper
2322 2846 2364 2914 sit
2388 2866 2468 2930 per-

435 2960 605 3041 petuatus,
629 2955 693 3024 uisi
716 2956 780 3022 sibi
804 2957 1004 3022 racionabile
1029 2957 1111 3039 quid
1134 2956 1285 3022 obsistat.
1332 2954 1371 3019 In
1392 2953 1494 3020 huius
1517 2974 1596 3020 vero
1619 2954 1668 3020 rei
1689 2957 1890 3041 perpetuam
1914 2955 2071 3032 noticiam
2094 2957 2285 3037 presentem
2307 2952 2470 3036 paginam

434 3064 514 3131 inde
537 3061 761 3147 conscriptam
784 3061 897 3146 sigillis
921 3060 1042 3129 nostris
1065 3061 1205 3129 fecimus
1228 3059 1388 3128 roborari.
1438 3045 1568 3132 Datum
1591 3062 1624 3126 et
1647 3063 1759 3128 actum
1780 3060 1890 3126 Minde
1914 3079 2002 3126 anno
2025 3060 2160 3126 Domini
2182 3056 2472 3138 macta-illd,

439 3169 787 3338 Κᾶιθηάῗόἓῖἑοῑο
812 3272 864 3337 11.
887 3272 941 3338 Jt.
972 3275 1006 3336 in
1031 3271 1106 3336 Mac.
1138 3267 1210 3350 VII,
1242 3268 1341 3348 2401,
1368 3268 1402 3334 S·
1424 3267 1470 3343 2⁶⁸
1505 3272 1550 3334 im
1576 3268 1650 3356 qu.
1677 3268 1783 3336 SM·
1812 3293 1851 3336 ²¹⁶
1880 3271 2029 3350 mvl-tter,
2064 3269 2179 3357 Reyert
2205 3269 2281 3336 Mac.
2306 3265 2351 3349 ΙΙ,
2388 3266 2471 3346 189,

650 3375 708 3445 Nr.
731 3375 808 3443 227.
858 3373 952 3442 Gedr.
985 3374 1180 3455 Wrirdtwein,
1206 3373 1299 3443 Suos.
1325 3375 1399 3461 dapl.
1424 3371 1485 3454 IX,
1512 3373 1547 3441 S.
1571 3374 1648 3440 395.

1402 3554 1495 3631 607.

434 3683 586 3772 Biscbof
614 3682 801 3757 Widelciud
828 3703 894 3754 oou
922 3681 1073 3753 Miuden
1099 3680 1272 3857 r'tbortrp'pt
1293 3680 1637 3858 pippgpfcbppuuu
1653 3681 1931 3860 postliminium
1958 3681 2050 3754 ciues
2068 3682 2209 3754 Houses
2234 3682 2273 3753 iu
2297 3681 2457 3755 casseu

1255 3810 1292 3857 cu
1564 3795 1627 3858 dre
1677 3847 1685 3862 .

543 3904 652 3969 Huius
676 3906 723 3969 rei
747 3905 851 3970 testes
876 3907 969 3970 sunt:
993 3904 1096 3970 irater
1120 3906 1234 3969 noster
1258 3903 1423 3969 Henricus
1447 3904 1489 3969 de
1513 3904 1599 3968 Hoia
1622 3907 1656 3969 et
1676 3887 1853 3971 vConradus
1877 3905 1919 3970 de
1943 3904 2064 3988 Welpa
2086 3903 2241 3984 comites3
2265 3905 2463 3971 Florencius

436 4011 545 4078 dictus
574 4012 616 4076 de
639 4012 762 4091 Monte,
787 4011 949 4076 Ludollus
973 4010 1015 4076 de
1038 4010 1174 4086 Arnem,
1199 4009 1372 4074 Conradus
1397 4010 1438 4075 de
1463 4009 1729 4093 Hamelspringe,
1753 4008 1903 4092 nobiles3
1929 4011 2103 4081 Conradus
2126 4013 2159 4075 et
2182 4011 2356 4077 Didericus
2379 4011 2466 4076 dicti

436 4118 477 4182 de
501 4116 609 4193 Ullen,
634 4115 823 4182 Richardus
847 4117 971 4198 Vulpes
1000 4119 1032 4182 et
1060 4115 1249 4181 Richardus
1272 4115 1400 4180 Parvus
1430 4114 1510 4179 dicti
1539 4115 1581 4180 de
1605 4117 1872 4201 Pepingehnsen,
1903 4116 2064 4190 Hinricus
2091 4117 2125 4182 et
2146 4116 2315 4183 lohannes
2337 4117 2470 4200 Trepe,

435 4224 553 4288 fratres
576 4222 618 4286 de
642 4222 853 4304 Dungerden,
890 4221 1081 4287 Gerhardus
1104 4221 1146 4286 de
1170 4220 1346 4304 Bastorpe,
1381 4220 1585 4303 LodewicuS,
1621 4222 1824 4304 Gerhardus‚
1859 4223 2038 4306 Rotgerus,
2074 4222 2247 4290 Conradus
2274 4221 2392 4288 fratres
2419 4223 2468 4288 de

434 4325 628 4408 Bardeleve,
652 4327 848 4395 Wilhelmus
873 4327 914 4392 de
940 4326 1181 4393 Oldenbucken
1204 4330 1237 4391 et
1261 4326 1394 4391 Costius
1418 4327 1460 4392 de
1484 4326 1592 4409 Hoya,
1614 4327 1747 4393 milites

568 4431 737 4513 Absclna'fi
764 4433 818 4496 dea
846 4430 897 4497 16.
921 4431 974 4498 Jb.
1009 4434 1044 4495 in
1070 4431 1149 4516 Kop.
1180 4427 1250 4507 VII,
1278 4429 1332 4509 66,
1358 4428 1393 4494 S.
1420 4425 1461 4493 79
1494 4434 1539 4494 im
1566 4428 1641 4516 qu.
1668 4431 1773 4497 St.·A.
1801 4454 1840 4496 zu
1862 4431 2039 4500 Hannonem
2087 4430 2182 4498 Gedr.
2214 4457 2242 4497 6.
2266 4430 2466 4520 Hodenberq,

649 4535 755 4623 Hoyer
781 4535 854 4600 ΠΒ.
879 4536 976 4600 Atat.
1007 4533 1078 4615 VII,
1105 4535 1139 4601 S.
1162 4534 1206 4598 24
1231 4533 1292 4602 Nr.
1316 4534 1371 4599 32.

1404 4714 1498 4794 608.

439 4835 581 4928 Bisclof
616 4839 802 4912 Widelu'ud
835 4840 908 4910 und
941 4841 1005 4911 das
1031 4837 1248 4929 Duatapttet
1279 4863 1343 4911 666
1373 4841 1522 4913 Mindon
1557 4842 1720 4914 crsuclreu
1752 4842 1835 4912 anet
1867 4841 2114 4914 halberstddter
2142 4841 2347 4932 Dorubcrru,
2383 4843 2465 4914 dem

440 4943 663 5034 Muricustill
689 4945 727 5015 iu
755 4945 905 5016 Miudcu
930 4967 974 5016 66
1002 4945 1078 5017 clem
1105 4967 1167 5016 666
1194 4945 1296 5018 16666
1321 4945 1553 5038 peuebmipteu
1586 4945 1748 5047 Verlcuuf
1767 4947 1830 5018 der
1849 4947 1958 5020 Gerar
1985 4949 2023 5018 iu
2050 4947 2261 5036 Ncucudorf
2281 4947 2467 5038 bebdltltcla

1086 5072 1131 5121 66
1156 5051 1241 5122 seia.
1297 5051 1447 5124 Miudeu
1475 5050 1580 5126 1254
1608 5053 1716 5126 Mna
1744 5051 1803 5128 19.

543 5165 770 5232 Wedekindus
800 5166 861 5232 Dei
891 5168 1000 5248 gracia
1026 5167 1208 5235 Mindensis
1240 5169 1428 5252 episcopus,
1463 5168 1676 5253 W(ernerus)
1712 5170 1858 5238 decanus
1893 5174 2068 5253 totumque
2103 5170 2288 5252 capitulum
2321 5171 2464 5236 maioris

437 5269 575 5338 ecclesie
597 5271 633 5337 in
655 5273 768 5337 blinda
791 5272 1037 5338 venerabilibus
1061 5273 1203 5339 dominis
1227 5273 1429 5356 G(erhardo)
1454 5279 1489 5340 et
1513 5274 1672 5360 C(ononi)
1694 5276 1861 5343 canonicis
1886 5276 2230 5346 Halberstadensibus
2254 5277 2399 5344 salutem
2422 5278 2461 5341 in

436 5375 588 5443 Domino.
635 5377 809 5442 Accedens
840 5379 884 5443 ad
910 5378 1113 5462 presentiam
1151 5381 1300 5444 nostram
1334 5379 1458 5444 dilecta
1486 5378 1521 5444 iu
1549 5379 1683 5446 Christo
1712 5382 1926 5466 margareta)
1964 5381 2133 5448 abbatissa
2166 5383 2305 5450 ecclesie
2343 5385 2465 5450 sancte
