5168 6798
1064 455 1239 512 leto-1287
2121 445 2167 512 83

1108 651 1208 731 305.

133 783 266 873 Propst
293 781 513 874 Empelbert)
547 803 611 854 uon
641 779 891 854 Obcrntirclen
928 778 1099 868 dotanda
1141 781 1224 852 dnae
1239 868 1240 871 Ἴ
1257 779 1358 869 Grof
1388 780 1537 855 hunred
1570 802 1634 852 oon
1666 780 1825 852 Isimmer
1865 783 1936 872 auf
1969 784 2026 856 die
2059 784 2170 858 ouer

138 893 296 978 pendant
330 885 450 960 Horst
477 885 566 960 ville
592 883 777 959 Merbeke
808 908 927 980 prope
954 885 1124 976 iacentia,
1165 886 1222 958 dic
1253 908 1292 957 er
1318 885 1391 957 sich
1417 909 1460 958 en
1494 887 1640 960 Uoreclrt
1673 888 1870 978 accederet
1899 889 1999 980 hatte,
2039 912 2170 964 corum

357 992 511 1066 domino
538 989 778 1065 Willehelmo
806 990 996 1064 Mindensi
1025 991 1202 1088 episcopo
1229 991 1410 1065 verairlrtet
1435 992 1528 1065 lohe.
1587 993 1625 1065 0.
1651 993 1687 1066 J.
1716 992 1966 1090 (1236-42).

274 1109 331 1176 Or.
361 1114 405 1175 im
428 1111 547 1174 Archiv
580 1110 634 1175 des
660 1109 714 1178 KI.
739 1107 978 1176 Obmdeirclen.
1027 1107 1131 1195 Sr'eqel
1163 1131 1220 1174 von
1250 1108 1563 1194 Perpumentatreafm
1596 1111 1744 1176 verlorm.
1791 1110 1888 1178 θεάν.
1918 1111 2051 1192 Sohetdt,
2093 1111 2168 1178 Vom

353 1216 445 1295 Adel,
469 1216 614 1284 Mentire.
642 1213 677 1282 S.
701 1215 777 1295 401,
812 1214 889 1302 aeq.
923 1213 1150 1302 chpervncnn,
1180 1214 1250 1278 UB.
1275 1239 1302 1279 o.
1327 1213 1555 1282 obeaktretm
1578 1214 1613 1282 S.
1636 1216 1678 1280 21
1704 1214 1764 1282 Nr.
1790 1216 1831 1282 44
1844 1218 1875 1286 d.
1923 1217 1992 1285 Der
2013 1217 2175 1302 Horatios

354 1322 383 1388 b.
408 1321 566 1388 Meerbeelc
586 1323 664 1387 noch
685 1322 873 1388 verbunden.

1104 1483 1200 1562 306.

134 1613 242 1702 Grof
265 1610 415 1684 Kourod
442 1634 506 1683 oon
532 1613 656 1684 Roden
683 1613 789 1704 einim
815 1612 888 1684 sich
911 1613 974 1683 mit
1002 1610 1152 1701 Biscto(
1177 1612 1334 1685 Wiltelm
1357 1634 1422 1683 von
1442 1612 1594 1684 Minden
1620 1636 1733 1704 wepen
1759 1614 1818 1686 deo
1839 1614 2008 1687 Schlnsses
2027 1617 2169 1690 Korne·

875 1718 1007 1790 trinkel.
1065 1718 1101 1790 O.
1129 1717 1163 1794 J.
1191 1718 1436 1809 (1236-42).

250 1837 452 1922 C(onradus)
487 1857 598 1903 comes
627 1839 669 1903 de
696 1838 815 1903 Roden
851 1837 1016 1904 universis
1049 1836 1164 1922 scripti
1194 1837 1293 1902 huius
1323 1835 1570 1919 inspectoribus
1595 1839 1711 1903 notum
1734 1857 1808 1902 esse
1832 1838 1941 1922 cupio,
1977 1841 2168 1924 quodcum

136 1944 295 2009 dominus
312 1963 407 2010 meus
423 1943 685 2029 W(illehelmus)
708 1943 885 2027 episcopus
909 1942 1093 2008 Mindensis
1117 1944 1262 2007 castrum
1287 1962 1411 2008 novum
1434 1943 1470 2007 in
1486 1943 1558 2008 loeo
1575 1941 1632 2026 qui
1648 1943 1768 2009 dieitur
1784 1944 2067 2034 Garnewincke11)
2089 1967 2170 2013 con-

141 2053 274 2115 struere
297 2050 495 2129 intenderet,
518 2048 591 2132 ipse
616 2049 776 2115 auxilium
800 2069 910 2114 meum
934 2050 977 2114 ad
1001 2049 1064 2114 hoc
1089 2047 1152 2113 sibi
1170 2050 1239 2114 lore
1256 2051 1416 2132 reputans
1432 2051 1636 2132 oportunum
1653 2049 1802 2132 spacium
1818 2051 1861 2114 ad
1877 2052 1961 2117 duas
1977 2035 2169 2120 mansiones

140 2157 182 2220 in'
195 2157 271 2238 ipso
289 2157 399 2220 castro
415 2155 515 2222 miehi
533 2156 575 2220 ad
591 2151 872 2223 constructionem
895 2155 994 2220 castri
1018 2155 1083 2220 sibi
1107 2151 1336 2242 cooperanti2)
1361 2153 1523 2219 concessit
1546 2154 1582 2219 in
1604 2154 1739 2237 pheodo
1762 2154 1900 2222 firmiter
1923 2159 2170 2242 repromittens,

139 2263 232 2346 quod
256 2263 371 2328 contra
394 2280 510 2328 omnes
532 2261 711 2327 iniuriosus
734 2261 906 2328 invasores
930 2281 1022 2327 meos
1046 2261 1179 2328 adiutor
1201 2280 1297 2325 meus
1320 2279 1452 2343 semper
1469 2259 1633 2340 existeret,
1659 2280 1719 2344 ego
1736 2280 1815 2326 vero
1831 2261 1902 2328 vice
1918 2283 2015 2330 versa
2030 2265 2168 2349 promisi

137 2368 220 2434 data
252 2366 330 2450 tide,
365 2368 458 2450 quod
485 2387 505 2432 a
532 2368 666 2434 servitio
695 2367 878 2434 Mindensis
915 2367 1054 2434 ecclesie
1090 2385 1273 2450 numquam
1308 2367 1510 2448 recederem,
1545 2368 1605 2433 sed
1634 2365 1670 2430 in
1693 2368 1783 2433 omni
1800 2389 1931 2452 guerra
1960 2369 2110 2455 episcopi
2134 2375 2169 2438 et

137 2474 278 2540 ecclesie
313 2473 485 2540 coadiutor
513 2477 546 2539 et
572 2493 634 2556 pro
663 2491 764 2558 posse
793 2492 869 2540 meo
898 2493 1031 2556 semper
1054 2472 1209 2540 defensor
1232 2473 1418 2554 existerem,
1452 2473 1515 2539 hoc
1539 2473 1667 2539 adiecto
1691 2474 1881 2558 hincinde,
1917 2477 2010 2559 quod
2033 2477 2061 2542 si
2084 2478 2170 2544 forte

138 2583 288 2646 castrum
311 2581 386 2664 capi
409 2581 452 2646 ab
476 2579 628 2645 hostibus
651 2580 704 2647 vel
720 2598 931 2664 quocumque
954 2581 1053 2646 modo
1077 2579 1206 2646 destrui
1229 2580 1446 2662 contingeret,
1470 2579 1589 2646 eodem
1612 2583 1711 2664 pacto
1735 2601 1802 2664 quo
1826 2601 1916 2647 nunc
1940 2585 2169 2649 constructum

137 2690 192 2752 est
227 2687 327 2752 simul
361 2687 481 2752 iterum
514 2684 793 2752 reedificaremus.
843 2686 1021 2752 Adiectum
1052 2688 1104 2752 est
1133 2686 1235 2752 etiam
1268 2684 1335 2750 fide
1369 2685 1447 2752 data
1481 2685 1559 2752 hinc
1593 2686 1682 2768 inde,
1718 2687 1808 2769 quod
1842 2685 1870 2752 si
1902 2708 1963 2770 ego
1995 2689 2169 2755 dominum

137 2791 334 2877 episcopum
357 2793 411 2860 vel
435 2793 607 2860 ecclesiam
631 2794 673 2859 de
696 2795 805 2857 castro
829 2792 979 2874 eicerem,
1004 2792 1113 2857 omnis
1136 2791 1309 2858 advocatia
1332 2811 1416 2874 mea,
1440 2812 1541 2876 quam
1561 2795 1661 2860 teneo
1677 2794 1720 2859 ab
1737 2793 1877 2859 ecclesia
1893 2797 1985 2860 extra
2001 2795 2168 2862 nvitatem

136 2897 414 2984 Wunnestorpt),
448 2901 543 2965 vacet
576 2899 651 2982 ipso
681 2899 752 2963 iure
780 2901 814 2964 et
844 2900 887 2964 ad
911 2899 1108 2982 episcopum
1135 2899 1190 2964 vel
1217 2897 1390 2964 ecclesiam
1420 2901 1604 2964 revertatur
1634 2899 1738 2965 libere
1761 2903 1796 2965 et
1819 2900 1983 2966 absolute.
2030 2901 2066 2968 Si
2088 2921 2168 2969 vero

137 3003 319 3088 episcopus
342 3005 395 3070 vel
419 3005 559 3071 ecclesia
582 3025 636 3070 me
658 3006 789 3087 eiceret,
813 3004 970 3072 villicatio
994 3005 1095 3072 curtis
1118 3005 1154 3070 in
1170 3003 1454 3089 Runnenberge4)
1477 3006 1512 3070 et
1527 3005 1629 3071 curtis
1645 3004 1680 3070 in
1697 3005 1924 3089 Hiddestorpe
1940 3007 2076 3072 domino
2092 3027 2168 3073 meo

139 3111 237 3177 cedet
259 3111 333 3194 ipso
354 3111 436 3178 iure.
483 3110 661 3176 Adiectum
685 3114 736 3176 est
759 3112 859 3176 etiam
882 3111 917 3176 in
941 3111 1144 3194 obligatione
1167 3111 1327 3194 predicta,
1351 3111 1443 3194 quod
1466 3111 1501 3176 in
1525 3113 1633 3176 castro
1658 3114 1691 3176 et
1714 3114 1791 3177 ante
1811 3115 1957 3177 castrum
1975 3112 2168 3178 violentiam

137 3217 288 3300 aliquam
310 3216 363 3282 vel
387 3218 533 3301 spolium
557 3237 626 3282 non
649 3217 785 3298 iaciam3
819 3218 911 3301 quod
934 3217 962 3283 si
987 3216 1073 3284 torte
1096 3216 1287 3282 huiusmodi
1310 3216 1453 3283 iacerem
1475 3218 1510 3282 in
1533 3217 1688 3284 districtu
1711 3217 1763 3282 vel
1786 3219 1961 3285 advocatia
1984 3237 2069 3302 mea,
2100 3238 2169 3284 non

139 3323 306 3388 deducam
328 3322 364 3388 in
388 3325 544 3400 castrum,
569 3323 633 3389 nisi
657 3343 711 3389 res
735 3327 813 3391 ante
836 3325 972 3408 penitus
995 3323 1232 3389 distrahantur.

356 3427 379 3499 ¹)
398 3429 579 3484 Garnewinkcl
599 3429 630 3483 B.
670 3429 692 3500 ⁸)
712 3429 876 3498 comparanti
895 3429 927 3482 B.
967 3428 990 3499 ¹)
1008 3429 1207 3497 Wunnectorpe
1225 3428 1257 3482 B.
1296 3427 1320 3498 ⁴)
1339 3429 1516 3498 ltunnebcrgc
1535 3428 1567 3482 B.

275 3515 368 3582 Ncclc
390 3518 449 3582 den
471 3517 617 3583 Druclcen
640 3517 691 3583 bei
720 3516 916 3596 Wdrdtwein,
952 3515 1042 3582 Nova
1064 3516 1149 3583 eche.
1173 3514 1252 3595 XII,
1279 3515 1314 3581 S.
1336 3513 1405 3582 390
1437 3517 1503 3582 und
1537 3515 1674 3604 Bminp,
1701 3516 1805 3583 cums
1827 3518 1903 3604 ἀέρι.
1929 3517 1964 3584 S.
1988 3517 2070 3594 5523
2105 3520 2166 3605 opt.

353 3624 419 3688 eine
442 3621 651 3689 demamus
673 3622 822 3710 Foeecnp
845 3625 946 3689 dieser
973 3622 1052 3690 Urle.
1077 3623 1149 3689 oben
1171 3620 1232 3688 Nr.
1247 3621 1315 3688 379
1337 3626 1381 3686 im
1407 3619 1621 3710 Trcncnenpt.
1669 3624 1917 3692 Carnewinkelc
1941 3626 1995 3712 loy
2017 3625 2170 3690 zwiechen

353 3729 501 3796 Acmen
522 3753 552 3796 u.
583 3728 759 3808 chenaen,
782 3752 830 3795 roo
850 3730 929 3794 noel
950 3734 1002 3796 ein
1023 3727 1128 3814 Heipel
1149 3729 1199 3794 die
1221 3728 1392 3815 Borpatede
1413 3741 1551 3814 pertonat
1572 3730 1662 3808 wird,
1686 3731 1748 3815 opt.
1775 3729 1926 3796 Zeitsclr.
1951 3731 1981 3797 d.
2005 3732 2074 3799 hcet.
2098 3729 2168 3798 Ver.

353 3836 382 3915 f.
405 3833 653 3902 Niederacclcen
677 3836 729 3922 Jp.
756 3835 841 3900 1884
867 3835 902 3901 S.
928 3834 1002 3902 127.

141 4141 245 4231 Grcf
269 4142 344 4216 Otto
370 4141 443 4215 und
470 4142 597 4233 Grdfin
625 4144 797 4216 Mothtlde
822 4166 886 4216 oon
917 4015 1371 4233 renmrlolieretqm
1398 4143 1475 4216 dem
1500 4141 1588 4232 stin
1615 4141 1752 4214 Leocrn
1779 4143 1875 4215 enen
1895 4142 1979 4231 Hof
2000 4144 2037 4216 in
2056 4143 2169 4219 Stella

825 4249 1053 4339 chltlenlmrp
1080 4247 1183 4322 1237
1209 4248 1396 4321 December
1422 4248 1484 4324 31.

249 4365 330 4432 Otto
359 4366 419 4434 Dei
447 4367 556 4451 gratia
584 4385 698 4433 comes
727 4371 761 4434 et
787 4367 1021 4452 Mechteldis¹)
1049 4365 1248 4448 comitissat)
1278 4367 1319 4432 de
1349 4366 1625 4449 Tekenehurcbt)
1656 4367 1820 4434 universis
1842 4385 1983 4450 presens
2006 4368 2169 4453 scriptum

138 4471 341 4555 inspecturis
363 4471 507 4539 salutem
528 4472 564 4538 in
587 4473 740 4541 Domino.
786 4473 947 4539 Noverint
968 4473 1114 4538 universi
1137 4472 1260 4539 Christi
1282 4471 1399 4538 fideles
1421 4475 1491 4537 tam
1514 4475 1688 4555 presentes
1712 4491 1814 4555 quam
1836 4474 1970 4556 posteri,
1996 4475 2087 4557 quod
2103 4493 2168 4541 nos

139 4576 380 4662 proprietatem
414 4579 506 4646 curie
539 4581 655 4646 nostre
688 4579 723 4646 in
750 4581 853 4647 Stelle
881 4583 915 4648 et
938 4580 1115 4646 domorum
1139 4582 1173 4646 et
1195 4579 1367 4644 hominum
1391 4578 1434 4643 ad
1457 4579 1599 4644 eandem
1624 4579 1750 4645 curiam
1773 4579 2064 4667 pertinencium4),
2099 4601 2168 4665 que

139 4683 320 4749 Heinricus
335 4683 431 4750 miles
448 4683 544 4753 Scole
568 4687 610 4753 de
633 4703 735 4752 manu
757 4689 873 4752 nostra
895 4685 1004 4752 tenuit
1025 4686 1061 4751 in
1082 4685 1231 4770 tendet),
1254 4686 1328 4770 ipso
1352 4687 1542 4768 resignante
1564 4683 1741 4770 feudumt)
1765 4704 1875 4766 suum,
1899 4704 1974 4751 cum
2000 4705 2166 4754 consensu

137 4788 196 4856 filii
222 4793 256 4856 et
278 4790 410 4858 heredis
434 4791 540 4858 nostri
556 4791 706 4858 Heinrici
730 4791 1040 4877 ministerialibus⁶)
1064 4793 1187 4858 nostris
1211 4792 1380 4876 plerisque
1400 4791 1624 4876 presentibus,
1648 4791 1706 4875 qui
1721 4791 1846 4857 factum
1861 4795 2014 4858 nostrum
2028 4797 2166 4859 senten-

138 4896 268 4962 cialiter
301 4898 547 4982 approbabant,
582 4899 723 4965 cenobio
746 4899 956 4965 dominarum
978 4897 1013 4964 in
1039 4898 1188 4966 Leveren
1212 4897 1439 4965 (isterciensis
1463 4895 1627 4982 ordinis7)
1661 4916 1723 4981 pro
1746 4898 1893 4964 remedio
1916 4898 2167 4988 peccatorum⁸)

138 5004 332 5068 nostrorum
355 5023 487 5070 necnon
511 5006 544 5070 et
566 4985 747 5090 parentum
770 5008 961 5072 nostrorum
985 5005 1187 5072 contulimus
1210 5003 1402 5091 absolutet)
1425 5004 1498 5071 iure
1520 5007 1686 5088 perpetuo
1707 5003 1811 5070 libere
1825 5005 2073 5088 possidendam.
2114 5006 2167 5072 Ne

139 5106 243 5192 igitur
265 5109 385 5193 aliquis
408 5113 557 5178 nostram
579 5110 803 5177 donacionem
810 5109 852 5197 ¹⁰)
869 5112 1093 5196 inposterum
1107 5111 1217 5177 valeat
1232 5110 1422 5194 intringere,
1445 5111 1635 5195 presentem
1651 5108 1808 5195 paginam
1823 5109 1921 5194 sigilli
1937 5112 2042 5178 nostri
2057 5111 2167 5178 muni-

137 5214 230 5280 mine
264 5215 493 5283 roboravimus
527 5217 561 5283 et
586 5220 690 5284 testes
724 5217 947 5298 adhibuimus,
982 5237 1127 5301 quorum
1156 5215 1295 5284 nomina
1325 5218 1404 5283 sunt
1431 5217 1511 5284 beo:
1545 5215 1723 5282 Conradus
1745 5216 1788 5282 de
1811 5215 2107 5304 Brochterbekess)
2132 5221 2167 5285 et

136 5317 228 5386 tilius
251 5337 333 5387 suus
356 5321 531 5390 Conradus
540 5321 591 5406 ¹²),
615 5323 838 5392 Godesoalcus
860 5322 980 5389 Budde
1003 5324 1037 5390 et
1058 5322 1150 5389 filius
1172 5343 1254 5390 suus
1277 5323 1536 5408 Lambertusffl),
1572 5323 1786 5389 Hermannus
1810 5325 1852 5390 de
1876 5323 1959 5408 Lon,
1992 5323 2165 5391 lohannes

137 5424 301 5509 Kiselinc,
325 5427 517 5496 Gerhardus
539 5429 583 5496 de
606 5429 799 5513 Mettingen,
822 5429 1001 5498 Heinricus
1023 5428 1153 5511 Budde,
1175 5429 1346 5496 lohannes
1362 5428 1520 5516 Blitscap,
1544 5429 1712 5496 Justacius
1728 5430 1770 5497 de
1786 5429 1970 5516 Hembeke,
1992 5431 2168 5500 'lidericus

1887 5559 1950 5624 11·
