5168 6798
443 453 509 517 136
1404 465 1471 520 1247

445 666 558 728 noster
593 682 703 728 comes
732 663 905 728 Conradus
939 662 994 745 pie
1023 661 1181 726 memorie
1216 656 1258 725 ab
1287 661 1445 744 episcopo
1480 664 1514 725 et
1541 660 1680 725 ecclesia
1707 659 1872 724 Mindensi
1906 661 1941 724 in
1968 658 2067 724 feodo
2092 660 2201 725 tenuit
2234 664 2267 726 et
2294 681 2355 728 nos
2384 665 2465 746 post

441 772 584 834 mortem
608 787 703 832 suam
725 767 945 851 possedimus,
970 767 1127 851 episcopo
1152 770 1186 832 et
1209 766 1347 832 ecclesie
1363 765 1528 830 llindensi
1551 765 1655 830 libere
1679 764 1873 848 reliquimus
1890 768 1923 831 et
1938 765 2090 832 absolute
2105 767 2169 831 sub
2184 767 2242 831 tali
2259 769 2465 846 conditione,

442 875 533 958 quod
568 874 722 950 dominus
752 873 950 958 lo(hannes)
986 874 1164 956 episcopus
1199 873 1241 937 de
1270 891 1435 937 consensu
1468 873 1501 935 et
1529 871 1702 936 voluntate
1735 872 1842 937 tocius
1874 871 2012 936 ecclesie
2035 871 2218 938 llindensis
2248 875 2467 939 medietatem

442 981 540 1045 castri
565 983 598 1045 et
620 980 712 1062 opidi
736 978 876 1062 predicti
900 978 934 1043 in
957 977 1161 1062 Wunstorpe
1184 982 1219 1043 et
1242 977 1392 1042 omniurn
1415 977 1655 1042 antedictorum
1686 978 1852 1043 bonorum
1882 978 1979 1043 nobis
2003 981 2035 1043 et
2059 979 2182 1043 nostris
2206 979 2301 1044 iustis
2325 981 2467 1063 (11Ιῴ-

440 1087 529 1152 timis
553 1085 732 1152 heredibus
755 1086 790 1149 in
812 1085 910 1150 feodo
934 1084 1081 1167 porrexit
1104 1086 1137 1149 et
1160 1087 1314 1166 preterea
1335 1086 1475 1166 partem,
1499 1084 1600 1166 quam
1622 1082 1658 1148 in
1681 1102 1767 1149 novo
1791 1085 1899 1148 castro
1923 1103 1985 1149 suo
2008 1082 2110 1149 irater
2130 1086 2243 1150 noster
2260 1085 2466 1167 C(onradus)

443 1212 554 1258 comes
589 1192 717 1273 habuit,
753 1212 793 1256 eo
820 1192 892 1256 iure
920 1211 987 1274 quo
1017 1193 1049 1254 et
1078 1192 1150 1273 ipse
1180 1191 1316 1254 tenebat
1347 1190 1443 1255 nobis
1473 1189 1608 1272 reliquit
1634 1188 1749 1271 quiete
1779 1190 2026 1271 possidendam.
2073 1189 2248 1256 Adiectum
2272 1194 2323 1256 est
2345 1192 2464 1269 eciam,

444 1299 545 1382 quod,
569 1299 687 1380 siqua
711 1298 875 1381 reparatio
899 1299 956 1362 aut
979 1297 1173 1361 munitionis
1197 1296 1398 1360 constructio
1422 1298 1531 1360 castro
1555 1295 1707 1379 predicto
1731 1294 1766 1359 in
1789 1297 1994 1377 Wunstorpe
2018 1295 2208 1362 adhibenda
2230 1299 2290 1375 est,
2314 1298 2356 1363 de
2372 1301 2465 1381 pari-

441 1406 505 1470 bus
540 1404 666 1470 domini
702 1404 851 1486 episcopi
883 1405 915 1468 et
946 1403 1068 1468 nostris
1097 1403 1270 1485 exspensis
1307 1406 1340 1467 et
1370 1402 1490 1466 studiis
1520 1403 1727 1485 procuretur.
1774 1401 1949 1467 Dominam
1972 1401 2076 1466 eciam
2101 1403 2325 1486 L(ut[rardim)
2350 1405 2467 1469 fratris

443 1511 549 1575 nostri
565 1510 736 1591 C(onradi)
762 1509 891 1574 comitis
913 1509 1061 1573 relictam
1082 1512 1114 1573 et
1129 1507 1215 1572 filias
1232 1508 1304 1572 eius
1321 1506 1495 1590 equalibus
1517 1507 1770 1590 procurabimus
1786 1508 1958 1589 exspensis
1974 1511 2007 1573 et
2023 1507 2206 1574 locabimus
2223 1514 2464 1592 competenter.

443 1594 496 1681 Ad
527 1617 630 1681 robur
657 1616 762 1681 eciam
791 1615 867 1680 talis
898 1614 1177 1679 confederacionis
1208 1616 1242 1677 et
1270 1611 1417 1678 amicicie
1452 1613 1618 1678 adiectum
1652 1615 1703 1678 est
1725 1614 1903 1678 hincinde
1925 1612 1992 1678 fide
2016 1613 2103 1695 data,
2127 1615 2229 1697 quod.
2253 1616 2282 1679 si
2306 1616 2466 1681 dominus

443 1723 620 1804 episcopus
656 1721 844 1804 sepedictus
878 1722 931 1785 vel
966 1739 1174 1786 successores
1209 1720 1279 1784 eius
1314 1738 1376 1783 nos
1406 1739 1426 1784 a
1456 1719 1669 1802 possessione
1702 1721 1887 1784 castrorum
1921 1719 2147 1802 predictorum
2180 1724 2214 1785 et
2248 1721 2391 1787 civitatis
2426 1725 2466 1786 in

441 1829 647 1910 Wunstorpe
671 1829 776 1892 eicere
798 1826 949 1906 voluerit,
984 1826 1096 1890 omnia
1125 1825 1223 1906 bona,
1259 1845 1324 1908 que
1348 1826 1378 1890 ei
1402 1825 1607 1907 reliquimus,
1642 1824 1686 1890 ad
1709 1845 1769 1890 nos
1792 1825 1997 1908 integraliter
2021 1825 2239 1891 revertantur.
2288 1828 2324 1892 Si
2349 1831 2465 1892 autem

441 1955 502 2000 nos
526 1934 720 2017 episcopum
743 1933 795 1998 vel
819 1951 1026 1998 successores
1050 1951 1140 2014 suos,
1175 1931 1267 2014 quod
1289 1932 1387 2012 absit,
1406 1931 1627 2012 -eiecerimus,
1662 1931 1775 1996 omnia
1796 1933 1896 2012 bona,
1931 1951 1997 2014 que
2020 1933 2074 2008 ab,
2088 1953 2129 1996 eo
2150 1936 2314 2014 tenemus,
2338 1935 2403 1999 sibi
2428 1939 2467 1998 et

443 2040 580 2104 ecclesie
608 2039 772 2105 llindensi
808 2039 910 2104 libere
942 2038 1107 2104 vacabunt
1134 2041 1167 2102 et
1194 2037 1355 2103 absolute.
1403 2037 1619 2104 Promisimus
1651 2037 1755 2103 eciam
1786 2037 1854 2104 fide
1883 2039 1972 2118 data,
2006 2038 2098 2120 quod
2126 2039 2307 2105 aservicio
2337 2061 2399 2106 suo
2428 2045 2466 2106 et

442 2146 579 2211 ecclesie
615 2146 796 2210 Mindensis
840 2145 1068 2228 nuncquam1)
1109 2144 1301 2209 recedemus
1337 2147 1368 2208 et
1403 2143 1476 2225 ipse
1509 2145 1607 2210 nobis
1642 2163 1822 2210 econverso
1857 2144 2015 2209 auxilium
2061 2147 2176 2208 contra
2212 2165 2327 2210 omnes
2363 2147 2463 2212 nobis

440 2252 637 2317 iniuriantes
661 2251 813 2334 promisit
835 2253 1049 2333 oportunum.
1095 2250 1271 2315 Adiectum
1294 2251 1440 2333 insuper,
1465 2250 1493 2313 si
1516 2269 1578 2314 nos
1602 2250 1748 2332 aliquam
1771 2253 1901 2333 partem
1924 2251 1993 2316 sive
2015 2250 2056 2315 de
2072 2252 2190 2315 castris
2214 2251 2283 2316 sive
2300 2253 2342 2316 de
2358 2253 2463 2336 opido

442 2358 510 2423 sive
535 2359 576 2422 de
600 2358 698 2421 bonis
721 2357 921 2439 supradictis
946 2359 1004 2421 aut
1026 2358 1133 2420 totum
1157 2356 1240 2420 torte
1263 2355 1433 2438 contingat
1455 2375 1529 2420 esse
1552 2355 1755 2436 vendituros,
1787 2356 1944 2438 episcopo
1969 2355 2137 2420 antedicto
2160 2359 2192 2421 et
2216 2357 2353 2422 ecclesie
2376 2359 2466 2422 blin-

443 2464 549 2546 densi,
585 2464 612 2527 si
637 2466 684 2528 eis
708 2463 879 2546 placuerit,
910 2483 971 2546 pro
994 2464 1088 2526 tanta
1111 2462 1313 2528 dimittemus
1338 2461 1479 2544 pecunie
1503 2481 1643 2542 summa,
1678 2464 1804 2544 quanta
1832 2462 1906 2527 aliis
1936 2462 2106 2527 evidenter
2129 2461 2253 2527 habere
2276 2463 2463 2545 poterimus

443 2561 570 2652 absque
599 2569 675 2634 dolo
710 2590 771 2651 pro
799 2569 923 2633 eisdem
952 2571 984 2632 et
1012 2568 1076 2650 ipsi
1104 2568 1193 2632 idem
1225 2569 1322 2632 nobis
1349 2567 1472 2633 facient
1501 2587 1693 2633 econverso.
1740 2567 1938 2634 Condictum
1961 2571 2012 2633 est
2036 2569 2183 2651 insuper,
2218 2569 2310 2652 quod
2333 2589 2395 2634 nos
2419 2569 2465 2634 de

442 2678 539 2758 parte
562 2676 659 2740 nobis
683 2676 925 2757 assignatorum
949 2675 1057 2740 iacere
1081 2693 1269 2756 possumus,
1294 2675 1385 2756 quod
1408 2674 1572 2755 ratumne,
1597 2675 1777 2740 dummodo
1802 2694 1868 2739 non
1891 2677 2005 2756 vergat
2027 2675 2062 2738 in
2077 2674 2299 2756 preiudicium
2323 2676 2462 2740 ecclesie

442 2780 624 2846 Mindensis
648 2785 681 2846 et
704 2800 891 2862 gravamen.
938 2781 983 2845 Ut
1006 2782 1119 2844 autem
1143 2779 1282 2846 ecclesia
1304 2799 1324 2843 a
1347 2779 1444 2844 nobis
1468 2782 1501 2844 et
1524 2800 1586 2845 nos
1610 2782 1653 2845 ab
1677 2780 1816 2845 ecclesia
1838 2781 2024 2868 secundum
2046 2779 2187 2844 sormam
2210 2781 2369 2864 scriptam
2394 2802 2462 2848 non

442 2886 610 2967 eiciamur,
645 2885 706 2952 XII
730 2885 879 2950 canonici
903 2889 937 2951 et
958 2886 1080 2951 milites
1116 2905 1177 2969 pro
1202 2885 1359 2969 episcopo
1384 2888 1417 2950 et
1440 2885 1581 2950 ecclesia
1607 2889 1640 2950 et
1662 2885 1802 2952 totidem
1825 2886 1946 2951 milites
1969 2888 2002 2950 et
2025 2885 2141 2951 famuli
2175 2907 2235 2970 pro
2266 2887 2362 2952 nobis
2394 2886 2463 2952 fide

444 2994 522 3058 data
544 2997 660 3059 mutuo
689 2991 916 3058 firmaverunt.
962 2992 1020 3056 Isti
1045 3013 1085 3057 ex
1108 2994 1204 3075 parte
1227 2993 1344 3056 nostra
1366 2992 1609 3074 promiserunt:
1645 2990 1768 3055 Conrat
1790 2991 1832 3056 de
1855 2989 1973 3072 Broke,
2008 2993 2178 3057 Arnoldus
2202 2994 2244 3056 de
2268 2991 2463 3072 Beldersen,

443 3099 624 3163 Wernerus
649 3099 689 3163 de
711 3099 930 3181 Negenbunx,
955 3100 1077 3165 Conrat
1101 3099 1142 3164 de
1165 3099 1300 3178 Eckere,
1325 3098 1513 3163 Hillebrant
1535 3099 1577 3163 de
1601 3098 1716 3178 Lente,
1739 3098 1894 3164 lordanis
1918 3097 1959 3163 de
1983 3095 2117 3179 Eclrere,
2142 3097 2338 3163 Thidericus
2363 3099 2463 3164 Holt-

442 3204 584 3286 gravius,
623 3203 811 3270 Alexander
845 3206 886 3271 de
922 3205 1030 3286 Holle,
1070 3205 1289 3287 Eghelbertus
1325 3205 1367 3269 de
1402 3204 1516 3284 Lente,
1554 3201 1732 3268 Bertoldus
1767 3203 1951 3284 Frambalg,
1990 3204 2160 3270 lohannes
2195 3205 2464 3290 Rumscotele2),

442 3309 640 3375 Thidericus
664 3311 890 3393 Holtgravius

660 3417 680 3483 ¹)
699 3414 738 3468 So
757 3417 805 3470 dos
825 3417 870 3470 Or.
909 3417 930 3485 ¹)
949 3416 1011 3470 Or..·
1029 3417 1204 3473 Tumscotele.

575 3501 649 3568 Nur
676 3504 814 3568 erbalten
842 3506 890 3568 ala
918 3502 1122 3590 Transeunrpt
1149 3505 1205 3568 der
1226 3503 1432 3590 Erneuerunp
1461 3505 1560 3570 dieses
1587 3501 1753 3590 Vertrcper
1786 3504 1885 3568 duret
1912 3502 2003 3584 Gras'
2019 3503 2147 3568 dolonn
2181 3527 2239 3568 aaa
2267 3505 2337 3568 dem
2362 3503 2466 3568 vaur«

657 3609 743 3674 1290
768 3611 859 3696 Apol
883 3610 950 3687 10,·
977 3609 1030 3677 Or.
1058 3614 1103 3674 im
1129 3610 1202 3696 Kpt.
1235 3609 1342 3676 sc-A.
1373 3634 1413 3674 zu
1440 3611 1586 3688 Mamer,
1622 3608 1655 3673 F
1653 3616 1823 3675 araterrium
1846 3611 1973 3674 Minden
2003 3607 2062 3672 Nr.
2085 3607 2139 3676 61.
2185 3608 2253 3676 Der
2275 3608 2385 3674 Dncek
2413 3609 2467 3674 cei

661 3713 855 3790 Wrirdtwein,
894 3715 987 3781 Saba.
1011 3717 1135 3802 diplom.
1164 3714 1218 3794 VI,
1257 3715 1291 3782 S.
1317 3714 1391 3782 419.
1425 3717 1481 3780 der
1508 3720 1567 3780 mit
1597 3715 1652 3780 der
1673 3715 1839 3799 Abadrrift
1862 3714 2047 3780 &laneum
2071 3717 2105 3779 in
2129 3716 2205 3778 Mac.
2235 3713 2328 3778 Τ38
2350 3717 2406 3779 vol.
2435 3713 2462 3792 1,

653 3821 708 3898 rol.
734 3820 800 3885 180
832 3825 876 3885 im
899 3821 971 3909 qu.
998 3820 1104 3890 sc-A.
1132 3845 1171 3886 zu
1194 3820 1360 3888 Hannouer
1388 3821 1638 3900 abaciacum
1672 3821 1743 3906 pict
1764 3822 1823 3886 doe
1846 3820 1922 3886 oben
1935 3821 2084 3906 fillencis
2106 3819 2241 3884 Dauom:
2274 3822 2360 3886 Acta
2382 3825 2465 3886 sunt

655 3929 716 3994 bec
738 3928 772 3994 in
797 3930 907 3995 Minda
930 3949 1018 3994 anno
1041 3930 1144 4014 gratie
1167 3927 1436 4010 M⁰CC⁰XLVll⁰.,
1471 3929 1506 3994 in
1529 3929 1639 4014 vigilia
1661 3928 1752 3995 beati
1774 3929 1908 3994 Andree
1930 3929 2074 4013 apostoli
2108 3928 2174 3991 und
2203 3927 2345 3991 scilicaet
2367 3926 2466 4012 obpe-

654 4033 745 4098 aeteu
778 4056 836 4097 oon
867 4037 1050 4120 permeet-en
1084 4030 1327 4120 Abweictmapeu
1359 4056 1418 4100 oon
1452 4033 1554 4120 obiper
1591 4031 1757 4098 Urkunde:
1790 4035 1848 4100 lsu
1880 4055 1919 4100 ex
1949 4037 2044 4117 parte
2073 4037 2188 4100 nostra
2218 4035 2467 4117 promiserunt:

655 4140 825 4205 Arnoldus
849 4142 890 4206 de
907 4141 1081 4207 Hedessen
1104 4140 1243 4225 dapifer,
1268 4142 1441 4208 Conradus
1465 4141 1507 4206 de
1523 4141 1649 4206 Eckere
1673 4142 1707 4205 et
1723 4141 1887 4206 Henricus
1910 4141 2012 4206 irater
2035 4160 2125 4222 suus,
2149 4139 2324 4206 Conradus
2345 4141 2463 4206 nam-

655 4247 742 4329 balg,
759 4245 954 4312 Thidericus
971 4247 1192 4331 Holtgravius,
1209 4247 1339 4311 Olricus
1356 4248 1398 4312 de
1415 4248 1530 4328 Lente,
1554 4248 1719 4313 Jordanus
1736 4248 1778 4312 de
1794 4247 1929 4326 Eckere,
1945 4245 2024 4313 Otto
2039 4247 2162 4313 nobilis
2178 4246 2220 4310 de
2238 4245 2298 4326 Lo,
2316 4246 2462 4312 Rabodo

656 4354 698 4418 de
720 4352 861 4434 Helene,
886 4352 1115 4418 Hartmannus
1140 4353 1275 4418 Luscus.
1325 4351 1437 4438 Rapere
1459 4351 1535 4415 Mac.
1560 4349 1604 4429 II,
1630 4349 1704 4430 189,
1727 4348 1788 4414 Nr.
1811 4349 1857 4414 92
1878 4357 1921 4416 im
1944 4351 2017 4437 th.
2044 4350 2149 4418 St-A.
2173 4373 2212 4414 za
2235 4351 2375 4415 Mdnster
2398 4351 2467 4414 und

658 4456 809 4522 Zeitsclrr.
833 4458 887 4522 dea
909 4457 979 4524 liat.
1010 4453 1078 4524 Ver.
1100 4457 1126 4534 f.
1152 4456 1395 4524 Ntederaoclvam
1417 4455 1470 4544 J9‚
1495 4454 1582 4522 1887
1607 4455 1640 4524 S.
1667 4455 1732 4521 127
1757 4455 1815 4522 Nr.
1838 4455 1891 4524 87.

1405 4657 1498 4734 476.

443 4779 547 4870 Grof
568 4781 706 4869 Ludots
718 4803 789 4852 oon
817 4783 972 4856 ldmmer
1002 4781 1175 4871 coorrupr
1201 4783 1278 4854 aaa
1305 4780 1458 4871 Biaclrof
1477 4782 1618 4854 Jotana
1643 4803 1708 4854 oon
1733 4781 1881 4852 Micodes
1907 4781 2042 4854 Schless
2059 4781 2132 4852 wat
2150 4781 2250 4854 Stodt
2277 4781 2473 4868 Wunstorf

734 4889 808 4961 aad
834 4889 941 4962 eraut
968 4889 1025 4960 dic
1051 4888 1175 4977 Hctte
1201 4911 1245 4960 aa
1271 4888 1370 4960 Leto
1395 4889 1531 4960 saraca
1587 4887 1740 4960 Mindon
1766 4884 1868 4960 1247
1897 4885 2085 4960 November
2113 4888 2170 4960 30.

550 5007 710 5074 Ludoltus
739 5008 800 5074 Dei
834 5007 940 5089 gratia
973 5025 1084 5072 comes
1119 5007 1160 5072 de
1189 5005 1379 5090 Limbere¹)
1413 5005 1575 5072 universis
1609 5007 1800 5090 presentem
1833 5006 1978 5072 litteram
2012 5004 2213 5088 inspecturis
2247 5005 2398 5070 etenum
2423 5003 2462 5068 in

443 5113 586 5180 Domino
614 5113 766 5180 salutem.
813 5114 913 5180 Gesta
942 5113 990 5176 rei
1019 5112 1142 5176 noticia
1169 5115 1374 5196 propagatur
1401 5114 1437 5180 in
1466 5114 1629 5196 posteros,
1664 5131 1740 5178 cum
1767 5111 1860 5178 venit
1889 5111 2071 5178 auctoritas
2101 5113 2135 5174 et
2160 5109 2261 5176 robur
2289 5107 2419 5176 firmius
2441 5128 2466 5174 a

442 5218 633 5286 testimonio
655 5219 850 5284 litterarum.
897 5219 1023 5284 Notum
1044 5217 1144 5300 igitur
1166 5237 1240 5284 esse
1263 5216 1451 5303 cupimust)
1473 5218 1638 5284 universis
1660 5217 1784 5284 Christi
1805 5215 1973 5296 fidelibus,
1997 5216 2089 5299 quod
2111 5235 2173 5282 nos
2196 5217 2272 5299 post
2296 5214 2462 5280 diutinam

442 5325 590 5392 rancoris
616 5327 848 5408 tempestatem
876 5325 965 5390 inter
993 5324 1166 5389 ecclesiam
1188 5325 1395 5390 Mindensem
1418 5327 1454 5390 et
1476 5343 1539 5389 nos
1562 5325 1709 5392 exortam
1731 5323 1900 5392 informati
1923 5321 2041 5405 spiritu
2064 5320 2193 5388 consilii
2216 5319 2360 5386 sanioris
2384 5337 2463 5384 cum

442 5431 579 5498 domino
603 5432 756 5498 Johanne
790 5429 947 5514 episcopo
970 5432 1004 5496 et
1026 5429 1165 5496 ecclesia
1187 5430 1337 5512 predicta
1360 5429 1636 5496 concordavimus
1659 5429 1732 5513 int)
1753 5429 1843 5494 bunc
1865 5427 2010 5495 modum.
2057 5427 2127 5494 Nos
2150 5427 2237 5494 enim
2261 5429 2299 5494 ut
2321 5425 2466 5492 ecclesie
