5044 6816
1366 430 1541 486 1264-1265

1415 629 1506 707 810.

544 756 696 847 Bisctof
718 759 820 829 Kone
847 781 912 829 con
941 757 1090 828 Mindon
1116 756 1294 828 ilberwcist
1321 756 1384 828 der
1412 757 1512 829 stade
1541 757 1691 829 Minden
1718 759 1815 830 einen
1844 757 1945 828 Picta
1970 779 2048 829 aum
2075 757 2231 834 bebaucn.
2284 761 2386 835 1264.

564 877 656 943 Cono
691 875 752 942 Dei
789 877 899 960 gracia
934 876 1116 942 Mindensis
1153 875 1290 940 ecclesie
1328 875 1505 960 episcopus
1540 877 1696 942 omnibus
1727 877 1814 942 hanc
1849 877 2009 942 cartulam
2045 877 2245 962 inspecturis
2276 880 2410 945 salutem
2435 883 2465 947 in

455 983 598 1048 Domino
629 982 733 1047 Jhesu
765 982 907 1047 Christo.
954 983 1116 1048 Noverint
1139 984 1207 1046 tam
1230 985 1404 1065 presentes
1428 1001 1527 1064 quam
1553 983 1665 1064 futuri,
1700 985 1793 1066 quod
1816 1003 1878 1049 nos
1901 1003 2003 1048 causa
2026 983 2173 1048 amicicie
2203 985 2247 1049 ad
2271 987 2465 1052 commodum

451 1090 488 1154 et
511 1089 554 1154 ad
577 1088 755 1154 utilitatem
786 1089 928 1154 civitatis
957 1089 1158 1154 contulimus
1189 1107 1227 1152 ac
1251 1087 1403 1153 dedimus
1431 1088 1544 1172 spacia
1568 1089 1802 1170 universitatis,
1838 1111 1904 1172 que
1928 1090 2024 1172 vulgo
2048 1091 2168 1154 mende
2193 1091 2355 1173 dicuntur,
2389 1093 2465 1158 circa

453 1195 652 1260 cimiterium
676 1195 767 1261 beati
790 1196 924 1260 Martini
949 1215 1056 1278 usque
1080 1194 1122 1260 ad
1146 1195 1308 1280 piscinam
1332 1215 1398 1278 que
1420 1193 1542 1260 dicitur
1565 1196 1735 1280 Pagenpol
1759 1197 1833 1277 sita,
1857 1199 1895 1262 ut
1918 1197 2072 1262 consules
2097 1217 2200 1280 super
2222 1217 2264 1261 ea
2279 1198 2425 1264 edificent
2440 1205 2464 1264 el

452 1305 652 1368 consimant
676 1305 776 1385 prout
798 1302 923 1368 civitati
949 1302 1054 1385 magis
1079 1302 1235 1386 expediat
1258 1305 1292 1367 et
1314 1301 1428 1367 utilius
1452 1321 1526 1366 esse
1548 1304 1710 1385 videatur,
1733 1303 1779 1370 ita
1802 1307 1925 1384 tamen,
1950 1307 1989 1369 ut
2010 1303 2097 1369 viam
2121 1303 2262 1369 edificiis
2287 1324 2352 1369 non
2374 1305 2466 1388 impe·

452 1406 549 1473 diant
578 1409 614 1472 et
643 1408 895 1473 transeuntibus
930 1411 1044 1490 pateat
1078 1409 1160 1474 satis
1195 1407 1307 1490 ampla
1337 1409 1370 1472 et
1402 1408 1477 1473 lata.
1530 1409 1573 1474 Et
1600 1430 1643 1475 ne
1671 1428 1772 1492 super
1802 1411 1865 1475 hiis
1893 1410 1929 1475 in
1956 1413 2130 1494 posterum
2160 1411 2314 1476 dubietas
2343 1412 2465 1489 oriatur,

454 1514 606 1580 dedimus
631 1515 678 1579 eis
701 1535 841 1598 presens
866 1517 1027 1599 scriptum
1051 1514 1149 1598 sigilli
1174 1514 1278 1580 nostri
1302 1515 1487 1580 munimine
1512 1516 1714 1582 roboratum.
1761 1516 1879 1581 Testes
1903 1517 2002 1582 huius
2027 1517 2073 1581 rei
2098 1520 2192 1581 sunt:
2219 1517 2411 1582 Gotscalcus
2432 1519 2465 1583 de

452 1620 611 1696 Bordera
634 1621 803 1686 lohannes
827 1620 918 1700 Bloc,
944 1621 1106 1687 Ludolius
1131 1622 1171 1687 de
1198 1622 1310 1702 Hasle‚
1335 1621 1526 1687 Gerhardus
1550 1624 1640 1707 apud
1664 1627 1814 1688 sanctam
1835 1625 1982 1704 Mariam,
2007 1624 2181 1689 Conradus
2197 1626 2240 1690 de
2257 1625 2353 1704 Rivo,
2376 1627 2465 1689 Thet-

451 1727 578 1792 hardus
596 1730 636 1793 de
649 1729 823 1813 Bastorpe‚
841 1729 1018 1794 Heinricus
1035 1730 1178 1813 Sprune,
1195 1728 1382 1793 Richardus
1400 1728 1442 1792 dc
1460 1729 1725 1813 Pepigkehusen,
1742 1731 1949 1796 Wernherus
1958 1732 1984 1816 ¹)
2001 1733 2043 1795 de
2056 1731 2252 1814 lrigkessen,
2269 1731 2466 1796 Thethardus

453 1835 495 1899 de
521 1835 678 1914 aethere,
710 1835 887 1900 Heinricus
913 1836 954 1899 de
978 1835 1147 1915 Rintelen,
1179 1834 1357 1899 Heinricus
1381 1835 1634 1902 deNienborch
1659 1837 1772 1902 etalii
1796 1838 2041 1921 quamplures
2089 1840 2210 1902 Datum
2235 1857 2325 1902 anno
2351 1839 2465 1902 Domini

451 1942 763 2008 M⁰.CC⁰.LX⁰.HII⁰.

669 2049 691 2118 ¹)
710 2049 770 2105 Or..·
789 2050 943 2105 Wcrherus

591 2137 645 2202 Or.
673 2143 717 2202 im
739 2137 811 2223 Kpl.
839 2136 944 2202 Sa-A.
974 2161 1013 2201 zu
1037 2138 1186 2216 illineter,
1219 2137 1331 2224 Depoa.
1357 2139 1412 2203 der
1437 2139 1530 2204 stadt
1554 2139 1681 2203 Minden
1712 2135 1771 2200 Nr.
1794 2137 1826 2204 9.
1874 2138 1926 2202 Aa
1952 2138 2266 2224 Perpommitstreasen
2295 2140 2355 2202 das
2379 2138 2467 2223 Sicpel

667 2247 720 2310 dea
745 2246 886 2327 Bactros
909 2249 942 2308 in
964 2248 1102 2308 weisaem
1131 2242 1251 2309 Waclta.

1427 2356 1507 2433 811.

452 2483 520 2554 Abi
549 2481 703 2572 Gerlach,
737 2482 841 2555 Prior
874 2482 1036 2574 G(crotd)
1070 2483 1143 2554 aad
1178 2483 1240 2552 cler
1267 2483 1424 2554 Konoent
1459 2483 1520 2553 des
1549 2484 1778 2571 Moriasliftcs
1810 2506 1871 2554 oor
1899 2483 2048 2554 blindan
2084 2483 2291 2572 alotrapcn
2319 2483 2393 2553 dem
2418 2483 2465 2554 lll.

452 2586 737 2678 Borsinplccuscn
765 2591 839 2660 eine
865 2589 963 2677 Hafa
987 2589 1092 2660 Lcnd
1120 2591 1158 2659 in
1178 2588 1499 2683 Eydincgehusen,
1528 2590 1583 2660 dic
1610 2590 1712 2660 ibrccn
1740 2589 1896 2660 Dictriclt
1916 2591 2012 2661 Hocc
2038 2591 2222 2679 resipnicrt
2248 2590 2318 2664 aar.
2374 2589 2465 2661 1264.

508 2777 514 2789 ,
560 2709 669 2773 Huius
701 2709 748 2772 rei
784 2711 888 2772 testes
925 2710 1017 2773 sunt:
1053 2709 1233 2774 advocatus
1269 2709 1311 2773 de
1343 2707 1536 2786 Honorem,
1569 2707 1738 2772 lohannes
1770 2710 1811 2774 de
1843 2710 2018 2787 Esclrerte,
2056 2708 2233 2772 Heinricus
2265 2709 2309 2772 de
2342 2709 2464 2775 Lolhen..

452 2814 622 2881 lohannes
646 2819 680 2880 et
703 2816 864 2880 Artusius
888 2817 929 2880 de
953 2815 1124 2895 Goltorne,
1149 2814 1312 2879 Wiscelus
1335 2816 1493 2896 Westval,
1518 2815 1708 2880 Richardus
1731 2815 1807 2896 VoS,
1833 2815 2008 2880 Heinricus
2032 2816 2073 2879 de
2100 2815 2332 2898 Horenberge,
2360 2814 2465 2878 Tlride-

453 2921 543 2986 ricus
567 2923 608 2987 de
632 2921 743 3003 Alten,
768 2921 904 3000 milites;
929 2921 1090 2987 Ludolius
1115 2922 1156 2986 de
1181 2922 1351 2987 Goltorne.

590 3027 643 3092 Or.
675 3031 719 3091 im
747 3028 818 3113 Kpl.
851 3027 955 3092 sa-A.
990 3051 1029 3091 zu
1057 3025 1233 3105 Ilannoucr,
1265 3027 1525 3113 Barsinplrauaen
1556 3025 1615 3090 Nc.
1641 3027 1719 3092 420.
1770 3026 1865 3092 Gedr.
1895 3051 1922 3092 o.
1947 3025 2138 3112 Hodenberg,
2174 3025 2383 3112 Calenberper
2407 3025 2463 3088 Uli.

668 3133 760 3199 Aba.
785 3133 811 3214 1,
843 3133 877 3199 S.
901 3133 946 3197 32
972 3132 1029 3199 Nr.
1053 3134 1107 3212 ll,
1143 3138 1367 3219 ouazupaweice
1395 3132 1425 3196 U
1428 3133 1468 3198 B.
1492 3135 1548 3198 der·
1573 3133 1666 3198 stada
1689 3133 1855 3198 Honnooer
1888 3133 1975 3218 (ΠΒ.
1999 3135 2052 3198 dec
2075 3134 2144 3198 licat.
2176 3131 2246 3198 Ver.
2269 3134 2331 3210 fair
2354 3131 2464 3196 Nieder-

665 3242 796 3306 saciaco
819 3240 895 3322 Ileft
925 3238 962 3326 Ὀ
989 3241 1022 3308 8.
1039 3240 1083 3305 29
1108 3238 1165 3307 Νν.
1182 3239 1236 3305 30.
1283 3240 1397 3325 Repeet
1421 3241 1551 3306 Summi.
1575 3265 1602 3304 c.
1627 3240 1724 3325 Repp.
1748 3263 1806 3304 zur
1828 3238 2049 3306 Fam-Gemi.
2074 3241 2103 3305 d.
2128 3238 2170 3302 H.
2194 3265 2222 3303 o.
2247 3241 2347 3305 Alteri
2371 3239 2401 3304 S.
2424 3239 2464 3300 lt.

674 3347 773 3414 Uebcr
795 3349 1071 3433 Eydincgehuscn
1093 3348 1152 3434 apl.
1177 3345 1248 3412 oben
1271 3346 1333 3415 Nr.
1357 3345 1433 3415 699.
2064 3387 2066 3398 ι

1428 3476 1511 3554 812.

450 3602 604 3693 Bisclcs
626 3605 725 3676 linco
753 3625 817 3675 con
846 3605 994 3674 allodem
1022 3603 1151 3674 erlandi
1179 3604 1255 3674 dem
1287 3603 1450 3694 Eclelvopt
1488 3603 1671 3674 Widelind
1696 3625 1771 3673 corn
1800 3604 1912 3694 Berge
1946 3604 2001 3674 dic
2030 3603 2227 3692 Grctndunp
2254 3605 2350 3675 eines
2375 3624 2464 3674 acuon

767 3711 926 3782 Klostcrs
953 3709 1020 3798 aa(
1043 3712 1171 3781 scinem
1201 3711 1384 3802 Eigenlum
1413 3708 1490 3800 (ΚΖ.
1519 3710 1668 3801 Lotide).
1723 3709 1817 3782 Hillc
1845 3708 1947 3782 1265
1972 3711 2112 3780 Juanor
2139 3714 2168 3784 1.

561 3829 654 3894 Cono
679 3829 739 3894 Dei
762 3830 867 3910 gratia
891 3829 1071 3894 llindensis
1095 3830 1274 3913 episcopus
1299 3828 1402 3894 nobili
1425 3829 1494 3895 viro
1518 3829 1716 3894 Widekindo
1740 3829 1901 3893 advocato
1925 3829 1967 3892 de
1990 3829 2103 3895 Monte
2127 3828 2184 3911 qui
2205 3829 2334 3895 dicitur
2349 3829 2466 3895 Skalke·

452 3939 533 4020 berg
566 3937 708 4002 salutem
743 3955 781 4000 ac
813 3935 941 4000 sincere
976 3935 1161 4001 dilectionis
1197 3936 1361 4001 affectum.
1409 3935 1493 4000 Cum
1521 3955 1581 3999 nos
1611 3939 1644 4000 et
1672 3955 1800 4000 sacram
1828 3936 1979 4018 plantare
2008 3935 2201 4018 religionem
2234 3955 2277 4000 ac
2301 3938 2467 4021 plantatam

454 4044 567 4109 fovere
590 4063 659 4108 non
682 4041 847 4107 immerito
870 4042 998 4108 ratione
1022 4041 1223 4125 pontificalis
1247 4041 1347 4107 officii
1370 4046 1554 4122 teneamur,
1587 4042 1747 4107 debemus
1770 4043 1874 4106 multo
1898 4041 2001 4124 magis
2025 4042 2068 4106 ob
2092 4061 2240 4108 amorem
2267 4048 2303 4108 et
2326 4044 2469 4107 honorem

455 4151 696 4233 omnipotentis
727 4149 789 4214 Dei
823 4149 1004 4214 claustrum
1038 4149 1107 4213 sive
1137 4149 1316 4214 cenobium
1350 4147 1507 4214 edificare
1536 4149 1659 4213 volenti
1683 4148 1907 4214 favorabiliter
1930 4149 2128 4214 consentire.
2176 4147 2364 4232 Cupientes
2386 4149 2469 4231 igitur

454 4261 581 4324 aetolo
598 4257 718 4322 mentis
741 4256 862 4321 affectu
887 4255 1126 4336 desiderantes,
1151 4258 1189 4320 ut
1210 4255 1245 4320 in
1269 4255 1387 4320 diebus
1412 4255 1533 4322 nostris
1557 4275 1716 4319 numerus
1733 4255 1875 4319 Domino
1900 4254 2114 4319 servientium
2137 4260 2314 4338 augeatur,
2338 4259 2468 4321 restrum

453 4366 599 4430 salutare
622 4363 831 4448 propositum
857 4364 898 4428 de
923 4361 1110 4428 edificando
1134 4363 1289 4444 claustm,
1323 4363 1410 4428 sicut
1433 4363 1560 4428 iustum
1583 4365 1644 4443 est,
1679 4362 1713 4427 in
1738 4361 1798 4426 Dei
1822 4361 1890 4427 lilio
1914 4363 2185 4428 commendamus
2210 4367 2409 4444 annuentes,
2440 4363 2467 4425 ul

453 4471 540 4537 inira
574 4474 720 4536 nostram
756 4469 915 4535 diocesim
949 4470 985 4533 in
1013 4472 1124 4534 restra
1153 4469 1360 4553 proprietate
1392 4470 1554 4534 debonis
1577 4470 1697 4534 vestris
1721 4474 1753 4534 ct
1778 4469 1918 4534 aliorum
1943 4467 2102 4550 fidelium,
2137 4469 2165 4532 si
2188 4469 2249 4551 qui
2274 4469 2361 4535 forte
2382 4486 2469 4534 causa

455 4577 641 4643 devotionis
666 4578 865 4642 elemosinas
890 4577 992 4659 gratis
1015 4576 1145 4659 elargiri
1167 4577 1345 4657 voluerint,
1369 4576 1535 4642 novellam
1556 4577 1713 4641 inchoare
1731 4575 1972 4659 plantationem
1989 4595 2048 4639 seu
2065 4574 2220 4640 edificare
2237 4574 2468 4640 monasterium

454 4685 496 4749 de
522 4685 638 4750 nostra
662 4685 796 4749 licentia
817 4683 965 4749 valeatis.
1014 4684 1156 4766 Insuper
1180 4683 1222 4747 ad
1246 4684 1440 4764 ponendum
1464 4683 1609 4766 lapidem
1634 4680 1829 4765 primarium
1853 4685 1887 4745 ct
1909 4681 1951 4745 ad
1976 4681 2242 4747 consecrandum
2267 4683 2389 4762 omnia,
2415 4699 2469 4762 que

453 4791 501 4856 ibi
524 4790 751 4855 consecranda
774 4791 909 4872 fuerint,
933 4791 1010 4855 dote
1034 4791 1235 4873 competenti
1257 4809 1319 4873 per
1340 4811 1401 4855 vos
1424 4789 1580 4873 primitus
1604 4790 1772 4872 assignata
1795 4787 1986 4852 huiusmodi
2009 4787 2223 4869 monasterio,
2248 4791 2285 4853 et
2304 4791 2346 4854 ad
2363 4787 2469 4852 atrium

455 4897 556 4962 etiam
579 4896 833 4980 designandum,
868 4898 1004 4980 quando
1029 4901 1062 4962 et
1084 4896 1143 4962 ubi
1166 4899 1366 4980 oportunum
1391 4896 1499 4978 luerit,
1535 4897 1563 4961 si
1585 4897 1688 4961 vitam
1712 4895 1811 4960 nobis
1835 4895 1946 4960 divina
1980 4896 2089 4977 pietas
2110 4896 2205 4958 tanto
2229 4898 2384 4978 tempore
2406 4912 2469 4975 pro

453 5022 570 5086 rogare
598 5003 801 5086 dignabitur,
837 5006 972 5087 paratos
997 5024 1058 5068 nos
1082 5003 1272 5068 curabimus
1296 5005 1329 5068 et
1351 5004 1523 5070 benivolos
1546 5003 1714 5068 exhibere.
1761 5001 1900 5067 Gratum
1923 5002 2022 5066 etiam
2045 5001 2208 5066 habemus
2233 5003 2269 5067 et
2292 5004 2411 5082 ratum,
2440 5001 2468 5060 ut

453 5110 488 5175 iu
514 5110 658 5176 claustro
682 5111 874 5176 huiusmodi
897 5131 958 5194 per
980 5114 1125 5176 uestram
1149 5113 1337 5177 constructo
1361 5110 1620 5177 sollicitudinem
1643 5109 1797 5193 religiose
1821 5109 1966 5191 virgines
1998 5129 2058 5174 seu
2081 5107 2202 5173 femine
2227 5109 2271 5173 de
2296 5107 2467 5192 approbato

453 5218 618 5283 duntaxat
641 5217 758 5282 ordine
782 5217 996 5297 collocentur,
1020 5236 1162 5299 quarum
1185 5216 1391 5283 orationibus
1414 5221 1482 5282 tarn
1506 5217 1609 5282 vitam
1634 5220 1783 5281 nostram
1806 5235 1908 5298 quam
1930 5215 2075 5280 animam
2098 5217 2418 5294 recommendamus,
2439 5213 2468 5274 ut

453 5325 490 5389 in
513 5324 691 5406 suffragiis,
727 5344 792 5408 que
824 5345 885 5408 pro
916 5324 1118 5407 specialibus
1148 5323 1220 5389 lieri
1245 5325 1354 5389 solent
1376 5323 1500 5404 amicis,
1536 5344 1599 5389 nos
1622 5344 1684 5387 suo
1707 5343 1840 5405 semper
1862 5325 2105 5387 connumerent
2127 5321 2316 5386 fundatori.
2363 5323 2468 5386 Datum

453 5431 544 5495 Hille
567 5450 656 5496 anno
681 5431 847 5496 dominice.
870 5429 1112 5496 incarnationis
1134 5430 1309 5497 millesimo
1333 5432 1563 5497 ducentesimo
1588 5431 1697 5511 LXV0,
1719 5430 1888 5497 Kalendas
1911 5429 2070 5494 ianuarii.
