5168 6798
1101 487 1169 542 ran
1463 437 1467 446 ⁴
2098 471 2161 538 123

135 690 173 755 in
197 707 275 756 vero
298 689 446 754 salutari.
491 685 598 752 Nosse
633 686 786 769 cupimus
816 705 943 767 omnes,
977 685 1019 750 ad
1050 703 1134 767 quos
1163 683 1227 750 boc
1258 681 1418 766 scriptum
1446 682 1646 766 pervenerit,
1686 683 1777 766 quod
1810 683 1964 748 dominus
1990 684 2164 751 Gilboldus

135 798 253 861 noster
275 794 451 876 burgensis
475 792 636 858 decimam
661 812 764 875 super
785 794 854 857 tres
877 792 996 856 domus
1018 791 1054 855 in
1076 789 1266 854 Elmohorst
1289 788 1368 854 sitas
1392 788 1536 872 pecunia
1559 790 1637 855 data
1661 789 1800 854 redemit
1823 790 1865 854 de
1888 809 1991 856 manu
2015 811 2166 875 quorun-

137 901 227 982 dam,
250 900 308 984 qui
331 919 406 964 eam
431 899 473 964 de
495 918 597 964 manu
621 897 726 963 nostri
749 898 911 981 prepositi
927 897 1060 962 maioris
1076 897 1113 961 in
1128 895 1261 979 pheodo
1277 897 1465 960 tenuerunt.
1512 895 1662 960 Eandem
1678 915 1813 978 quoque
1831 895 1993 961 decimam
2009 897 2167 965 dominus

139 1007 312 1074 lohannes
347 1007 463 1071 noster
493 1004 671 1089 episcopus
705 1003 770 1069 sibi
792 1003 992 1086 resignatam
1016 1003 1059 1067 ad
1082 1005 1232 1068 nostram
1256 999 1399 1066 contulit
1420 1000 1639 1084 prebendam,
1674 1001 1722 1066 ita
1746 1004 1860 1066 tamen
1882 1003 1974 1084 quod
1997 1003 2063 1070 iam
2086 1023 2166 1086 pre-

138 1114 229 1179 rarus
257 1112 433 1178 Gilboldus
467 1111 576 1194 ipsam
612 1109 725 1193 quoad
758 1109 830 1175 dies
860 1108 927 1174 vite
961 1129 1021 1175 sue
1048 1128 1125 1173 cum
1155 1106 1318 1172 fructibus
1352 1107 1430 1172 inde
1458 1106 1733 1190 provenientibus
1768 1107 1932 1193 percipiet
1962 1108 2168 1191 integraliter·

137 1221 251 1302 preter
274 1218 437 1284 minutam
461 1217 624 1282 decimam
648 1217 775 1297 domus,
800 1217 835 1282 in
859 1235 925 1299 qua
949 1215 1105 1280 dominus
1122 1214 1336 1279 Gherhardus
1360 1217 1536 1280 manserat.
1585 1214 1733 1280 Instituit
1755 1214 1859 1281 eciam
1882 1213 1950 1280 iam
1972 1215 2167 1298 sepedictus

136 1326 200 1405 vir,
235 1324 325 1407 quod
361 1324 397 1388 in
428 1321 656 1388 anniversario
684 1341 746 1388 suo
781 1322 823 1386 de
857 1323 972 1386 eadem
1009 1319 1137 1386 decima
1172 1321 1339 1386 dabuntur
1372 1319 1528 1385 iratribus
1563 1321 1738 1387 duodecim
1772 1320 1871 1385 solidi
1899 1323 1931 1386 et
1963 1322 2032 1386 tres
2067 1320 2167 1387 solidi

137 1429 270 1494 vicariis
301 1431 336 1494 ei
363 1428 551 1494 minoribus
586 1428 764 1511 canonicis,
799 1447 886 1494 unus
922 1425 1049 1493 solidus
1084 1426 1278 1506 scolaribus,
1314 1426 1381 1492 duo
1416 1426 1543 1491 denarii
1572 1426 1791 1510 campanariis
1815 1430 1848 1491 et
1871 1427 1939 1492 duo
1962 1425 2166 1510 camerariis,

135 1535 256 1619 viginti
288 1536 412 1602 denarii
443 1535 486 1600 ad
509 1535 715 1619 candelam¹)
745 1534 973 1600 nocturnalem
1005 1536 1038 1599 et
1067 1532 1273 1599 oblacionem
1304 1532 1484 1613 missalem,
1519 1534 1552 1597 et
1575 1533 1667 1616 quod
1690 1532 1861 1598 residuum
1884 1533 1993 1616 fuerit,
2027 1531 2165 1599 habebit

136 1641 298 1725 providus
335 1641 554 1725 dispensator.
607 1638 658 1705 Ne
692 1644 804 1706 autern
838 1641 899 1706 hec
933 1639 1103 1705 ordinacio
1140 1643 1209 1706 tam
1244 1639 1299 1722 pia
1333 1639 1369 1703 in
1401 1637 1604 1704 oblivionem
1641 1639 1762 1720 veniat,
1800 1640 2030 1704 membranam
2065 1639 2165 1704 istam

135 1748 216 1812 inde
251 1747 474 1832 conscriptam
512 1747 609 1829 sigilli
647 1747 753 1812 nostri
790 1746 1011 1830 appendiculo
1049 1746 1204 1811 duximus
1242 1745 1402 1810 roborari.
1465 1745 1549 1809 Acta
1583 1749 1661 1810 sunt
1699 1746 1761 1812 hec
1798 1765 1887 1810 anno
1925 1744 2163 1811 incarnationis

137 1851 277 1919 Domini
300 1852 573 1919 M⁰.CC⁰.XLIIII.

356 1957 378 2028 ¹)
397 1955 480 2012 Meo„-
498 1958 638 2015 cautelam.

274 2045 441 2130 Ancnn
463 2047 517 2112 nr
541 2047 592 2112 14.
616 2046 671 2111 n.
695 2049 729 2111 n
751 2047 828 2111 nro.
859 2043 932 2124 rrr,
955 2045 1053 2124 nor,
1077 2047 1132 2126 nr.
1158 2046 1199 2109 15
1229 2050 1273 2110 n
1296 2045 1368 2131 rnr.
1392 2043 1493 2110 san.
1523 2068 1562 2109 n
1584 2046 1734 2112 namen.
1780 2045 1894 2130 nnn
1916 2045 1992 2110 nro.
2018 2043 2062 2124 rr,
2088 2043 2165 2126 roe,
2274 2025 2287 2055 '

356 2151 414 2218 Nr.
437 2151 513 2219 509.
564 2151 659 2219 Gadr.
689 2151 878 2219 Wrirdtwein
903 2151 996 2220 Saba.
1014 2153 1088 2238 dipl.
1114 2149 1164 2231 VI,
1192 2151 1226 2218 S.
1243 2149 1318 2217 416.
1365 2153 1553 2218 Elmelrorst
1575 2154 1617 2216 nr
1637 2157 1717 2216 nnat
1738 2174 1793 2216 zm.
1817 2150 1943 2217 Ddiren
1959 2175 1990 2216 n.
2009 2149 2164 2218 Hermen.

1106 2385 1201 2462 430.

138 2509 268 2602 Grc'r'fin
296 2513 418 2603 Sophia
443 2533 509 2584 non
535 2512 756 2603 Ronensbcrg
782 2512 855 2584 nnd
881 2510 982 2600 Graf
999 2511 1169 2583 Heinrich
1186 2533 1250 2583 non
1272 2511 1499 2602 iecilenbnrp
1525 2513 1683 2585 belebnen
1710 2513 1894 2584 Hermann
1912 2534 1977 2584 von
1996 2513 2172 2603 Kalldorf

757 2619 820 2689 nit
847 2618 942 2689 einer
969 2617 1067 2705 ane
1093 2619 1131 2689 in
1159 2617 1382 2690 Holthusen.
1438 2617 1550 2691 1244.

246 2737 383 2821 Sopbya
406 2737 467 2802 Dei
490 2739 595 2820 gratia
619 2736 787 2802 comitissa
810 2737 851 2801 de
875 2736 1091 2819 Ravensberg
1113 2738 1147 2800 et
1172 2734 1328 2801 Hinrious
1352 2737 1440 2801 filius
1464 2756 1573 2802 comes
1597 2739 1639 2803 de
1662 2738 1903 2822 Thekeneborg
1926 2738 2091 2819 omnibus,
2122 2739 2166 2804 ad

138 2861 226 2925 quos
250 2862 390 2925 presens
414 2844 575 2927 scriptum
598 2843 796 2927 pervenerit,
820 2842 973 2907 salutern.
1021 2843 1146 2908 Notum
1168 2862 1241 2906 esse
1265 2843 1420 2908 volumus
1443 2842 1617 2926 universis,
1642 2844 1734 2927 quod
1758 2864 1819 2909 nos
1843 2843 2049 2928 respeximus
2065 2843 2164 2910 fidele

138 2947 312 3013 servitium
343 2948 470 3014 domini
500 2949 685 3014 Hermanni
714 2949 755 3012 de
784 2947 1019 3030 Callenthorpe
1054 2950 1087 3012 et
1114 2949 1322 3030 porreximus
1352 2949 1382 3014 ei
1411 2969 1564 3015 mansum
1600 2970 1706 3016 unum
1736 2951 1771 3014 in
1800 2950 1988 3016 Holthusen
2025 2951 2060 3016 ei
2094 2951 2164 3016 suis

136 3055 321 3120 heredibus
354 3055 451 3121 iustis
485 3055 520 3120 in
552 3055 651 3122 ieodo
680 3057 713 3119 et
740 3055 835 3120 uxori
865 3075 925 3120 sue
952 3055 1173 3136 usufructum,
1208 3055 1300 3138 quod
1327 3055 1362 3119 in
1391 3055 1519 3138 vulgari
1551 3055 1670 3121 dicitur
1704 3056 1848 3137 liftuclrt,
1883 3075 1986 3139 super
2020 3055 2164 3121 eundem

137 3180 294 3226 mansum
328 3160 491 3243 videlicet,
526 3163 559 3227 et
586 3160 787 3227 audiverunt
820 3160 975 3225 dominus
1002 3161 1143 3225 Rabodo
1173 3161 1214 3226 de
1247 3160 1517 3244 Wortbinchove,
1553 3162 1693 3228 lsfridus
1724 3162 1875 3246 scriptor,
1910 3161 2099 3228 Riclrardus
2122 3163 2165 3227 de

137 3267 328 3349 Snathorst,
365 3267 579 3333 Hermannus
611 3266 761 3350 claviger.
820 3267 864 3331 Ut
892 3268 1004 3331 autem
1031 3266 1165 3332 firmum
1199 3270 1334 3333 maneat
1362 3271 1397 3334 et
1423 3267 1637 3350 indivulsum,
1671 3267 1784 3335 littera
1817 3268 1964 3352 presenti
1994 3271 2029 3333 et
2057 3267 2165 3350 sigillo

135 3373 255 3437 nostro
282 3371 526 3439 confirmamus.
573 3374 696 3440 Datum
719 3392 807 3439 anno
830 3372 963 3438 Domini
986 3372 1249 3438 M⁰CC⁰XLIIII⁰.

277 3473 437 3558 Abaclnift
465 3478 518 3543 dea
550 3476 602 3543 Or.
635 3481 680 3542 im
706 3479 812 3558 sirati.
836 3475 1078 3542 Hans-Arenioe
1105 3500 1145 3542 zn
1167 3475 1312 3542 Dennold
1346 3477 1483 3563 decerpto
1512 3480 1631 3565 gritigrt
1658 3477 1744 3543 Hnr
1767 3478 1937 3544 Archiorat
1959 3477 2165 3548 Berkemeier.

355 3581 460 3669 Siegel
480 3606 539 3648 von
561 3584 631 3648 darn
652 3605 709 3648 von
731 3583 787 3649 der·
816 3582 890 3650 Urio.
915 3583 1139 3668 gerenonem
1162 3581 1477 3670 Pergamentatreffrn
1499 3584 1550 3652 ab.
1599 3584 1714 3670 Regnat
1735 3583 1825 3670 Inpp.
1851 3583 1950 3671 Regg.
1974 3582 2001 3664 I,
2039 3583 2074 3650 S.
2099 3581 2167 3648 173

353 3685 413 3754 Nr.
441 3687 518 3755 234.
565 3691 755 3756 Holthusen
788 3691 847 3755 noi
881 3687 1194 3774 Langneiolzlraneen
1226 3693 1271 3754 im
1303 3689 1375 3775 lipp.
1406 3691 1484 3754 Arni
1515 3689 1704 3770 Soidnmar,
1739 3691 1863 3755 damula
1896 3690 2074 3756 oermntlirlr
2106 3712 2167 3755 zar

352 3793 544 3876 Herraclraft
577 3793 685 3861 Vinio
716 3797 853 3882 getting,
889 3797 938 3862 die
967 3797 1036 3861 dem
1063 3796 1178 3861 Manna
1212 3796 1266 3861 der
1291 3792 1413 3882 Sophia,
1447 3797 1516 3862 dem
1542 3795 1667 3878 Grafen
1689 3795 1761 3862 Ono
1786 3797 1963 3883 zngefalien
1989 3818 2067 3874 war,
2101 3797 2164 3882 agl.

353 3901 408 3968 dia
430 3899 509 3968 Uri.
534 3899 594 3966 Nr.
621 3901 695 3968 154.

1111 4066 1196 4144 431.

135 4188 210 4260 Die
235 4185 378 4260 Bntdor
410 4186 595 4261 Berntord
621 4190 694 4262 nnd
721 4189 908 4262 Friedrich
939 4213 1004 4263 ron
1040 4191 1229 4264 nonerunt
1260 4192 1449 4264 nnrnlnen
1482 4173 1528 4263 an
1554 4192 1707 4265 Gnnsten
1738 4193 1798 4265 ries
1827 4192 1886 4267 Kl.
1914 4193 2064 4266 Lenem
2098 4191 2171 4282 anf

495 4295 560 4367 alle
586 4295 714 4368 Recine
741 4319 788 4368 an
814 4297 913 4368 ibren
942 4296 1074 4368 Giton
1101 4299 1139 4368 in
1166 4297 1397 4369 Marsberch.
1453 4299 1491 4374 0.
1517 4297 1553 4370 J.
1582 4297 1659 4389 (nm
1685 4299 1810 4390 1244).
2232 4365 2234 4376 .

273 4409 368 4480 Gedr.
395 4412 477 4476 naon
498 4413 567 4478 dem
593 4411 647 4476 Or.
679 4415 724 4477 im
746 4413 866 4478 Arellio
899 4413 953 4478 dea
974 4412 1029 4478 ΚΖ.
1052 4412 1189 4478 Locrum
1221 4412 1464 4500 nuorinberg,
1502 4413 1704 4500 Cannar—qn
1731 4413 1800 4479 ΠΒ.
1836 4415 1931 4480 Ain.
1958 4412 2021 4494 III,
2059 4413 2093 4480 S.
2120 4411 2162 4478 75

353 4515 412 4584 Nr.
436 4517 490 4597 98,
526 4517 663 4604 (impert,
707 4518 793 4604 Θήρ.
819 4518 926 4606 Pyrm.
960 4517 994 4584 S.
1021 4518 1094 4598 128,
1132 4518 1264 4599 Scireidt,
1306 4517 1381 4584 Vom
1403 4520 1487 4586 Adel
1520 4519 1554 4586 S.
1577 4519 1654 4588 232.
1707 4519 1818 4606 Wegen
1841 4524 2033 4588 Marsberch
2066 4521 2162 4607 vergi.

352 4624 429 4690 oben
453 4621 513 4690 Nr.
536 4622 613 4688 330.

136 4910 237 5000 Grai
277 4910 420 5002 Volquin
460 4932 526 4983 oon
559 4911 818 5003 Sclnolenberg
856 4913 1028 5004 habundet,
1070 4915 1153 4986 dass
1193 4917 1286 4988 aeine
1327 4915 1555 4988 Verwondten
1594 4916 1652 4988 die
1684 4915 1829 4989 Brider
1868 4914 2055 4990 Bernlrnrd
2089 4918 2163 4990 nnd

136 5015 324 5088 Friedricn
355 5038 420 5088 oon
455 5016 643 5090 Collerbeclr
675 5019 749 5090 oicr
782 5018 904 5108 anen
937 5020 975 5090 in
1007 5018 1227 5116 Marsbarge
1260 5022 1332 5094 nnd
1366 5024 1463 5094 einen
1499 5023 1645 5096 Werder
1679 5024 1718 5094 in
1750 5022 1812 5094 der
1845 5023 1953 5117 Morlr
1987 5022 2160 5119 Meninge

605 5125 682 5196 den
707 5121 763 5196 ln.
791 5125 939 5196 Loconnr
963 5125 1140 5216 qainon
1166 5127 1282 5200 imben
1339 5129 1376 5204 0.
1403 5128 1439 5200 J.
1466 5128 1542 5219 (nrn
1568 5127 1693 5221 1244).

274 5237 368 5306 Θεῶν.
396 5240 476 5304 nani
505 5241 572 5306 dom
596 5240 652 5306 Or.
686 5245 731 5304 inr
752 5241 869 5305 Arellio
898 5243 951 5307 dea
974 5241 1025 5309 Kl.
1051 5241 1186 5308 Leonem
1218 5267 1247 5309 v.
1270 5242 1461 5330 Hodenberg,
1499 5243 1706 5330 Catenberger
1733 5242 1804 5312 ΠΒ.
1837 5244 1930 5310 Aba.
1955 5242 2019 5323 III,
2057 5243 2090 5312 S.
2119 5245 2161 5311 75

351 5343 413 5410 Nr.
437 5344 491 5424 99,
517 5345 676 5434 ⁸(harpen,
706 5346 796 5432 Oriq.
821 5345 928 5434 Pyran.
959 5346 1092 5414 &104
1145 5347 1256 5437 Wegen
1283 5351 1337 5414 cler
1364 5351 1726 5436 vernandteolrastlioien
1759 5348 1985 5417 Verminam
2019 5351 2075 5416 der
2101 5373 2161 5417 ron

354 5449 527 5518 Collrrbeclc
548 5475 588 5517 zn
610 5453 669 5518 den
692 5451 816 5537 Grafen
838 5475 896 5517 oon
917 5451 1152 5540 Soiwclenberg
1174 5457 1234 5542 ogi.
1259 5457 1308 5521 die
1331 5456 1426 5523 Anrn.
1450 5460 1483 5521 in
1505 5455 1598 5543 h'nrp.
1623 5455 1722 5542 Regg.
1749 5456 1784 5522 S.
1805 5455 1872 5520 225
1895 5454 1958 5519 Nr.
1981 5455 2085 5523 3400.

1881 5584 1945 5648 16*
