<?xml version="1.0" encoding="UTF-8"?>
<!DOCTYPE html PUBLIC "-//W3C//DTD XHTML 1.0 Transitional//EN"
    "http://www.w3.org/TR/xhtml1/DTD/xhtml1-transitional.dtd">
<html xmlns="http://www.w3.org/1999/xhtml" xml:lang="en" lang="en">
 <head>
  <title>
</title>
<meta http-equiv="Content-Type" content="text/html;charset=utf-8" />
  <meta name='ocr-system' content='tesseract 3.04.00' />
  <meta name='ocr-capabilities' content='ocr_page ocr_carea ocr_par ocr_line ocrx_word'/>
</head>
<body>
  <div class='ocr_page' id='page_1' title='image "./westflischesurk00westgoog_0269.png"; bbox 0 0 5058 6792; ppageno 0'>
   <div class='ocr_carea' id='block_1_1' title="bbox 429 421 1488 492">
    <p class='ocr_par' dir='ltr' id='par_1_1' title="bbox 429 421 1488 492">
     <span class='ocr_line' id='line_1_1' title="bbox 429 421 1488 492; baseline 0.003 -3"><span class='ocrx_word' id='word_1_1' title='bbox 429 421 494 489; x_wconf 71' lang='lat'>252</span> <span class='ocrx_word' id='word_1_2' title='bbox 1421 436 1488 492; x_wconf 80' lang='lat' dir='ltr'>raes</span> 
     </span>
    </p>
   </div>
   <div class='ocr_carea' id='block_1_2' title="bbox 423 632 2440 2742">
    <p class='ocr_par' dir='ltr' id='par_1_2' title="bbox 423 632 2440 2742">
     <span class='ocr_line' id='line_1_2' title="bbox 428 632 2436 724; baseline 0.004 -25"><span class='ocrx_word' id='word_1_3' title='bbox 428 653 577 717; x_wconf 91' lang='lat' dir='ltr'>unquam</span> <span class='ocrx_word' id='word_1_4' title='bbox 600 633 719 698; x_wconf 87' lang='lat' dir='ltr'>collata</span> <span class='ocrx_word' id='word_1_5' title='bbox 742 633 883 713; x_wconf 85' lang='lat' dir='ltr'>fuerant,</span> <span class='ocrx_word' id='word_1_6' title='bbox 907 633 1016 698; x_wconf 89' lang='lat' dir='ltr'>dictus</span> <span class='ocrx_word' id='word_1_7' title='bbox 1039 632 1195 716; x_wconf 88' lang='lat' dir='ltr'>princeps</span> <span class='ocrx_word' id='word_1_8' title='bbox 1218 653 1285 699; x_wconf 89' lang='lat' dir='ltr'>una</span> <span class='ocrx_word' id='word_1_9' title='bbox 1308 652 1383 698; x_wconf 93' lang='lat' dir='ltr'>cum</span> <span class='ocrx_word' id='word_1_10' title='bbox 1407 633 1507 698; x_wconf 88' lang='lat' dir='ltr'>tratre</span> <span class='ocrx_word' id='word_1_11' title='bbox 1531 653 1591 698; x_wconf 93' lang='lat' dir='ltr'>suo</span> <span class='ocrx_word' id='word_1_12' title='bbox 1613 633 1765 700; x_wconf 80' lang='lat' dir='ltr'>iohanne</span> <span class='ocrx_word' id='word_1_13' title='bbox 1788 636 1872 701; x_wconf 90' lang='lat' dir='ltr'>duce</span> <span class='ocrx_word' id='word_1_14' title='bbox 1895 640 1965 702; x_wconf 89' lang='lat' dir='ltr'>tam</span> <span class='ocrx_word' id='word_1_15' title='bbox 1988 637 2160 702; x_wconf 87' lang='lat' dir='ltr'>ecclesiam</span> <span class='ocrx_word' id='word_1_16' title='bbox 2183 639 2252 703; x_wconf 90' lang='lat' dir='ltr'>sive</span> <span class='ocrx_word' id='word_1_17' title='bbox 2269 637 2320 704; x_wconf 92' lang='lat' dir='ltr'>ius</span> <span class='ocrx_word' id='word_1_18' title='bbox 2336 644 2436 724; x_wconf 89' lang='lat' dir='ltr'>patro-</span> 
     </span>
     <span class='ocr_line' id='line_1_3' title="bbox 428 738 2436 830; baseline 0.004 -25"><span class='ocrx_word' id='word_1_19' title='bbox 428 743 528 806; x_wconf 80' lang='lat' dir='ltr'><strong>natus</strong></span> <span class='ocrx_word' id='word_1_20' title='bbox 559 740 645 804; x_wconf 91' lang='lat' dir='ltr'>dicte</span> <span class='ocrx_word' id='word_1_21' title='bbox 675 738 812 804; x_wconf 82' lang='lat' dir='ltr'>ecclesie</span> <span class='ocrx_word' id='word_1_22' title='bbox 843 758 943 822; x_wconf 88' lang='lat' dir='ltr'>quam</span> <span class='ocrx_word' id='word_1_23' title='bbox 973 740 1090 804; x_wconf 92' lang='lat' dir='ltr'>domos</span> <span class='ocrx_word' id='word_1_24' title='bbox 1119 759 1179 804; x_wconf 88' lang='lat' dir='ltr'>seu</span> <span class='ocrx_word' id='word_1_25' title='bbox 1203 739 1379 804; x_wconf 88' lang='lat' dir='ltr'>domorum</span> <span class='ocrx_word' id='word_1_26' title='bbox 1403 742 1436 805; x_wconf 91' lang='lat' dir='ltr'>et</span> <span class='ocrx_word' id='word_1_27' title='bbox 1459 760 1611 822; x_wconf 89' lang='lat' dir='ltr'>agrorum</span> <span class='ocrx_word' id='word_1_28' title='bbox 1635 741 1826 806; x_wconf 91' lang='lat' dir='ltr'>huiusmodi</span> <span class='ocrx_word' id='word_1_29' title='bbox 1850 742 2087 826; x_wconf 76' lang='lat' dir='ltr'>proprietatem</span> <span class='ocrx_word' id='word_1_30' title='bbox 2111 746 2243 810; x_wconf 87' lang='lat' dir='ltr'>nostras</span> <span class='ocrx_word' id='word_1_31' title='bbox 2267 746 2310 810; x_wconf 90' lang='lat' dir='ltr'>ad</span> <span class='ocrx_word' id='word_1_32' title='bbox 2332 767 2436 830; x_wconf 81' lang='lat' dir='ltr'>preces</span> 
     </span>
     <span class='ocr_line' id='line_1_4' title="bbox 425 845 2437 938; baseline 0.005 -28"><span class='ocrx_word' id='word_1_33' title='bbox 425 848 564 930; x_wconf 89' lang='lat' dir='ltr'>propter</span> <span class='ocrx_word' id='word_1_34' title='bbox 579 845 686 910; x_wconf 91' lang='lat' dir='ltr'>Deum</span> <span class='ocrx_word' id='word_1_35' title='bbox 706 845 839 927; x_wconf 84' lang='lat' dir='ltr'>incepta</span> <span class='ocrx_word' id='word_1_36' title='bbox 863 865 882 909; x_wconf 90' lang='lat' dir='ltr'>a</span> <span class='ocrx_word' id='word_1_37' title='bbox 906 846 1003 910; x_wconf 89' lang='lat' dir='ltr'>nobis</span> <span class='ocrx_word' id='word_1_38' title='bbox 1026 845 1225 928; x_wconf 69' lang='lat' dir='ltr'>plantationi</span> <span class='ocrx_word' id='word_1_39' title='bbox 1249 845 1429 910; x_wconf 89' lang='lat' dir='ltr'>liberaliter</span> <span class='ocrx_word' id='word_1_40' title='bbox 1452 847 1677 912; x_wconf 90' lang='lat' dir='ltr'>contulerunt.</span> <span class='ocrx_word' id='word_1_41' title='bbox 1723 847 1792 914; x_wconf 91' lang='lat' dir='ltr'>Nec</span> <span class='ocrx_word' id='word_1_42' title='bbox 1815 852 1866 914; x_wconf 90' lang='lat' dir='ltr'>est</span> <span class='ocrx_word' id='word_1_43' title='bbox 1886 850 2076 932; x_wconf 86' lang='lat' dir='ltr'>tacendum,</span> <span class='ocrx_word' id='word_1_44' title='bbox 2100 854 2137 916; x_wconf 91' lang='lat' dir='ltr'>ut</span> <span class='ocrx_word' id='word_1_45' title='bbox 2160 851 2335 933; x_wconf 88' lang='lat' dir='ltr'>credimus,</span> <span class='ocrx_word' id='word_1_46' title='bbox 2357 855 2437 938; x_wconf 83' lang='lat' dir='ltr'>quod</span> 
     </span>
     <span class='ocr_line' id='line_1_5' title="bbox 429 952 2437 1042; baseline 0.004 -25"><span class='ocrx_word' id='word_1_47' title='bbox 429 952 541 1017; x_wconf 90' lang='lat' dir='ltr'>omnia</span> <span class='ocrx_word' id='word_1_48' title='bbox 564 952 713 1035; x_wconf 90' lang='lat' dir='ltr'>predicta</span> <span class='ocrx_word' id='word_1_49' title='bbox 737 953 825 1016; x_wconf 89' lang='lat' dir='ltr'>bona</span> <span class='ocrx_word' id='word_1_50' title='bbox 848 971 916 1016; x_wconf 90' lang='lat' dir='ltr'>non</span> <span class='ocrx_word' id='word_1_51' title='bbox 942 953 983 1017; x_wconf 89' lang='lat' dir='ltr'>de</span> <span class='ocrx_word' id='word_1_52' title='bbox 1006 952 1188 1018; x_wconf 88' lang='lat' dir='ltr'>hereditate</span> <span class='ocrx_word' id='word_1_53' title='bbox 1214 955 1401 1016; x_wconf 88' lang='lat' dir='ltr'>nostrorum</span> <span class='ocrx_word' id='word_1_54' title='bbox 1426 953 1675 1036; x_wconf 88' lang='lat' dir='ltr'>progenitorum</span> <span class='ocrx_word' id='word_1_55' title='bbox 1699 954 1887 1036; x_wconf 86' lang='lat' dir='ltr'>extiterant,</span> <span class='ocrx_word' id='word_1_56' title='bbox 1907 955 1967 1020; x_wconf 89' lang='lat' dir='ltr'>sed</span> <span class='ocrx_word' id='word_1_57' title='bbox 1984 957 2097 1020; x_wconf 89' lang='lat' dir='ltr'>nostra</span> <span class='ocrx_word' id='word_1_58' title='bbox 2112 959 2253 1039; x_wconf 88' lang='lat' dir='ltr'>pecunia</span> <span class='ocrx_word' id='word_1_59' title='bbox 2268 961 2437 1042; x_wconf 86' lang='lat' dir='ltr'>nostraque</span> 
     </span>
     <span class='ocr_line' id='line_1_6' title="bbox 425 1057 2436 1145; baseline 0.003 -22"><span class='ocrx_word' id='word_1_60' title='bbox 425 1058 558 1124; x_wconf 88' lang='lat' dir='ltr'>fuerant</span> <span class='ocrx_word' id='word_1_61' title='bbox 582 1057 746 1124; x_wconf 89' lang='lat' dir='ltr'>industria</span> <span class='ocrx_word' id='word_1_62' title='bbox 769 1058 965 1141; x_wconf 84' lang='lat' dir='ltr'>conquisita,</span> <span class='ocrx_word' id='word_1_63' title='bbox 989 1061 1127 1143; x_wconf 88' lang='lat' dir='ltr'>propter</span> <span class='ocrx_word' id='word_1_64' title='bbox 1149 1060 1240 1141; x_wconf 89' lang='lat' dir='ltr'>quod</span> <span class='ocrx_word' id='word_1_65' title='bbox 1263 1079 1302 1123; x_wconf 91' lang='lat' dir='ltr'>ea</span> <span class='ocrx_word' id='word_1_66' title='bbox 1326 1059 1516 1142; x_wconf 82' lang='lat' dir='ltr'>resignandi</span> <span class='ocrx_word' id='word_1_67' title='bbox 1538 1078 1598 1124; x_wconf 92' lang='lat' dir='ltr'>seu</span> <span class='ocrx_word' id='word_1_68' title='bbox 1616 1060 1762 1125; x_wconf 88' lang='lat' dir='ltr'>donandi</span> <span class='ocrx_word' id='word_1_69' title='bbox 1779 1061 1917 1126; x_wconf 86' lang='lat' dir='ltr'>liberam</span> <span class='ocrx_word' id='word_1_70' title='bbox 1933 1063 2037 1145; x_wconf 89' lang='lat' dir='ltr'>magis</span> <span class='ocrx_word' id='word_1_71' title='bbox 2053 1063 2231 1128; x_wconf 86' lang='lat' dir='ltr'>habuimus</span> <span class='ocrx_word' id='word_1_72' title='bbox 2247 1065 2436 1131; x_wconf 86' lang='lat' dir='ltr'>facultatem.</span> 
     </span>
     <span class='ocr_line' id='line_1_7' title="bbox 424 1165 2437 1253; baseline 0.001 -22"><span class='ocrx_word' id='word_1_73' title='bbox 424 1166 494 1231; x_wconf 87' lang='lat' dir='ltr'>Nos</span> <span class='ocrx_word' id='word_1_74' title='bbox 524 1165 614 1230; x_wconf 91' lang='lat' dir='ltr'>enim</span> <span class='ocrx_word' id='word_1_75' title='bbox 645 1169 678 1230; x_wconf 90' lang='lat' dir='ltr'>et</span> <span class='ocrx_word' id='word_1_76' title='bbox 702 1185 786 1230; x_wconf 86' lang='lat' dir='ltr'>uxor</span> <span class='ocrx_word' id='word_1_77' title='bbox 809 1170 925 1230; x_wconf 89' lang='lat' dir='ltr'>nostra</span> <span class='ocrx_word' id='word_1_78' title='bbox 948 1166 1080 1248; x_wconf 85' lang='lat' dir='ltr'>Rykece</span> <span class='ocrx_word' id='word_1_79' title='bbox 1115 1168 1236 1231; x_wconf 88' lang='lat' dir='ltr'>cuncta</span> <span class='ocrx_word' id='word_1_80' title='bbox 1258 1186 1325 1248; x_wconf 87' lang='lat' dir='ltr'>que</span> <span class='ocrx_word' id='word_1_81' title='bbox 1348 1166 1560 1248; x_wconf 87' lang='lat' dir='ltr'>premisimus</span> <span class='ocrx_word' id='word_1_82' title='bbox 1584 1167 1626 1230; x_wconf 90' lang='lat' dir='ltr'>ad</span> <span class='ocrx_word' id='word_1_83' title='bbox 1650 1167 1812 1231; x_wconf 88' lang='lat' dir='ltr'>honorem</span> <span class='ocrx_word' id='word_1_84' title='bbox 1836 1168 2074 1251; x_wconf 89' lang='lat' dir='ltr'>omnipotentis</span> <span class='ocrx_word' id='word_1_85' title='bbox 2097 1169 2158 1235; x_wconf 90' lang='lat' dir='ltr'>Dei</span> <span class='ocrx_word' id='word_1_86' title='bbox 2180 1189 2308 1253; x_wconf 88' lang='lat' dir='ltr'>sueque</span> <span class='ocrx_word' id='word_1_87' title='bbox 2332 1173 2437 1236; x_wconf 87' lang='lat' dir='ltr'>matris</span> 
     </span>
     <span class='ocr_line' id='line_1_8' title="bbox 425 1271 2438 1360; baseline 0.003 -23"><span class='ocrx_word' id='word_1_88' title='bbox 425 1272 567 1356; x_wconf 77' lang='lat' dir='ltr'>gloriose</span> <span class='ocrx_word' id='word_1_89' title='bbox 589 1272 728 1354; x_wconf 86' lang='lat' dir='ltr'>virginis</span> <span class='ocrx_word' id='word_1_90' title='bbox 752 1271 855 1336; x_wconf 85' lang='lat' dir='ltr'>Marte</span> <span class='ocrx_word' id='word_1_91' title='bbox 880 1272 1015 1353; x_wconf 86' lang='lat' dir='ltr'>pretatis</span> <span class='ocrx_word' id='word_1_92' title='bbox 1040 1272 1167 1337; x_wconf 89' lang='lat' dir='ltr'>ancillis</span> <span class='ocrx_word' id='word_1_93' title='bbox 1192 1271 1314 1336; x_wconf 87' lang='lat' dir='ltr'>Christi</span> <span class='ocrx_word' id='word_1_94' title='bbox 1337 1274 1369 1336; x_wconf 88' lang='lat' dir='ltr'>et</span> <span class='ocrx_word' id='word_1_95' title='bbox 1393 1271 1519 1337; x_wconf 88' lang='lat' dir='ltr'>cunctis</span> <span class='ocrx_word' id='word_1_96' title='bbox 1543 1272 1670 1338; x_wconf 89' lang='lat' dir='ltr'>eisdem</span> <span class='ocrx_word' id='word_1_97' title='bbox 1694 1273 1948 1339; x_wconf 86' lang='lat' dir='ltr'>succedentibus</span> <span class='ocrx_word' id='word_1_98' title='bbox 1972 1274 2007 1339; x_wconf 94' lang='lat' dir='ltr'>in</span> <span class='ocrx_word' id='word_1_99' title='bbox 2032 1280 2228 1359; x_wconf 90' lang='lat' dir='ltr'>perpetuum</span> <span class='ocrx_word' id='word_1_100' title='bbox 2253 1297 2330 1342; x_wconf 90' lang='lat' dir='ltr'>oum</span> <span class='ocrx_word' id='word_1_101' title='bbox 2349 1277 2438 1360; x_wconf 88' lang='lat' dir='ltr'>pleno</span> 
     </span>
     <span class='ocr_line' id='line_1_9' title="bbox 425 1379 2438 1462; baseline 0.002 -18"><span class='ocrx_word' id='word_1_102' title='bbox 425 1379 534 1444; x_wconf 91' lang='lat' dir='ltr'>cordis</span> <span class='ocrx_word' id='word_1_103' title='bbox 557 1379 677 1444; x_wconf 82' lang='lat' dir='ltr'>aflectu</span> <span class='ocrx_word' id='word_1_104' title='bbox 701 1381 735 1444; x_wconf 88' lang='lat' dir='ltr'>et</span> <span class='ocrx_word' id='word_1_105' title='bbox 756 1379 878 1443; x_wconf 91' lang='lat' dir='ltr'>mentis</span> <span class='ocrx_word' id='word_1_106' title='bbox 902 1379 1072 1444; x_wconf 83' lang='lat' dir='ltr'>alacritate</span> <span class='ocrx_word' id='word_1_107' title='bbox 1097 1379 1261 1444; x_wconf 89' lang='lat' dir='ltr'>donamus</span> <span class='ocrx_word' id='word_1_108' title='bbox 1285 1398 1346 1443; x_wconf 89' lang='lat' dir='ltr'>nos</span> <span class='ocrx_word' id='word_1_109' title='bbox 1370 1381 1403 1442; x_wconf 90' lang='lat' dir='ltr'>et</span> <span class='ocrx_word' id='word_1_110' title='bbox 1426 1379 1654 1462; x_wconf 81' lang='lat' dir='ltr'>progenitores</span> <span class='ocrx_word' id='word_1_111' title='bbox 1678 1401 1738 1445; x_wconf 90' lang='lat' dir='ltr'>seu</span> <span class='ocrx_word' id='word_1_112' title='bbox 1760 1381 1899 1446; x_wconf 88' lang='lat' dir='ltr'>heredes</span> <span class='ocrx_word' id='word_1_113' title='bbox 1922 1384 2057 1447; x_wconf 90' lang='lat' dir='ltr'>nostros</span> <span class='ocrx_word' id='word_1_114' title='bbox 2081 1382 2206 1448; x_wconf 89' lang='lat' dir='ltr'>eisdem</span> <span class='ocrx_word' id='word_1_115' title='bbox 2224 1383 2344 1449; x_wconf 89' lang='lat' dir='ltr'>devota</span> <span class='ocrx_word' id='word_1_116' title='bbox 2359 1385 2438 1448; x_wconf 92' lang='lat' dir='ltr'>solli·</span> 
     </span>
     <span class='ocr_line' id='line_1_10' title="bbox 425 1484 2437 1567; baseline 0.002 -19"><span class='ocrx_word' id='word_1_117' title='bbox 425 1484 572 1549; x_wconf 87' lang='lat' dir='ltr'>citudirre</span> <span class='ocrx_word' id='word_1_118' title='bbox 603 1485 884 1566; x_wconf 84' lang='lat' dir='ltr'>commendantes,</span> <span class='ocrx_word' id='word_1_119' title='bbox 920 1489 957 1549; x_wconf 91' lang='lat' dir='ltr'>ut</span> <span class='ocrx_word' id='word_1_120' title='bbox 987 1505 1102 1550; x_wconf 88' lang='lat' dir='ltr'>earum</span> <span class='ocrx_word' id='word_1_121' title='bbox 1131 1486 1287 1567; x_wconf 89' lang='lat' dir='ltr'>precibus</span> <span class='ocrx_word' id='word_1_122' title='bbox 1320 1485 1462 1548; x_wconf 88' lang='lat' dir='ltr'>assiduis</span> <span class='ocrx_word' id='word_1_123' title='bbox 1492 1486 1589 1551; x_wconf 92' lang='lat' dir='ltr'>nobis</span> <span class='ocrx_word' id='word_1_124' title='bbox 1620 1487 1708 1551; x_wconf 91' lang='lat' dir='ltr'>inter</span> <span class='ocrx_word' id='word_1_125' title='bbox 1731 1486 1847 1552; x_wconf 92' lang='lat' dir='ltr'>mundi</span> <span class='ocrx_word' id='word_1_126' title='bbox 1870 1487 1969 1552; x_wconf 91' lang='lat' dir='ltr'>huius</span> <span class='ocrx_word' id='word_1_127' title='bbox 1994 1488 2184 1554; x_wconf 88' lang='lat' dir='ltr'>discrimina</span> <span class='ocrx_word' id='word_1_128' title='bbox 2206 1489 2437 1556; x_wconf 85' lang='lat' dir='ltr'>fluctuantibus</span> 
     </span>
     <span class='ocr_line' id='line_1_11' title="bbox 426 1589 2437 1678; baseline 0.002 -23"><span class='ocrx_word' id='word_1_129' title='bbox 426 1590 539 1656; x_wconf 87' lang='lat' dir='ltr'>divina</span> <span class='ocrx_word' id='word_1_130' title='bbox 573 1589 726 1673; x_wconf 90' lang='lat' dir='ltr'>dignetur</span> <span class='ocrx_word' id='word_1_131' title='bbox 759 1591 928 1673; x_wconf 87' lang='lat' dir='ltr'>indulgere</span> <span class='ocrx_word' id='word_1_132' title='bbox 964 1593 1071 1674; x_wconf 86' lang='lat' dir='ltr'>pietas</span> <span class='ocrx_word' id='word_1_133' title='bbox 1106 1594 1242 1674; x_wconf 89' lang='lat' dir='ltr'>portum</span> <span class='ocrx_word' id='word_1_134' title='bbox 1273 1591 1438 1658; x_wconf 87' lang='lat' dir='ltr'>felicitatis</span> <span class='ocrx_word' id='word_1_135' title='bbox 1470 1595 1593 1658; x_wconf 86' lang='lat' dir='ltr'>eterne.</span> <span class='ocrx_word' id='word_1_136' title='bbox 1642 1593 1686 1658; x_wconf 90' lang='lat' dir='ltr'>Ut</span> <span class='ocrx_word' id='word_1_137' title='bbox 1708 1595 1819 1658; x_wconf 88' lang='lat' dir='ltr'>autem</span> <span class='ocrx_word' id='word_1_138' title='bbox 1843 1598 1959 1660; x_wconf 89' lang='lat' dir='ltr'>nostra</span> <span class='ocrx_word' id='word_1_139' title='bbox 1982 1595 2116 1660; x_wconf 88' lang='lat' dir='ltr'>donatio</span> <span class='ocrx_word' id='word_1_140' title='bbox 2141 1595 2235 1660; x_wconf 82' lang='lat' dir='ltr'>timna</span> <span class='ocrx_word' id='word_1_141' title='bbox 2258 1616 2390 1678; x_wconf 84' lang='lat' dir='ltr'>semper</span> <span class='ocrx_word' id='word_1_142' title='bbox 2410 1598 2437 1660; x_wconf 86' lang='lat' dir='ltr'>el</span> 
     </span>
     <span class='ocr_line' id='line_1_12' title="bbox 423 1697 2438 1780; baseline 0.003 -20"><span class='ocrx_word' id='word_1_143' title='bbox 423 1697 619 1762; x_wconf 85' lang='lat' dir='ltr'>inconvulsa</span> <span class='ocrx_word' id='word_1_144' title='bbox 642 1702 846 1780; x_wconf 84' lang='lat' dir='ltr'>permaneat,</span> <span class='ocrx_word' id='word_1_145' title='bbox 871 1719 944 1763; x_wconf 83' lang='lat' dir='ltr'>eam</span> <span class='ocrx_word' id='word_1_146' title='bbox 968 1698 1064 1780; x_wconf 87' lang='lat' dir='ltr'>sigilli</span> <span class='ocrx_word' id='word_1_147' title='bbox 1087 1699 1192 1763; x_wconf 87' lang='lat' dir='ltr'>nostri</span> <span class='ocrx_word' id='word_1_148' title='bbox 1217 1697 1400 1763; x_wconf 89' lang='lat' dir='ltr'>munimine</span> <span class='ocrx_word' id='word_1_149' title='bbox 1425 1699 1580 1764; x_wconf 83' lang='lat' dir='ltr'>duximus</span> <span class='ocrx_word' id='word_1_150' title='bbox 1603 1701 1840 1765; x_wconf 88' lang='lat' dir='ltr'>roborandum.</span> <span class='ocrx_word' id='word_1_151' title='bbox 1888 1701 2010 1766; x_wconf 90' lang='lat' dir='ltr'>Datum</span> <span class='ocrx_word' id='word_1_152' title='bbox 2033 1701 2067 1765; x_wconf 93' lang='lat' dir='ltr'>in</span> <span class='ocrx_word' id='word_1_153' title='bbox 2083 1703 2195 1766; x_wconf 89' lang='lat' dir='ltr'>Monte</span> <span class='ocrx_word' id='word_1_154' title='bbox 2211 1722 2300 1768; x_wconf 90' lang='lat' dir='ltr'>anno</span> <span class='ocrx_word' id='word_1_155' title='bbox 2318 1701 2438 1768; x_wconf 91' lang='lat' dir='ltr'>Domini</span> 
     </span>
     <span class='ocr_line' id='line_1_13' title="bbox 425 1803 2438 1888; baseline 0.001 -18"><span class='ocrx_word' id='word_1_156' title='bbox 425 1803 688 1885; x_wconf 87' lang='lat' dir='ltr'>M⁰.CC⁰.LXV⁰.,</span> <span class='ocrx_word' id='word_1_157' title='bbox 724 1806 761 1869; x_wconf 92' lang='lat' dir='ltr'>V.</span> <span class='ocrx_word' id='word_1_158' title='bbox 786 1805 954 1870; x_wconf 83' lang='lat' dir='ltr'>Kalendas</span> <span class='ocrx_word' id='word_1_159' title='bbox 983 1805 1192 1888; x_wconf 89' lang='lat' dir='ltr'>Septembris</span> <span class='ocrx_word' id='word_1_160' title='bbox 1225 1805 1439 1888; x_wconf 88' lang='lat' dir='ltr'>presentibus</span> <span class='ocrx_word' id='word_1_161' title='bbox 1467 1808 1499 1870; x_wconf 91' lang='lat' dir='ltr'>et</span> <span class='ocrx_word' id='word_1_162' title='bbox 1526 1805 1662 1870; x_wconf 88' lang='lat' dir='ltr'>tandem</span> <span class='ocrx_word' id='word_1_163' title='bbox 1692 1805 1981 1872; x_wconf 87' lang='lat' dir='ltr'>consencientibus</span> <span class='ocrx_word' id='word_1_164' title='bbox 2003 1827 2107 1872; x_wconf 84' lang='lat' dir='ltr'>uxore</span> <span class='ocrx_word' id='word_1_165' title='bbox 2139 1810 2253 1873; x_wconf 88' lang='lat' dir='ltr'>nostra</span> <span class='ocrx_word' id='word_1_166' title='bbox 2278 1811 2311 1872; x_wconf 92' lang='lat' dir='ltr'>et</span> <span class='ocrx_word' id='word_1_167' title='bbox 2336 1808 2438 1873; x_wconf 84' lang='lat' dir='ltr'>liberis</span> 
     </span>
     <span class='ocr_line' id='line_1_14' title="bbox 427 1910 2438 1996; baseline 0.001 -21"><span class='ocrx_word' id='word_1_168' title='bbox 427 1910 593 1992; x_wconf 76' lang='lat' dir='ltr'>omnibuS,</span> <span class='ocrx_word' id='word_1_169' title='bbox 617 1911 831 1992; x_wconf 87' lang='lat' dir='ltr'>presentibus</span> <span class='ocrx_word' id='word_1_170' title='bbox 855 1931 990 1994; x_wconf 87' lang='lat' dir='ltr'>quoque</span> <span class='ocrx_word' id='word_1_171' title='bbox 1015 1912 1116 1976; x_wconf 87' lang='lat' dir='ltr'>tratre</span> <span class='ocrx_word' id='word_1_172' title='bbox 1138 1912 1290 1976; x_wconf 77' lang='lat' dir='ltr'>iohanne</span> <span class='ocrx_word' id='word_1_173' title='bbox 1314 1911 1426 1993; x_wconf 90' lang='lat' dir='ltr'>priore</span> <span class='ocrx_word' id='word_1_174' title='bbox 1449 1912 1626 1992; x_wconf 89' lang='lat' dir='ltr'>Mindensi,</span> <span class='ocrx_word' id='word_1_175' title='bbox 1655 1911 1755 1976; x_wconf 87' lang='lat' dir='ltr'>tratre</span> <span class='ocrx_word' id='word_1_176' title='bbox 1779 1910 1900 1977; x_wconf 87' lang='lat' dir='ltr'>Ottone</span> <span class='ocrx_word' id='word_1_177' title='bbox 1925 1916 1959 1978; x_wconf 91' lang='lat' dir='ltr'>et</span> <span class='ocrx_word' id='word_1_178' title='bbox 1981 1915 2083 1979; x_wconf 86' lang='lat' dir='ltr'>tratre</span> <span class='ocrx_word' id='word_1_179' title='bbox 2107 1914 2251 1978; x_wconf 90' lang='lat' dir='ltr'>Henrico</span> <span class='ocrx_word' id='word_1_180' title='bbox 2277 1915 2319 1980; x_wconf 92' lang='lat' dir='ltr'>de</span> <span class='ocrx_word' id='word_1_181' title='bbox 2344 1915 2438 1996; x_wconf 66' lang='lat' dir='ltr'>Hora,</span> 
     </span>
     <span class='ocr_line' id='line_1_15' title="bbox 423 2016 2438 2100; baseline 0.002 -19"><span class='ocrx_word' id='word_1_182' title='bbox 423 2016 526 2081; x_wconf 89' lang='lat' dir='ltr'>fratre</span> <span class='ocrx_word' id='word_1_183' title='bbox 549 2017 701 2082; x_wconf 81' lang='lat' dir='ltr'>lohanne</span> <span class='ocrx_word' id='word_1_184' title='bbox 726 2018 767 2081; x_wconf 90' lang='lat' dir='ltr'>de</span> <span class='ocrx_word' id='word_1_185' title='bbox 792 2017 965 2100; x_wconf 86' lang='lat' dir='ltr'>Hamelen,</span> <span class='ocrx_word' id='word_1_186' title='bbox 989 2017 1089 2082; x_wconf 86' lang='lat' dir='ltr'>tratre</span> <span class='ocrx_word' id='word_1_187' title='bbox 1113 2017 1258 2082; x_wconf 89' lang='lat' dir='ltr'>Henrico</span> <span class='ocrx_word' id='word_1_188' title='bbox 1283 2018 1323 2082; x_wconf 88' lang='lat' dir='ltr'>de</span> <span class='ocrx_word' id='word_1_189' title='bbox 1339 2017 1460 2082; x_wconf 89' lang='lat' dir='ltr'>Brema</span> <span class='ocrx_word' id='word_1_190' title='bbox 1481 2018 1731 2084; x_wconf 89' lang='lat' dir='ltr'>Predicatorum</span> <span class='ocrx_word' id='word_1_191' title='bbox 1755 2018 1890 2100; x_wconf 89' lang='lat' dir='ltr'>ordinis,</span> <span class='ocrx_word' id='word_1_192' title='bbox 1915 2017 2066 2084; x_wconf 87' lang='lat' dir='ltr'>Jolranne</span> <span class='ocrx_word' id='word_1_193' title='bbox 2082 2020 2187 2085; x_wconf 89' lang='lat' dir='ltr'>milite</span> <span class='ocrx_word' id='word_1_194' title='bbox 2203 2021 2293 2086; x_wconf 91' lang='lat' dir='ltr'>dicto</span> <span class='ocrx_word' id='word_1_195' title='bbox 2310 2021 2438 2086; x_wconf 82' lang='lat' dir='ltr'>Westtal</span> 
     </span>
     <span class='ocr_line' id='line_1_16' title="bbox 423 2123 828 2188; baseline -0.002 0"><span class='ocrx_word' id='word_1_196' title='bbox 423 2126 459 2188; x_wconf 87' lang='lat' dir='ltr'>et</span> <span class='ocrx_word' id='word_1_197' title='bbox 481 2123 630 2188; x_wconf 87' lang='lat' dir='ltr'>Arnoldo</span> <span class='ocrx_word' id='word_1_198' title='bbox 654 2123 724 2188; x_wconf 89' lang='lat' dir='ltr'>tilio</span> <span class='ocrx_word' id='word_1_199' title='bbox 747 2124 828 2188; x_wconf 89' lang='lat' dir='ltr'>eius.</span> 
     </span>
     <span class='ocr_line' id='line_1_17' title="bbox 561 2227 2438 2317; baseline 0.002 -25"><span class='ocrx_word' id='word_1_200' title='bbox 561 2227 615 2294; x_wconf 86' lang='lat' dir='ltr'>Or.</span> <span class='ocrx_word' id='word_1_201' title='bbox 646 2232 690 2292; x_wconf 81' lang='lat' dir='ltr'>im</span> <span class='ocrx_word' id='word_1_202' title='bbox 721 2230 838 2293; x_wconf 79' lang='lat' dir='ltr'>Archiv</span> <span class='ocrx_word' id='word_1_203' title='bbox 871 2230 924 2294; x_wconf 85' lang='lat' dir='ltr'>des</span> <span class='ocrx_word' id='word_1_204' title='bbox 955 2227 1005 2295; x_wconf 87' lang='lat' dir='ltr'>Kl.</span> <span class='ocrx_word' id='word_1_205' title='bbox 1037 2227 1167 2294; x_wconf 75' lang='lat' dir='ltr'>Locrum</span> <span class='ocrx_word' id='word_1_206' title='bbox 1201 2233 1257 2293; x_wconf 83' lang='lat' dir='ltr'>mit</span> <span class='ocrx_word' id='word_1_207' title='bbox 1287 2242 1343 2314; x_wconf 73' lang='lat' dir='ltr'>put</span> <span class='ocrx_word' id='word_1_208' title='bbox 1370 2229 1555 2294; x_wconf 78' lang='lat' dir='ltr'>erboltenem</span> <span class='ocrx_word' id='word_1_209' title='bbox 1585 2231 1688 2316; x_wconf 73' lang='lat' dir='ltr'>Sieqel</span> <span class='ocrx_word' id='word_1_210' title='bbox 1721 2231 1774 2296; x_wconf 81' lang='lat' dir='ltr'>des</span> <span class='ocrx_word' id='word_1_211' title='bbox 1804 2231 1991 2296; x_wconf 78' lang='lat' dir='ltr'>Atuatellera</span> <span class='ocrx_word' id='word_1_212' title='bbox 2025 2255 2068 2295; x_wconf 84' lang='lat' dir='ltr'>an</span> <span class='ocrx_word' id='word_1_213' title='bbox 2097 2230 2304 2317; x_wconf 80' lang='lat' dir='ltr'>Hanflcordet.</span> <span class='ocrx_word' id='word_1_214' title='bbox 2353 2231 2438 2296; x_wconf 73' lang='grc' dir='ltr'><em>θεάν,</em></span> 
     </span>
     <span class='ocr_line' id='line_1_18' title="bbox 637 2333 2439 2422; baseline 0.002 -24"><span class='ocrx_word' id='word_1_215' title='bbox 637 2361 663 2401; x_wconf 89' lang='grc' dir='ltr'>υ.</span> <span class='ocrx_word' id='word_1_216' title='bbox 688 2333 883 2422; x_wconf 73' lang='lat' dir='ltr'>Hodenberq,</span> <span class='ocrx_word' id='word_1_217' title='bbox 922 2335 1128 2422; x_wconf 68' lang='lat' dir='ltr'>Calenberyer</span> <span class='ocrx_word' id='word_1_218' title='bbox 1162 2335 1228 2403; x_wconf 69' lang='lat' dir='ltr'>Uli.</span> <span class='ocrx_word' id='word_1_219' title='bbox 1263 2335 1347 2401; x_wconf 75' lang='lat' dir='ltr'>Abth.</span> <span class='ocrx_word' id='word_1_220' title='bbox 1376 2334 1439 2416; x_wconf 87' lang='lat' dir='ltr'>III,</span> <span class='ocrx_word' id='word_1_221' title='bbox 1477 2335 1510 2401; x_wconf 83' lang='lat' dir='ltr'>S.</span> <span class='ocrx_word' id='word_1_222' title='bbox 1537 2334 1601 2399; x_wconf 82' lang='lat'>175</span> <span class='ocrx_word' id='word_1_223' title='bbox 1630 2335 1689 2403; x_wconf 83' lang='lat' dir='ltr'>Nr.</span> <span class='ocrx_word' id='word_1_224' title='bbox 1714 2336 1790 2414; x_wconf 76' lang='grc'><em>268,</em></span> <span class='ocrx_word' id='word_1_225' title='bbox 1829 2335 2072 2418; x_wconf 79' lang='lat' dir='ltr'>Scbliclrtlzaber,</span> <span class='ocrx_word' id='word_1_226' title='bbox 2104 2339 2278 2402; x_wconf 68' lang='lat' dir='ltr'>ttindhcte</span> <span class='ocrx_word' id='word_1_227' title='bbox 2300 2337 2439 2402; x_wconf 79' lang='lat' dir='ltr'>Kirclten·</span> 
     </span>
     <span class='ocr_line' id='line_1_19' title="bbox 637 2440 2440 2530; baseline -0.001 -23"><span class='ocrx_word' id='word_1_228' title='bbox 637 2445 735 2530; x_wconf 68' lang='lat' dir='ltr'>perch.</span> <span class='ocrx_word' id='word_1_229' title='bbox 762 2440 824 2522; x_wconf 87' lang='lat' dir='ltr'>Ill,</span> <span class='ocrx_word' id='word_1_230' title='bbox 855 2441 888 2507; x_wconf 83' lang='lat' dir='ltr'>S.</span> <span class='ocrx_word' id='word_1_231' title='bbox 912 2443 988 2520; x_wconf 72' lang='lat'>245,</span> <span class='ocrx_word' id='word_1_232' title='bbox 1024 2443 1167 2520; x_wconf 74' lang='lat' dir='ltr'>Methone,</span> <span class='ocrx_word' id='word_1_233' title='bbox 1196 2465 1301 2506; x_wconf 73' lang='lat' dir='ltr'>rerum</span> <span class='ocrx_word' id='word_1_234' title='bbox 1327 2441 1474 2507; x_wconf 80' lang='lat' dir='ltr'>German.</span> <span class='ocrx_word' id='word_1_235' title='bbox 1498 2447 1604 2528; x_wconf 68' lang='lat' dir='ltr'>serapt.</span> <span class='ocrx_word' id='word_1_236' title='bbox 1631 2441 1656 2521; x_wconf 91' lang='lat' dir='ltr'>I,</span> <span class='ocrx_word' id='word_1_237' title='bbox 1687 2441 1720 2509; x_wconf 85' lang='lat' dir='ltr'>S.</span> <span class='ocrx_word' id='word_1_238' title='bbox 1744 2441 1811 2507; x_wconf 75' lang='lat'>535</span> <span class='ocrx_word' id='word_1_239' title='bbox 1838 2467 1868 2508; x_wconf 82' lang='lat' dir='ltr'>u.</span> <span class='ocrx_word' id='word_1_240' title='bbox 1894 2442 2038 2523; x_wconf 79' lang='lat'>11,526.</span> <span class='ocrx_word' id='word_1_241' title='bbox 2086 2443 2200 2529; x_wconf 70' lang='lat' dir='ltr'>Repest</span> <span class='ocrx_word' id='word_1_242' title='bbox 2239 2443 2347 2528; x_wconf 67' lang='lat' dir='ltr'>Weats.</span> <span class='ocrx_word' id='word_1_243' title='bbox 2372 2442 2440 2507; x_wconf 85' lang='lat' dir='ltr'>Pro·</span> 
     </span>
     <span class='ocr_line' id='line_1_20' title="bbox 636 2545 2440 2633; baseline 0 -19"><span class='ocrx_word' id='word_1_244' title='bbox 636 2550 830 2615; x_wconf 74' lang='lat' dir='ltr'>hiaziel-llll.</span> <span class='ocrx_word' id='word_1_245' title='bbox 857 2546 900 2627; x_wconf 87' lang='lat' dir='ltr'>II,</span> <span class='ocrx_word' id='word_1_246' title='bbox 930 2548 960 2626; x_wconf 74' lang='lat'>4,</span> <span class='ocrx_word' id='word_1_247' title='bbox 991 2548 1026 2614; x_wconf 84' lang='lat' dir='ltr'>S.</span> <span class='ocrx_word' id='word_1_248' title='bbox 1051 2545 1094 2612; x_wconf 74' lang='lat'>47</span> <span class='ocrx_word' id='word_1_249' title='bbox 1122 2547 1181 2613; x_wconf 86' lang='lat' dir='ltr'>Nr.</span> <span class='ocrx_word' id='word_1_250' title='bbox 1206 2548 1258 2615; x_wconf 85' lang='lat'>81.</span> <span class='ocrx_word' id='word_1_251' title='bbox 1306 2548 1374 2614; x_wconf 84' lang='lat' dir='ltr'>Der</span> <span class='ocrx_word' id='word_1_252' title='bbox 1396 2550 1518 2616; x_wconf 84' lang='lat' dir='ltr'>tluvius</span> <span class='ocrx_word' id='word_1_253' title='bbox 1542 2569 1675 2633; x_wconf 67' lang='lat' dir='ltr'>parvus</span> <span class='ocrx_word' id='word_1_254' title='bbox 1711 2551 1766 2613; x_wconf 78' lang='lat' dir='ltr'>cler</span> <span class='ocrx_word' id='word_1_255' title='bbox 1789 2549 1839 2615; x_wconf 82' lang='lat' dir='ltr'>bei</span> <span class='ocrx_word' id='word_1_256' title='bbox 1860 2547 1968 2615; x_wconf 77' lang='lat' dir='ltr'>Laide</span> <span class='ocrx_word' id='word_1_257' title='bbox 1990 2550 2095 2615; x_wconf 75' lang='lat' dir='ltr'>corbet</span> <span class='ocrx_word' id='word_1_258' title='bbox 2123 2551 2190 2614; x_wconf 73' lang='lat' dir='ltr'>arrd</span> <span class='ocrx_word' id='word_1_259' title='bbox 2210 2553 2244 2614; x_wconf 78' lang='lat' dir='ltr'>tn</span> <span class='ocrx_word' id='word_1_260' title='bbox 2267 2551 2318 2616; x_wconf 72' lang='lat' dir='ltr'>die</span> <span class='ocrx_word' id='word_1_261' title='bbox 2350 2547 2440 2614; x_wconf 76' lang='lat' dir='ltr'>Weeer</span> 
     </span>
     <span class='ocr_line' id='line_1_21' title="bbox 629 2656 1144 2742; baseline -0.002 -23"><span class='ocrx_word' id='word_1_262' title='bbox 629 2659 740 2742; x_wconf 80' lang='lat' dir='ltr'>fliesst,</span> <span class='ocrx_word' id='word_1_263' title='bbox 765 2656 861 2720; x_wconf 64' lang='lat' dir='ltr'>aaut</span> <span class='ocrx_word' id='word_1_264' title='bbox 885 2656 970 2720; x_wconf 77' lang='lat' dir='ltr'>beate</span> <span class='ocrx_word' id='word_1_265' title='bbox 994 2657 1042 2720; x_wconf 86' lang='lat' dir='ltr'>die</span> <span class='ocrx_word' id='word_1_266' title='bbox 1065 2657 1144 2720; x_wconf 80' lang='lat' dir='ltr'>Aue..</span> 
     </span>
    </p>
   </div>
   <div class='ocr_carea' id='block_1_3' title="bbox 422 2837 2439 3058">
    <p class='ocr_par' dir='ltr' id='par_1_3' title="bbox 422 2837 2439 3058">
     <span class='ocr_line' id='line_1_22' title="bbox 1389 2837 1480 2915; baseline 0 -2"><span class='ocrx_word' id='word_1_267' title='bbox 1389 2837 1480 2915; x_wconf 82' lang='lat'><strong>828.</strong></span> 
     </span>
     <span class='ocr_line' id='line_1_23' title="bbox 422 2955 2439 3058; baseline -0.003 -18"><span class='ocrx_word' id='word_1_268' title='bbox 422 2968 589 3058; x_wconf 73' lang='lat' dir='ltr'>Edelvopt</span> <span class='ocrx_word' id='word_1_269' title='bbox 626 2965 811 3039; x_wconf 81' lang='lat' dir='ltr'>Widelind</span> <span class='ocrx_word' id='word_1_270' title='bbox 844 2988 917 3036; x_wconf 79' lang='lat' dir='ltr'>conl</span> <span class='ocrx_word' id='word_1_271' title='bbox 945 2966 1058 3055; x_wconf 78' lang='lat' dir='ltr'>Berpe</span> <span class='ocrx_word' id='word_1_272' title='bbox 1093 2965 1163 3034; x_wconf 84' lang='lat' dir='ltr'>teilt</span> <span class='ocrx_word' id='word_1_273' title='bbox 1201 2955 1277 3034; x_wconf 74' lang='lat' dir='ltr'>clem</span> <span class='ocrx_word' id='word_1_274' title='bbox 1303 2961 1455 3053; x_wconf 78' lang='lat' dir='ltr'>Btscbof</span> <span class='ocrx_word' id='word_1_275' title='bbox 1479 2962 1576 3035; x_wconf 82' lang='lat' dir='ltr'>Kone</span> <span class='ocrx_word' id='word_1_276' title='bbox 1609 2987 1673 3035; x_wconf 82' lang='lat' dir='ltr'>oon</span> <span class='ocrx_word' id='word_1_277' title='bbox 1703 2966 1852 3036; x_wconf 73' lang='lat' dir='ltr'>Mindon</span> <span class='ocrx_word' id='word_1_278' title='bbox 1886 2967 1956 3054; x_wconf 81' lang='lat' dir='ltr'>mit,</span> <span class='ocrx_word' id='word_1_279' title='bbox 1993 2965 2075 3036; x_wconf 82' lang='lat' dir='ltr'>dass</span> <span class='ocrx_word' id='word_1_280' title='bbox 2109 2987 2148 3036; x_wconf 85' lang='lat' dir='ltr'>er</span> <span class='ocrx_word' id='word_1_281' title='bbox 2181 2967 2247 3036; x_wconf 80' lang='lat' dir='ltr'>dos</span> <span class='ocrx_word' id='word_1_282' title='bbox 2282 2989 2348 3037; x_wconf 81' lang='lat' dir='ltr'>von</span> <span class='ocrx_word' id='word_1_283' title='bbox 2380 2967 2439 3036; x_wconf 86' lang='lat' dir='ltr'>ihm</span> 
     </span>
    </p>
   </div>
   <div class='ocr_carea' id='block_1_4' title="bbox 730 3069 2135 3163">
    <p class='ocr_par' dir='ltr' id='par_1_4' title="bbox 730 3069 2135 3163">
     <span class='ocr_line' id='line_1_24' title="bbox 730 3069 2135 3163; baseline 0 -21"><span class='ocrx_word' id='word_1_284' title='bbox 730 3072 894 3163; x_wconf 68' lang='lat' dir='ltr'>partitiale</span> <span class='ocrx_word' id='word_1_285' title='bbox 922 3069 1063 3141; x_wconf 82' lang='lat' dir='ltr'>Kloster</span> <span class='ocrx_word' id='word_1_286' title='bbox 1090 3071 1214 3142; x_wconf 79' lang='lat' dir='ltr'>Lotide</span> <span class='ocrx_word' id='word_1_287' title='bbox 1242 3072 1364 3141; x_wconf 75' lang='lat' dir='ltr'>clotiert</span> <span class='ocrx_word' id='word_1_288' title='bbox 1389 3070 1480 3146; x_wconf 77' lang='lat' dir='ltr'>tale.</span> <span class='ocrx_word' id='word_1_289' title='bbox 1537 3071 1755 3162; x_wconf 70' lang='lat' dir='ltr'>Schelle-sheep</span> <span class='ocrx_word' id='word_1_290' title='bbox 1784 3070 1884 3144; x_wconf 80' lang='lat'><em>1265</em></span> <span class='ocrx_word' id='word_1_291' title='bbox 1911 3073 2047 3162; x_wconf 73' lang='lat' dir='ltr'>August</span> <span class='ocrx_word' id='word_1_292' title='bbox 2073 3071 2135 3143; x_wconf 82' lang='lat'>28.</span> 
     </span>
    </p>
   </div>
   <div class='ocr_carea' id='block_1_5' title="bbox 422 3189 2446 5512">
    <p class='ocr_par' dir='ltr' id='par_1_5' title="bbox 422 3189 2446 5512">
     <span class='ocr_line' id='line_1_25' title="bbox 533 3189 2440 3273; baseline -0.003 -16"><span class='ocrx_word' id='word_1_293' title='bbox 533 3191 720 3257; x_wconf 88' lang='lat' dir='ltr'>Venerabili</span> <span class='ocrx_word' id='word_1_294' title='bbox 753 3190 787 3254; x_wconf 90' lang='lat' dir='ltr'>in</span> <span class='ocrx_word' id='word_1_295' title='bbox 821 3190 955 3254; x_wconf 90' lang='lat' dir='ltr'>Christo</span> <span class='ocrx_word' id='word_1_296' title='bbox 991 3190 1076 3273; x_wconf 91' lang='lat' dir='ltr'>patri</span> <span class='ocrx_word' id='word_1_297' title='bbox 1111 3208 1149 3253; x_wconf 89' lang='lat' dir='ltr'>ac</span> <span class='ocrx_word' id='word_1_298' title='bbox 1181 3189 1314 3254; x_wconf 90' lang='lat' dir='ltr'>domino</span> <span class='ocrx_word' id='word_1_299' title='bbox 1349 3210 1410 3254; x_wconf 88' lang='lat' dir='ltr'>suo</span> <span class='ocrx_word' id='word_1_300' title='bbox 1440 3190 1570 3255; x_wconf 90' lang='lat' dir='ltr'>Cononi</span> <span class='ocrx_word' id='word_1_301' title='bbox 1600 3190 1765 3256; x_wconf 91' lang='lat' dir='ltr'>Mindensi</span> <span class='ocrx_word' id='word_1_302' title='bbox 1797 3191 1955 3273; x_wconf 90' lang='lat' dir='ltr'>episcopo</span> <span class='ocrx_word' id='word_1_303' title='bbox 1987 3189 2204 3254; x_wconf 89' lang='lat' dir='ltr'>Widekindus</span> <span class='ocrx_word' id='word_1_304' title='bbox 2235 3191 2359 3256; x_wconf 91' lang='lat' dir='ltr'>nobilis</span> <span class='ocrx_word' id='word_1_305' title='bbox 2389 3191 2440 3267; x_wconf 73' lang='lat' dir='ltr'>sir,</span> 
     </span>
     <span class='ocr_line' id='line_1_26' title="bbox 422 3295 2440 3381; baseline -0.002 -16"><span class='ocrx_word' id='word_1_306' title='bbox 422 3299 580 3365; x_wconf 90' lang='lat' dir='ltr'>dominus</span> <span class='ocrx_word' id='word_1_307' title='bbox 597 3297 717 3363; x_wconf 88' lang='lat' dir='ltr'>Montis</span> <span class='ocrx_word' id='word_1_308' title='bbox 741 3297 799 3380; x_wconf 89' lang='lat' dir='ltr'>qui</span> <span class='ocrx_word' id='word_1_309' title='bbox 817 3296 936 3362; x_wconf 89' lang='lat' dir='ltr'>dicitur</span> <span class='ocrx_word' id='word_1_310' title='bbox 952 3296 1159 3378; x_wconf 82' lang='lat' dir='ltr'>Scallreberg,</span> <span class='ocrx_word' id='word_1_311' title='bbox 1184 3316 1260 3361; x_wconf 89' lang='lat' dir='ltr'>cum</span> <span class='ocrx_word' id='word_1_312' title='bbox 1285 3295 1399 3360; x_wconf 89' lang='lat' dir='ltr'>debita</span> <span class='ocrx_word' id='word_1_313' title='bbox 1422 3297 1609 3361; x_wconf 87' lang='lat' dir='ltr'>reverentia</span> <span class='ocrx_word' id='word_1_314' title='bbox 1632 3301 1784 3381; x_wconf 86' lang='lat' dir='ltr'>paratam</span> <span class='ocrx_word' id='word_1_315' title='bbox 1808 3296 1850 3360; x_wconf 89' lang='lat' dir='ltr'>ad</span> <span class='ocrx_word' id='word_1_316' title='bbox 1866 3298 2027 3379; x_wconf 89' lang='lat' dir='ltr'>obsequia</span> <span class='ocrx_word' id='word_1_317' title='bbox 2043 3297 2260 3362; x_wconf 81' lang='lat' dir='ltr'>voluntatem.</span> <span class='ocrx_word' id='word_1_318' title='bbox 2300 3297 2440 3380; x_wconf 81' lang='lat' dir='ltr'>Accepta</span> 
     </span>
     <span class='ocr_line' id='line_1_27' title="bbox 422 3401 2440 3490; baseline -0.002 -20"><span class='ocrx_word' id='word_1_319' title='bbox 422 3425 531 3490; x_wconf 87' lang='lat' dir='ltr'>nuper</span> <span class='ocrx_word' id='word_1_320' title='bbox 555 3424 574 3468; x_wconf 91' lang='lat' dir='ltr'>a</span> <span class='ocrx_word' id='word_1_321' title='bbox 597 3407 708 3468; x_wconf 86' lang='lat' dir='ltr'>restra</span> <span class='ocrx_word' id='word_1_322' title='bbox 731 3405 929 3484; x_wconf 87' lang='lat' dir='ltr'>patenritate</span> <span class='ocrx_word' id='word_1_323' title='bbox 953 3401 1085 3467; x_wconf 89' lang='lat' dir='ltr'>licentia</span> <span class='ocrx_word' id='word_1_324' title='bbox 1109 3403 1290 3466; x_wconf 90' lang='lat' dir='ltr'>claustrum</span> <span class='ocrx_word' id='word_1_325' title='bbox 1313 3422 1465 3468; x_wconf 89' lang='lat' dir='ltr'>sororum</span> <span class='ocrx_word' id='word_1_326' title='bbox 1488 3403 1530 3467; x_wconf 93' lang='lat' dir='ltr'>de</span> <span class='ocrx_word' id='word_1_327' title='bbox 1553 3403 1670 3469; x_wconf 91' lang='lat' dir='ltr'>ordine</span> <span class='ocrx_word' id='word_1_328' title='bbox 1691 3403 1943 3468; x_wconf 89' lang='lat' dir='ltr'>Predicatorum</span> <span class='ocrx_word' id='word_1_329' title='bbox 1965 3403 2000 3468; x_wconf 90' lang='lat' dir='ltr'>iu</span> <span class='ocrx_word' id='word_1_330' title='bbox 2017 3403 2155 3469; x_wconf 93' lang='lat' dir='ltr'>Lodhen</span> <span class='ocrx_word' id='word_1_331' title='bbox 2170 3406 2282 3468; x_wconf 90' lang='lat' dir='ltr'>vestre</span> <span class='ocrx_word' id='word_1_332' title='bbox 2298 3403 2440 3485; x_wconf 84' lang='lat' dir='ltr'>dyocesis</span> 
     </span>
     <span class='ocr_line' id='line_1_28' title="bbox 422 3508 2441 3592; baseline -0.003 -15"><span class='ocrx_word' id='word_1_333' title='bbox 422 3511 646 3592; x_wconf 86' lang='lat' dir='ltr'>construendi,</span> <span class='ocrx_word' id='word_1_334' title='bbox 671 3512 708 3575; x_wconf 92' lang='lat' dir='ltr'>ut</span> <span class='ocrx_word' id='word_1_335' title='bbox 724 3510 904 3574; x_wconf 87' lang='lat' dir='ltr'>claustrum</span> <span class='ocrx_word' id='word_1_336' title='bbox 928 3508 1118 3574; x_wconf 88' lang='lat' dir='ltr'>huiusmodi</span> <span class='ocrx_word' id='word_1_337' title='bbox 1142 3508 1344 3588; x_wconf 87' lang='lat' dir='ltr'>dotaremus,</span> <span class='ocrx_word' id='word_1_338' title='bbox 1366 3511 1479 3573; x_wconf 85' lang='lat' dir='ltr'>vestra</span> <span class='ocrx_word' id='word_1_339' title='bbox 1501 3509 1599 3573; x_wconf 89' lang='lat' dir='ltr'>nobis</span> <span class='ocrx_word' id='word_1_340' title='bbox 1622 3509 1831 3591; x_wconf 84' lang='lat' dir='ltr'>providentia</span> <span class='ocrx_word' id='word_1_341' title='bbox 1854 3510 2078 3575; x_wconf 87' lang='lat' dir='ltr'>demandavit.</span> <span class='ocrx_word' id='word_1_342' title='bbox 2127 3509 2193 3573; x_wconf 91' lang='lat' dir='ltr'>Pro</span> <span class='ocrx_word' id='word_1_343' title='bbox 2216 3509 2326 3575; x_wconf 88' lang='lat' dir='ltr'>salute</span> <span class='ocrx_word' id='word_1_344' title='bbox 2350 3510 2441 3590; x_wconf 89' lang='lat' dir='ltr'>igitur</span> 
     </span>
     <span class='ocr_line' id='line_1_29' title="bbox 423 3615 2440 3700; baseline -0.004 -15"><span class='ocrx_word' id='word_1_345' title='bbox 423 3622 538 3686; x_wconf 88' lang='lat' dir='ltr'>nostra</span> <span class='ocrx_word' id='word_1_346' title='bbox 566 3621 745 3700; x_wconf 88' lang='lat' dir='ltr'>nostreque</span> <span class='ocrx_word' id='word_1_347' title='bbox 777 3616 925 3698; x_wconf 86' lang='lat' dir='ltr'>coniugis</span> <span class='ocrx_word' id='word_1_348' title='bbox 949 3615 1090 3697; x_wconf 82' lang='lat' dir='ltr'>Rykece,</span> <span class='ocrx_word' id='word_1_349' title='bbox 1121 3619 1312 3680; x_wconf 89' lang='lat' dir='ltr'>nostrorum</span> <span class='ocrx_word' id='word_1_350' title='bbox 1342 3634 1475 3698; x_wconf 89' lang='lat' dir='ltr'>quoque</span> <span class='ocrx_word' id='word_1_351' title='bbox 1499 3615 1751 3698; x_wconf 84' lang='lat' dir='ltr'>progenitorum</span> <span class='ocrx_word' id='word_1_352' title='bbox 1782 3617 2000 3680; x_wconf 89' lang='lat' dir='ltr'>etheredum</span> <span class='ocrx_word' id='word_1_353' title='bbox 2024 3616 2169 3680; x_wconf 91' lang='lat' dir='ltr'>decimas</span> <span class='ocrx_word' id='word_1_354' title='bbox 2192 3615 2226 3679; x_wconf 92' lang='lat' dir='ltr'>in</span> <span class='ocrx_word' id='word_1_355' title='bbox 2250 3615 2390 3680; x_wconf 90' lang='lat' dir='ltr'>Lodhen</span> <span class='ocrx_word' id='word_1_356' title='bbox 2413 3617 2440 3678; x_wconf 89' lang='lat' dir='ltr'>et</span> 
     </span>
     <span class='ocr_line' id='line_1_30' title="bbox 422 3721 2440 3808; baseline -0.003 -17"><span class='ocrx_word' id='word_1_357' title='bbox 422 3727 458 3791; x_wconf 92' lang='lat' dir='ltr'>in</span> <span class='ocrx_word' id='word_1_358' title='bbox 480 3725 635 3808; x_wconf 86' lang='lat' dir='ltr'>Byredhe</span> <span class='ocrx_word' id='word_1_359' title='bbox 669 3725 788 3789; x_wconf 87' lang='lat' dir='ltr'>restris</span> <span class='ocrx_word' id='word_1_360' title='bbox 823 3723 858 3787; x_wconf 95' lang='lat' dir='ltr'>in</span> <span class='ocrx_word' id='word_1_361' title='bbox 891 3722 1044 3787; x_wconf 89' lang='lat' dir='ltr'>manibus</span> <span class='ocrx_word' id='word_1_362' title='bbox 1077 3724 1240 3805; x_wconf 90' lang='lat' dir='ltr'>quantum</span> <span class='ocrx_word' id='word_1_363' title='bbox 1275 3721 1317 3785; x_wconf 91' lang='lat' dir='ltr'>ad</span> <span class='ocrx_word' id='word_1_364' title='bbox 1341 3741 1400 3786; x_wconf 90' lang='lat' dir='ltr'>vos</span> <span class='ocrx_word' id='word_1_365' title='bbox 1424 3721 1552 3787; x_wconf 88' lang='lat' dir='ltr'>ratione</span> <span class='ocrx_word' id='word_1_366' title='bbox 1575 3722 1663 3788; x_wconf 85' lang='lat' dir='ltr'>feodi</span> <span class='ocrx_word' id='word_1_367' title='bbox 1686 3723 1832 3805; x_wconf 90' lang='lat' dir='ltr'>pertinet</span> <span class='ocrx_word' id='word_1_368' title='bbox 1857 3723 2039 3806; x_wconf 86' lang='lat' dir='ltr'>resignatas</span> <span class='ocrx_word' id='word_1_369' title='bbox 2069 3725 2139 3788; x_wconf 86' lang='lat' dir='ltr'>tam</span> <span class='ocrx_word' id='word_1_370' title='bbox 2161 3742 2222 3805; x_wconf 89' lang='lat' dir='ltr'>per</span> <span class='ocrx_word' id='word_1_371' title='bbox 2244 3722 2367 3787; x_wconf 88' lang='lat' dir='ltr'>tratres</span> <span class='ocrx_word' id='word_1_372' title='bbox 2389 3739 2440 3785; x_wconf 88' lang='lat' dir='ltr'>seu</span> 
     </span>
     <span class='ocr_line' id='line_1_31' title="bbox 423 3827 2442 3918; baseline -0.004 -21"><span class='ocrx_word' id='word_1_373' title='bbox 423 3853 483 3918; x_wconf 87' lang='lat' dir='ltr'>per</span> <span class='ocrx_word' id='word_1_374' title='bbox 512 3830 663 3912; x_wconf 76' lang='lat' dir='ltr'>nuncioS,</span> <span class='ocrx_word' id='word_1_375' title='bbox 697 3848 799 3913; x_wconf 86' lang='lat' dir='ltr'>quam</span> <span class='ocrx_word' id='word_1_376' title='bbox 831 3829 930 3894; x_wconf 88' lang='lat' dir='ltr'>etiam</span> <span class='ocrx_word' id='word_1_377' title='bbox 962 3848 1023 3911; x_wconf 89' lang='lat' dir='ltr'>per</span> <span class='ocrx_word' id='word_1_378' title='bbox 1046 3829 1133 3892; x_wconf 88' lang='lat' dir='ltr'>hanc</span> <span class='ocrx_word' id='word_1_379' title='bbox 1156 3829 1355 3910; x_wconf 86' lang='lat' dir='ltr'>scripturam</span> <span class='ocrx_word' id='word_1_380' title='bbox 1386 3827 1421 3893; x_wconf 93' lang='lat' dir='ltr'>in</span> <span class='ocrx_word' id='word_1_381' title='bbox 1445 3830 1628 3893; x_wconf 90' lang='lat' dir='ltr'>claustrum</span> <span class='ocrx_word' id='word_1_382' title='bbox 1652 3828 1884 3894; x_wconf 82' lang='lat' dir='ltr'>transferimus</span> <span class='ocrx_word' id='word_1_383' title='bbox 1908 3829 2127 3907; x_wconf 86' lang='lat' dir='ltr'>antedictum,</span> <span class='ocrx_word' id='word_1_384' title='bbox 2161 3827 2392 3912; x_wconf 87' lang='lat' dir='ltr'>approbantes</span> <span class='ocrx_word' id='word_1_385' title='bbox 2414 3827 2442 3890; x_wconf 89' lang='lat' dir='ltr'>el</span> 
     </span>
     <span class='ocr_line' id='line_1_32' title="bbox 422 3933 2443 4022; baseline -0.003 -19"><span class='ocrx_word' id='word_1_386' title='bbox 422 3939 662 4022; x_wconf 83' lang='lat' dir='ltr'>amplectentes</span> <span class='ocrx_word' id='word_1_387' title='bbox 695 3940 823 4002; x_wconf 86' lang='lat' dir='ltr'>vestras</span> <span class='ocrx_word' id='word_1_388' title='bbox 851 3935 988 4014; x_wconf 80' lang='lat' dir='ltr'>litterae,</span> <span class='ocrx_word' id='word_1_389' title='bbox 1019 3954 1085 4019; x_wconf 92' lang='lat' dir='ltr'>que</span> <span class='ocrx_word' id='word_1_390' title='bbox 1114 3935 1186 4001; x_wconf 90' lang='lat' dir='ltr'>loco</span> <span class='ocrx_word' id='word_1_391' title='bbox 1215 3936 1323 4000; x_wconf 91' lang='lat' dir='ltr'>eidem</span> <span class='ocrx_word' id='word_1_392' title='bbox 1353 3934 1395 3998; x_wconf 89' lang='lat' dir='ltr'>ad</span> <span class='ocrx_word' id='word_1_393' title='bbox 1425 3955 1542 4018; x_wconf 87' lang='lat' dir='ltr'>preces</span> <span class='ocrx_word' id='word_1_394' title='bbox 1569 3937 1701 4002; x_wconf 87' lang='lat' dir='ltr'>nostras</span> <span class='ocrx_word' id='word_1_395' title='bbox 1725 3955 1826 4020; x_wconf 88' lang='lat' dir='ltr'>super</span> <span class='ocrx_word' id='word_1_396' title='bbox 1850 3935 2039 4001; x_wconf 90' lang='lat' dir='ltr'>huiusmodi</span> <span class='ocrx_word' id='word_1_397' title='bbox 2064 3933 2202 4000; x_wconf 86' lang='lat' dir='ltr'>decimis</span> <span class='ocrx_word' id='word_1_398' title='bbox 2226 3934 2349 3999; x_wconf 88' lang='lat' dir='ltr'>collate</span> <span class='ocrx_word' id='word_1_399' title='bbox 2373 3953 2443 3998; x_wconf 90' lang='lat' dir='ltr'>nos-</span> 
     </span>
     <span class='ocr_line' id='line_1_33' title="bbox 424 4040 2444 4126; baseline -0.003 -17"><span class='ocrx_word' id='word_1_400' title='bbox 424 4047 553 4110; x_wconf 88' lang='lat' dir='ltr'>cuntur.</span> <span class='ocrx_word' id='word_1_401' title='bbox 599 4044 740 4126; x_wconf 89' lang='lat' dir='ltr'>Insuper</span> <span class='ocrx_word' id='word_1_402' title='bbox 762 4042 814 4108; x_wconf 91' lang='lat' dir='ltr'>ius</span> <span class='ocrx_word' id='word_1_403' title='bbox 838 4045 1036 4124; x_wconf 88' lang='lat' dir='ltr'>patronatus</span> <span class='ocrx_word' id='word_1_404' title='bbox 1061 4041 1199 4106; x_wconf 86' lang='lat' dir='ltr'>ecclesie</span> <span class='ocrx_word' id='word_1_405' title='bbox 1221 4041 1256 4106; x_wconf 94' lang='lat' dir='ltr'>in</span> <span class='ocrx_word' id='word_1_406' title='bbox 1272 4042 1412 4107; x_wconf 88' lang='lat' dir='ltr'>Lodhen</span> <span class='ocrx_word' id='word_1_407' title='bbox 1436 4043 1470 4106; x_wconf 88' lang='lat' dir='ltr'>et</span> <span class='ocrx_word' id='word_1_408' title='bbox 1492 4042 1576 4106; x_wconf 91' lang='lat' dir='ltr'>duas</span> <span class='ocrx_word' id='word_1_409' title='bbox 1598 4043 1716 4106; x_wconf 88' lang='lat' dir='ltr'>domos</span> <span class='ocrx_word' id='word_1_410' title='bbox 1739 4043 1775 4107; x_wconf 92' lang='lat' dir='ltr'>in</span> <span class='ocrx_word' id='word_1_411' title='bbox 1799 4042 1915 4107; x_wconf 89' lang='lat' dir='ltr'>eadem</span> <span class='ocrx_word' id='word_1_412' title='bbox 1938 4041 2017 4107; x_wconf 80' lang='lat' dir='ltr'>villa</span> <span class='ocrx_word' id='word_1_413' title='bbox 2039 4060 2115 4106; x_wconf 89' lang='lat' dir='ltr'>cum</span> <span class='ocrx_word' id='word_1_414' title='bbox 2133 4040 2289 4106; x_wconf 92' lang='lat' dir='ltr'>omnibus</span> <span class='ocrx_word' id='word_1_415' title='bbox 2305 4040 2444 4104; x_wconf 91' lang='lat' dir='ltr'>domun·</span> 
     </span>
     <span class='ocr_line' id='line_1_34' title="bbox 423 4147 2445 4233; baseline -0.004 -16"><span class='ocrx_word' id='word_1_416' title='bbox 423 4153 519 4227; x_wconf 85' lang='lat' dir='ltr'>culis,</span> <span class='ocrx_word' id='word_1_417' title='bbox 543 4150 641 4233; x_wconf 87' lang='lat' dir='ltr'>agris,</span> <span class='ocrx_word' id='word_1_418' title='bbox 666 4149 754 4231; x_wconf 85' lang='lat' dir='ltr'>rivis,</span> <span class='ocrx_word' id='word_1_419' title='bbox 779 4148 881 4228; x_wconf 78' lang='lat' dir='ltr'>silvie,</span> <span class='ocrx_word' id='word_1_420' title='bbox 905 4149 1009 4231; x_wconf 89' lang='lat' dir='ltr'>pratis</span> <span class='ocrx_word' id='word_1_421' title='bbox 1033 4151 1067 4212; x_wconf 91' lang='lat' dir='ltr'>et</span> <span class='ocrx_word' id='word_1_422' title='bbox 1090 4150 1234 4232; x_wconf 88' lang='lat' dir='ltr'>pascuis,</span> <span class='ocrx_word' id='word_1_423' title='bbox 1258 4168 1359 4212; x_wconf 87' lang='lat' dir='ltr'>unam</span> <span class='ocrx_word' id='word_1_424' title='bbox 1383 4167 1516 4230; x_wconf 88' lang='lat' dir='ltr'>quoque</span> <span class='ocrx_word' id='word_1_425' title='bbox 1541 4149 1676 4213; x_wconf 89' lang='lat' dir='ltr'>domum</span> <span class='ocrx_word' id='word_1_426' title='bbox 1700 4152 1733 4212; x_wconf 90' lang='lat' dir='ltr'>et</span> <span class='ocrx_word' id='word_1_427' title='bbox 1757 4149 1918 4213; x_wconf 90' lang='lat' dir='ltr'>decimam</span> <span class='ocrx_word' id='word_1_428' title='bbox 1941 4149 1976 4213; x_wconf 90' lang='lat' dir='ltr'>in</span> <span class='ocrx_word' id='word_1_429' title='bbox 1992 4149 2097 4213; x_wconf 88' lang='lat' dir='ltr'>altera</span> <span class='ocrx_word' id='word_1_430' title='bbox 2111 4147 2200 4226; x_wconf 88' lang='lat' dir='ltr'>villa,</span> <span class='ocrx_word' id='word_1_431' title='bbox 2223 4166 2291 4229; x_wconf 86' lang='lat' dir='ltr'>que</span> <span class='ocrx_word' id='word_1_432' title='bbox 2308 4147 2445 4213; x_wconf 90' lang='lat' dir='ltr'>Lodhen</span> 
     </span>
     <span class='ocr_line' id='line_1_35' title="bbox 424 4253 2444 4339; baseline -0.004 -16"><span class='ocrx_word' id='word_1_433' title='bbox 424 4258 579 4323; x_wconf 89' lang='lat' dir='ltr'>similiter</span> <span class='ocrx_word' id='word_1_434' title='bbox 609 4258 831 4339; x_wconf 87' lang='lat' dir='ltr'>nuncupatur,</span> <span class='ocrx_word' id='word_1_435' title='bbox 867 4259 1019 4336; x_wconf 85' lang='lat' dir='ltr'>preterea</span> <span class='ocrx_word' id='word_1_436' title='bbox 1047 4257 1114 4320; x_wconf 90' lang='lat' dir='ltr'>tres</span> <span class='ocrx_word' id='word_1_437' title='bbox 1142 4255 1260 4320; x_wconf 90' lang='lat' dir='ltr'>domos</span> <span class='ocrx_word' id='word_1_438' title='bbox 1282 4254 1315 4318; x_wconf 92' lang='lat' dir='ltr'>in</span> <span class='ocrx_word' id='word_1_439' title='bbox 1341 4255 1493 4337; x_wconf 87' lang='lat' dir='ltr'>Byredhe</span> <span class='ocrx_word' id='word_1_440' title='bbox 1521 4273 1597 4318; x_wconf 88' lang='lat' dir='ltr'>cum</span> <span class='ocrx_word' id='word_1_441' title='bbox 1627 4254 1849 4336; x_wconf 89' lang='lat' dir='ltr'>domunculis,</span> <span class='ocrx_word' id='word_1_442' title='bbox 1873 4254 1969 4338; x_wconf 86' lang='lat' dir='ltr'>agris,</span> <span class='ocrx_word' id='word_1_443' title='bbox 1993 4253 2138 4336; x_wconf 89' lang='lat' dir='ltr'>pascuis,</span> <span class='ocrx_word' id='word_1_444' title='bbox 2162 4253 2264 4332; x_wconf 85' lang='lat' dir='ltr'>silvia,</span> <span class='ocrx_word' id='word_1_445' title='bbox 2288 4253 2444 4336; x_wconf 80' lang='lat' dir='ltr'>usuagiis,</span> 
     </span>
     <span class='ocr_line' id='line_1_36' title="bbox 425 4358 2443 4449; baseline -0.003 -20"><span class='ocrx_word' id='word_1_446' title='bbox 425 4369 458 4430; x_wconf 89' lang='lat' dir='ltr'>et</span> <span class='ocrx_word' id='word_1_447' title='bbox 482 4364 585 4449; x_wconf 91' lang='lat' dir='ltr'>pratis</span> <span class='ocrx_word' id='word_1_448' title='bbox 609 4366 641 4428; x_wconf 90' lang='lat' dir='ltr'>et</span> <span class='ocrx_word' id='word_1_449' title='bbox 665 4362 819 4427; x_wconf 91' lang='lat' dir='ltr'>omnibus</span> <span class='ocrx_word' id='word_1_450' title='bbox 843 4361 1053 4444; x_wconf 86' lang='lat' dir='ltr'>pertinentiis</span> <span class='ocrx_word' id='word_1_451' title='bbox 1077 4362 1119 4426; x_wconf 88' lang='lat' dir='ltr'>ad</span> <span class='ocrx_word' id='word_1_452' title='bbox 1143 4362 1288 4444; x_wconf 89' lang='lat' dir='ltr'>easdem,</span> <span class='ocrx_word' id='word_1_453' title='bbox 1324 4363 1385 4426; x_wconf 89' lang='lat' dir='ltr'>hec</span> <span class='ocrx_word' id='word_1_454' title='bbox 1409 4361 1520 4426; x_wconf 86' lang='lat' dir='ltr'>omnia</span> <span class='ocrx_word' id='word_1_455' title='bbox 1543 4360 1647 4426; x_wconf 81' lang='lat' dir='ltr'>bbere</span> <span class='ocrx_word' id='word_1_456' title='bbox 1675 4362 1718 4426; x_wconf 88' lang='lat' dir='ltr'>ab</span> <span class='ocrx_word' id='word_1_457' title='bbox 1742 4363 1832 4426; x_wconf 91' lang='lat' dir='ltr'>omni</span> <span class='ocrx_word' id='word_1_458' title='bbox 1856 4361 2027 4428; x_wconf 87' lang='lat' dir='ltr'>advocatia</span> <span class='ocrx_word' id='word_1_459' title='bbox 2051 4381 2216 4425; x_wconf 90' lang='lat' dir='ltr'>unacum</span> <span class='ocrx_word' id='word_1_460' title='bbox 2239 4360 2356 4442; x_wconf 79' lang='lat' dir='ltr'>tlurio,</span> <span class='ocrx_word' id='word_1_461' title='bbox 2391 4358 2443 4442; x_wconf 87' lang='lat' dir='ltr'>qui</span> 
     </span>
     <span class='ocr_line' id='line_1_37' title="bbox 424 4466 2445 4554; baseline -0.003 -18"><span class='ocrx_word' id='word_1_462' title='bbox 424 4473 515 4554; x_wconf 90' lang='lat' dir='ltr'>apud</span> <span class='ocrx_word' id='word_1_463' title='bbox 543 4471 656 4536; x_wconf 83' lang='lat' dir='ltr'>villam</span> <span class='ocrx_word' id='word_1_464' title='bbox 680 4470 820 4534; x_wconf 87' lang='lat' dir='ltr'>Lodhen</span> <span class='ocrx_word' id='word_1_465' title='bbox 848 4469 955 4534; x_wconf 86' lang='lat' dir='ltr'>tluens</span> <span class='ocrx_word' id='word_1_466' title='bbox 983 4470 1017 4533; x_wconf 89' lang='lat' dir='ltr'>in</span> <span class='ocrx_word' id='word_1_467' title='bbox 1046 4469 1192 4534; x_wconf 90' lang='lat' dir='ltr'>Wirram</span> <span class='ocrx_word' id='word_1_468' title='bbox 1218 4467 1400 4548; x_wconf 88' lang='lat' dir='ltr'>descendit,</span> <span class='ocrx_word' id='word_1_469' title='bbox 1433 4468 1578 4533; x_wconf 85' lang='lat' dir='ltr'>claustro</span> <span class='ocrx_word' id='word_1_470' title='bbox 1601 4469 1637 4532; x_wconf 94' lang='lat' dir='ltr'>in</span> <span class='ocrx_word' id='word_1_471' title='bbox 1661 4468 1800 4533; x_wconf 90' lang='lat' dir='ltr'>Lodhen</span> <span class='ocrx_word' id='word_1_472' title='bbox 1831 4487 1892 4552; x_wconf 91' lang='lat' dir='ltr'>per</span> <span class='ocrx_word' id='word_1_473' title='bbox 1914 4487 1976 4532; x_wconf 91' lang='lat' dir='ltr'>nos</span> <span class='ocrx_word' id='word_1_474' title='bbox 1999 4466 2138 4533; x_wconf 89' lang='lat' dir='ltr'>fundato</span> <span class='ocrx_word' id='word_1_475' title='bbox 2161 4466 2365 4533; x_wconf 85' lang='lat' dir='ltr'>conterimus</span> <span class='ocrx_word' id='word_1_476' title='bbox 2388 4486 2445 4549; x_wconf 87' lang='lat' dir='ltr'>pro</span> 
     </span>
     <span class='ocr_line' id='line_1_38' title="bbox 426 4573 2446 4659; baseline -0.004 -15"><span class='ocrx_word' id='word_1_477' title='bbox 426 4579 504 4644; x_wconf 90' lang='lat' dir='ltr'>dote</span> <span class='ocrx_word' id='word_1_478' title='bbox 534 4581 568 4642; x_wconf 90' lang='lat' dir='ltr'>et</span> <span class='ocrx_word' id='word_1_479' title='bbox 592 4578 798 4659; x_wconf 83' lang='lat' dir='ltr'>assignamus</span> <span class='ocrx_word' id='word_1_480' title='bbox 822 4575 994 4640; x_wconf 88' lang='lat' dir='ltr'>sororibus</span> <span class='ocrx_word' id='word_1_481' title='bbox 1017 4575 1141 4640; x_wconf 86' lang='lat' dir='ltr'>ibidem</span> <span class='ocrx_word' id='word_1_482' title='bbox 1165 4577 1327 4658; x_wconf 90' lang='lat' dir='ltr'>perpetuo</span> <span class='ocrx_word' id='word_1_483' title='bbox 1351 4573 1564 4657; x_wconf 86' lang='lat' dir='ltr'>possidenda.</span> <span class='ocrx_word' id='word_1_484' title='bbox 1612 4575 1751 4640; x_wconf 84' lang='lat' dir='ltr'>Gratum</span> <span class='ocrx_word' id='word_1_485' title='bbox 1779 4574 1877 4638; x_wconf 88' lang='lat' dir='ltr'>etiam</span> <span class='ocrx_word' id='word_1_486' title='bbox 1906 4575 2069 4640; x_wconf 88' lang='lat' dir='ltr'>habemus</span> <span class='ocrx_word' id='word_1_487' title='bbox 2099 4575 2132 4639; x_wconf 92' lang='lat' dir='ltr'>et</span> <span class='ocrx_word' id='word_1_488' title='bbox 2160 4576 2278 4654; x_wconf 90' lang='lat' dir='ltr'>ratum,</span> <span class='ocrx_word' id='word_1_489' title='bbox 2314 4573 2446 4657; x_wconf 90' lang='lat' dir='ltr'>quoda</span> 
     </span>
     <span class='ocr_line' id='line_1_39' title="bbox 424 4679 2444 4767; baseline -0.003 -19"><span class='ocrx_word' id='word_1_490' title='bbox 424 4685 530 4765; x_wconf 87' lang='lat' dir='ltr'>vobis,</span> <span class='ocrx_word' id='word_1_491' title='bbox 566 4688 661 4767; x_wconf 89' lang='lat' dir='ltr'>pater</span> <span class='ocrx_word' id='word_1_492' title='bbox 693 4685 727 4748; x_wconf 88' lang='lat' dir='ltr'>et</span> <span class='ocrx_word' id='word_1_493' title='bbox 760 4683 905 4762; x_wconf 87' lang='lat' dir='ltr'>domine,</span> <span class='ocrx_word' id='word_1_494' title='bbox 940 4684 973 4746; x_wconf 92' lang='lat' dir='ltr'>et</span> <span class='ocrx_word' id='word_1_495' title='bbox 997 4702 1016 4746; x_wconf 92' lang='lat' dir='ltr'>a</span> <span class='ocrx_word' id='word_1_496' title='bbox 1039 4681 1186 4765; x_wconf 87' lang='lat' dir='ltr'>capitulo</span> <span class='ocrx_word' id='word_1_497' title='bbox 1210 4680 1376 4746; x_wconf 90' lang='lat' dir='ltr'>Mindensi</span> <span class='ocrx_word' id='word_1_498' title='bbox 1410 4699 1541 4744; x_wconf 90' lang='lat' dir='ltr'>necnon</span> <span class='ocrx_word' id='word_1_499' title='bbox 1573 4681 1615 4746; x_wconf 88' lang='lat' dir='ltr'>ab</span> <span class='ocrx_word' id='word_1_500' title='bbox 1644 4681 1830 4746; x_wconf 84' lang='lat' dir='ltr'>illustribus</span> <span class='ocrx_word' id='word_1_501' title='bbox 1864 4679 1944 4744; x_wconf 90' lang='lat' dir='ltr'>viris</span> <span class='ocrx_word' id='word_1_502' title='bbox 1980 4680 2120 4746; x_wconf 93' lang='lat' dir='ltr'>ducibus</span> <span class='ocrx_word' id='word_1_503' title='bbox 2155 4680 2197 4746; x_wconf 92' lang='lat' dir='ltr'>de</span> <span class='ocrx_word' id='word_1_504' title='bbox 2228 4679 2444 4744; x_wconf 89' lang='lat' dir='ltr'>Bruneswich</span> 
     </span>
     <span class='ocr_line' id='line_1_40' title="bbox 425 4785 2445 4870; baseline -0.003 -14"><span class='ocrx_word' id='word_1_505' title='bbox 425 4791 589 4856; x_wconf 93' lang='lat' dir='ltr'>bonorum</span> <span class='ocrx_word' id='word_1_506' title='bbox 613 4789 814 4869; x_wconf 88' lang='lat' dir='ltr'>huiusmodi,</span> <span class='ocrx_word' id='word_1_507' title='bbox 839 4789 961 4870; x_wconf 89' lang='lat' dir='ltr'>quein</span> <span class='ocrx_word' id='word_1_508' title='bbox 985 4787 1083 4853; x_wconf 90' lang='lat' dir='ltr'>feodo</span> <span class='ocrx_word' id='word_1_509' title='bbox 1107 4809 1127 4853; x_wconf 90' lang='lat' dir='ltr'>a</span> <span class='ocrx_word' id='word_1_510' title='bbox 1150 4787 1244 4853; x_wconf 86' lang='lat' dir='ltr'>vobis</span> <span class='ocrx_word' id='word_1_511' title='bbox 1268 4792 1298 4852; x_wconf 92' lang='lat' dir='ltr'>et</span> <span class='ocrx_word' id='word_1_512' title='bbox 1324 4789 1366 4852; x_wconf 88' lang='lat' dir='ltr'>ab</span> <span class='ocrx_word' id='word_1_513' title='bbox 1383 4787 1466 4870; x_wconf 89' lang='lat' dir='ltr'>ipsis</span> <span class='ocrx_word' id='word_1_514' title='bbox 1482 4786 1692 4870; x_wconf 90' lang='lat' dir='ltr'>principibus</span> <span class='ocrx_word' id='word_1_515' title='bbox 1708 4789 1933 4868; x_wconf 87' lang='lat' dir='ltr'>tenueramus,</span> <span class='ocrx_word' id='word_1_516' title='bbox 1958 4787 2054 4852; x_wconf 86' lang='lat' dir='ltr'>dictis</span> <span class='ocrx_word' id='word_1_517' title='bbox 2069 4785 2241 4852; x_wconf 90' lang='lat' dir='ltr'>sororibus</span> <span class='ocrx_word' id='word_1_518' title='bbox 2257 4787 2445 4869; x_wconf 83' lang='lat' dir='ltr'>proprietas</span> 
     </span>
     <span class='ocr_line' id='line_1_41' title="bbox 425 4892 2445 4977; baseline -0.002 -16"><span class='ocrx_word' id='word_1_519' title='bbox 425 4900 477 4961; x_wconf 89' lang='lat' dir='ltr'>est</span> <span class='ocrx_word' id='word_1_520' title='bbox 500 4897 633 4969; x_wconf 72' lang='lat' dir='ltr'>collater</span> <span class='ocrx_word' id='word_1_521' title='bbox 668 4915 746 4961; x_wconf 90' lang='lat' dir='ltr'>nam</span> <span class='ocrx_word' id='word_1_522' title='bbox 775 4895 818 4959; x_wconf 92' lang='lat' dir='ltr'>ob</span> <span class='ocrx_word' id='word_1_523' title='bbox 847 4895 932 4959; x_wconf 88' lang='lat' dir='ltr'>hanc</span> <span class='ocrx_word' id='word_1_524' title='bbox 960 4913 1094 4959; x_wconf 85' lang='lat' dir='ltr'>causam</span> <span class='ocrx_word' id='word_1_525' title='bbox 1117 4898 1249 4960; x_wconf 86' lang='lat' dir='ltr'>tantum</span> <span class='ocrx_word' id='word_1_526' title='bbox 1281 4896 1481 4976; x_wconf 89' lang='lat' dir='ltr'>eapropter</span> <span class='ocrx_word' id='word_1_527' title='bbox 1504 4895 1610 4958; x_wconf 89' lang='lat' dir='ltr'>Deum</span> <span class='ocrx_word' id='word_1_528' title='bbox 1633 4897 1753 4977; x_wconf 89' lang='lat' dir='ltr'>sponte</span> <span class='ocrx_word' id='word_1_529' title='bbox 1777 4893 2029 4976; x_wconf 83' lang='lat' dir='ltr'>resignavimus,</span> <span class='ocrx_word' id='word_1_530' title='bbox 2059 4897 2097 4959; x_wconf 90' lang='lat' dir='ltr'>ut</span> <span class='ocrx_word' id='word_1_531' title='bbox 2120 4912 2238 4958; x_wconf 90' lang='lat' dir='ltr'>eorum</span> <span class='ocrx_word' id='word_1_532' title='bbox 2260 4892 2445 4977; x_wconf 88' lang='lat' dir='ltr'>proprietas</span> 
     </span>
     <span class='ocr_line' id='line_1_42' title="bbox 423 4998 2445 5086; baseline -0.001 -20"><span class='ocrx_word' id='word_1_533' title='bbox 423 5003 577 5086; x_wconf 86' lang='lat' dir='ltr'>personis</span> <span class='ocrx_word' id='word_1_534' title='bbox 600 5002 807 5067; x_wconf 90' lang='lat' dir='ltr'>huiusmodis</span> <span class='ocrx_word' id='word_1_535' title='bbox 832 5000 1048 5082; x_wconf 88' lang='lat' dir='ltr'>conterretur,</span> <span class='ocrx_word' id='word_1_536' title='bbox 1073 5004 1105 5065; x_wconf 88' lang='lat' dir='ltr'>et</span> <span class='ocrx_word' id='word_1_537' title='bbox 1128 5002 1235 5082; x_wconf 77' lang='lat' dir='ltr'>hoc1),</span> <span class='ocrx_word' id='word_1_538' title='bbox 1259 5001 1359 5066; x_wconf 90' lang='lat' dir='ltr'>immo</span> <span class='ocrx_word' id='word_1_539' title='bbox 1383 5004 1504 5065; x_wconf 87' lang='lat' dir='ltr'>cuncta</span> <span class='ocrx_word' id='word_1_540' title='bbox 1524 5020 1589 5083; x_wconf 90' lang='lat' dir='ltr'>que</span> <span class='ocrx_word' id='word_1_541' title='bbox 1605 5001 1831 5084; x_wconf 87' lang='lat' dir='ltr'>premisimus,</span> <span class='ocrx_word' id='word_1_542' title='bbox 1855 5000 1952 5064; x_wconf 91' lang='lat' dir='ltr'>vobis</span> <span class='ocrx_word' id='word_1_543' title='bbox 1968 5002 2002 5065; x_wconf 90' lang='lat' dir='ltr'>et</span> <span class='ocrx_word' id='word_1_544' title='bbox 2017 4999 2181 5065; x_wconf 83' lang='lat' dir='ltr'>universis</span> <span class='ocrx_word' id='word_1_545' title='bbox 2197 4998 2324 5064; x_wconf 89' lang='lat' dir='ltr'>Christi</span> <span class='ocrx_word' id='word_1_546' title='bbox 2339 4999 2445 5064; x_wconf 86' lang='lat' dir='ltr'>fideli-</span> 
     </span>
     <span class='ocr_line' id='line_1_43' title="bbox 423 5105 2445 5190; baseline -0.004 -15"><span class='ocrx_word' id='word_1_547' title='bbox 423 5111 488 5176; x_wconf 92' lang='lat' dir='ltr'>bus</span> <span class='ocrx_word' id='word_1_548' title='bbox 519 5108 585 5174; x_wconf 91' lang='lat' dir='ltr'>iam</span> <span class='ocrx_word' id='word_1_549' title='bbox 615 5109 703 5174; x_wconf 90' lang='lat' dir='ltr'>natis</span> <span class='ocrx_word' id='word_1_550' title='bbox 733 5127 792 5173; x_wconf 90' lang='lat' dir='ltr'>seu</span> <span class='ocrx_word' id='word_1_551' title='bbox 826 5109 1004 5173; x_wconf 87' lang='lat' dir='ltr'>nascituris</span> <span class='ocrx_word' id='word_1_552' title='bbox 1037 5107 1072 5172; x_wconf 93' lang='lat' dir='ltr'>in</span> <span class='ocrx_word' id='word_1_553' title='bbox 1094 5111 1266 5189; x_wconf 85' lang='lat' dir='ltr'>posterum</span> <span class='ocrx_word' id='word_1_554' title='bbox 1300 5127 1375 5172; x_wconf 89' lang='lat' dir='ltr'>esse</span> <span class='ocrx_word' id='word_1_555' title='bbox 1410 5108 1562 5190; x_wconf 90' lang='lat' dir='ltr'>cupimus</span> <span class='ocrx_word' id='word_1_556' title='bbox 1596 5106 1781 5172; x_wconf 81' lang='lat' dir='ltr'>manifesta.</span> <span class='ocrx_word' id='word_1_557' title='bbox 1829 5107 1950 5172; x_wconf 89' lang='lat' dir='ltr'>Datum</span> <span class='ocrx_word' id='word_1_558' title='bbox 1973 5108 2008 5172; x_wconf 89' lang='lat' dir='ltr'>et</span> <span class='ocrx_word' id='word_1_559' title='bbox 2029 5109 2139 5172; x_wconf 89' lang='lat' dir='ltr'>actum</span> <span class='ocrx_word' id='word_1_560' title='bbox 2162 5105 2199 5170; x_wconf 90' lang='lat' dir='ltr'>in</span> <span class='ocrx_word' id='word_1_561' title='bbox 2221 5107 2336 5172; x_wconf 86' lang='lat' dir='ltr'>Monte</span> <span class='ocrx_word' id='word_1_562' title='bbox 2360 5123 2445 5170; x_wconf 89' lang='lat' dir='ltr'>anno</span> 
     </span>
     <span class='ocr_line' id='line_1_44' title="bbox 422 5211 2444 5296; baseline -0.003 -14"><span class='ocrx_word' id='word_1_563' title='bbox 422 5216 556 5282; x_wconf 91' lang='lat' dir='ltr'>Domini</span> <span class='ocrx_word' id='word_1_564' title='bbox 580 5213 841 5293; x_wconf 85' lang='lat' dir='ltr'>M⁰.CC⁰.LXV⁰.,</span> <span class='ocrx_word' id='word_1_565' title='bbox 865 5216 901 5279; x_wconf 88' lang='lat' dir='ltr'>V.</span> <span class='ocrx_word' id='word_1_566' title='bbox 926 5215 1095 5280; x_wconf 87' lang='lat' dir='ltr'>Kalendas</span> <span class='ocrx_word' id='word_1_567' title='bbox 1119 5214 1337 5296; x_wconf 89' lang='lat' dir='ltr'>Septembris,</span> <span class='ocrx_word' id='word_1_568' title='bbox 1362 5214 1574 5296; x_wconf 87' lang='lat' dir='ltr'>presentibus</span> <span class='ocrx_word' id='word_1_569' title='bbox 1597 5213 1699 5278; x_wconf 89' lang='lat' dir='ltr'>tratre</span> <span class='ocrx_word' id='word_1_570' title='bbox 1722 5213 1873 5279; x_wconf 85' lang='lat' dir='ltr'>Johanne</span> <span class='ocrx_word' id='word_1_571' title='bbox 1897 5213 2010 5294; x_wconf 87' lang='lat' dir='ltr'>priore</span> <span class='ocrx_word' id='word_1_572' title='bbox 2032 5211 2174 5278; x_wconf 84' lang='lat' dir='ltr'>fratrum</span> <span class='ocrx_word' id='word_1_573' title='bbox 2195 5212 2444 5280; x_wconf 85' lang='lat' dir='ltr'>Predicatorum</span> 
     </span>
     <span class='ocr_line' id='line_1_45' title="bbox 423 5318 2444 5403; baseline -0.002 -15"><span class='ocrx_word' id='word_1_574' title='bbox 423 5321 658 5401; x_wconf 82' lang='lat' dir='ltr'>lundensium,</span> <span class='ocrx_word' id='word_1_575' title='bbox 693 5322 797 5387; x_wconf 87' lang='lat' dir='ltr'>tratre</span> <span class='ocrx_word' id='word_1_576' title='bbox 821 5321 944 5386; x_wconf 88' lang='lat' dir='ltr'>Ottone</span> <span class='ocrx_word' id='word_1_577' title='bbox 968 5321 1010 5384; x_wconf 89' lang='lat' dir='ltr'>de</span> <span class='ocrx_word' id='word_1_578' title='bbox 1035 5320 1138 5402; x_wconf 83' lang='lat' dir='ltr'>Hoya,</span> <span class='ocrx_word' id='word_1_579' title='bbox 1173 5321 1275 5387; x_wconf 87' lang='lat' dir='ltr'>tratre</span> <span class='ocrx_word' id='word_1_580' title='bbox 1298 5321 1450 5386; x_wconf 78' lang='lat' dir='ltr'>iohanne</span> <span class='ocrx_word' id='word_1_581' title='bbox 1474 5321 1515 5385; x_wconf 92' lang='lat' dir='ltr'>de</span> <span class='ocrx_word' id='word_1_582' title='bbox 1538 5320 1712 5401; x_wconf 88' lang='lat' dir='ltr'>Hamelen,</span> <span class='ocrx_word' id='word_1_583' title='bbox 1744 5319 1859 5383; x_wconf 86' lang='lat' dir='ltr'>nostra</span> <span class='ocrx_word' id='word_1_584' title='bbox 1881 5338 2015 5403; x_wconf 90' lang='lat' dir='ltr'>quoque</span> <span class='ocrx_word' id='word_1_585' title='bbox 2039 5318 2179 5401; x_wconf 80' lang='lat' dir='ltr'>coniuge</span> <span class='ocrx_word' id='word_1_586' title='bbox 2202 5319 2444 5402; x_wconf 84' lang='lat' dir='ltr'>prenominata,</span> 
     </span>
     <span class='ocr_line' id='line_1_46' title="bbox 422 5424 2445 5512; baseline -0.002 -18"><span class='ocrx_word' id='word_1_587' title='bbox 422 5448 491 5512; x_wconf 91' lang='lat' dir='ltr'>que</span> <span class='ocrx_word' id='word_1_588' title='bbox 515 5428 684 5494; x_wconf 88' lang='lat' dir='ltr'>consensit</span> <span class='ocrx_word' id='word_1_589' title='bbox 707 5429 743 5494; x_wconf 90' lang='lat' dir='ltr'>in</span> <span class='ocrx_word' id='word_1_590' title='bbox 766 5427 976 5495; x_wconf 89' lang='lat' dir='ltr'>collationem</span> <span class='ocrx_word' id='word_1_591' title='bbox 999 5425 1148 5491; x_wconf 87' lang='lat' dir='ltr'>omnium</span> <span class='ocrx_word' id='word_1_592' title='bbox 1173 5426 1407 5510; x_wconf 88' lang='lat' dir='ltr'>predictorum,</span> <span class='ocrx_word' id='word_1_593' title='bbox 1431 5427 1645 5510; x_wconf 88' lang='lat' dir='ltr'>presentibus</span> <span class='ocrx_word' id='word_1_594' title='bbox 1668 5427 1807 5509; x_wconf 88' lang='lat' dir='ltr'>insuper</span> <span class='ocrx_word' id='word_1_595' title='bbox 1829 5425 1952 5490; x_wconf 88' lang='lat' dir='ltr'>nostris</span> <span class='ocrx_word' id='word_1_596' title='bbox 1974 5425 2164 5504; x_wconf 89' lang='lat' dir='ltr'>heredibus,</span> <span class='ocrx_word' id='word_1_597' title='bbox 2192 5424 2251 5509; x_wconf 91' lang='lat' dir='ltr'>qui</span> <span class='ocrx_word' id='word_1_598' title='bbox 2273 5443 2445 5509; x_wconf 86' lang='lat' dir='ltr'>nunquam</span> 
     </span>
    </p>
   </div>
   <div class='ocr_carea' id='block_1_6' title="bbox 0 0 2536 6788">
    <p class='ocr_par' dir='ltr' id='par_1_6' title="bbox 0 0 2536 6788">
     <span class='ocr_line' id='line_1_47' title="bbox 0 0 2536 6788; baseline 0 0"><span class='ocrx_word' id='word_1_599' title='bbox 0 0 2536 6788; x_wconf 95' lang='lat' dir='ltr'> </span> 
     </span>
    </p>
   </div>
   <div class='ocr_carea' id='block_1_7' title="bbox 2527 1139 2531 1809">
    <p class='ocr_par' dir='ltr' id='par_1_7' title="bbox 2527 1139 2531 1809">
     <span class='ocr_line' id='line_1_48' title="bbox 2527 1139 2531 1809; baseline 0 0"><span class='ocrx_word' id='word_1_600' title='bbox 2527 1139 2531 1809; x_wconf 95' lang='lat' dir='ltr'> </span> 
     </span>
    </p>
   </div>
  </div>
 </body>
</html>
