5062 6776
463 401 528 466 368
1454 423 1523 478 raro

461 617 618 704 pagiuam
642 613 748 696 sigillo
771 615 888 678 nostro
916 615 950 678 et
973 613 1079 694 sigillo
1102 612 1162 677 filii
1189 614 1294 679 nostri
1327 615 1480 682 duximus
1512 617 1745 688 roborandam.
1793 622 1915 687 Datum
1948 623 1984 687 in
2012 622 2207 708 Aldenburg
2238 645 2326 694 anno
2353 629 2461 696 Domini

461 721 701 790 M⁰.CC⁰.LXX⁰
725 723 758 785 et
780 739 880 785 nono.

597 825 652 894 Or.
676 829 720 891 irn
743 824 815 910 Kpl.
843 824 947 890 sc-A.
971 847 1011 890 zn
1034 826 1183 905 Mirum,
1207 849 1231 893 e.
1258 827 1379 892 Martin
1402 826 1463 894 Nr.
1488 826 1540 908 27,
1567 830 1653 896 icida
1677 831 1782 918 Siepel
1803 832 1891 897 nebat
1913 832 2115 920 Bescatiqsmp
2139 835 2335 922 abperr'asem
2366 846 2461 904 zneitn

675 931 730 998 Or.
754 935 798 996 im
820 931 939 995 Arenio
962 932 1015 996 dee
1037 929 1088 997 Kl.
1116 931 1259 1011 Locrum,
1286 933 1389 1020 Sieqel
1411 937 1464 1000 dea
1487 934 1633 1001 Gerhord
1653 940 1799 1017 ncrloren,
1824 939 1883 1003 doe
1906 939 2106 1027 Reitcrcnpel
2127 942 2180 1007 dea
2205 941 2324 1008 Sobnea
2339 945 2463 1010 Gerlord

675 1039 822 1105 crholten.
870 1036 964 1105 θεάν.
989 1063 1016 1103 υ.
1040 1036 1236 1126 Ηοᾶεηόονρ,
1263 1037 1468 1125 Cannbnqer
1496 1040 1562 1109 UB.
1587 1042 1684 1111 Abin.
1712 1041 1775 1123 ΙΙΙ,
1802 1043 1834 1111 S.
1859 1045 1924 1108 241
1948 1044 2009 1112 Nr.
2032 1045 2098 1114 374
2122 1049 2201 1113 nard
2228 1050 2299 1114 dem
2320 1053 2387 1116 loce.
2411 1053 2462 1130 (ln,

676 1169 703 1210 o.
729 1145 863 1230 Arpern,
891 1143 963 1209 Cod.
994 1145 1118 1230 diplom.
1151 1142 1195 1222 ll,
1228 1144 1262 1209 S.
1285 1143 1353 1209 256
1380 1145 1441 1212 Nr.
1467 1146 1560 1211 1490
1586 1149 1668 1213 nacla
1697 1151 1754 1215 der
1785 1151 1948 1238 Abscdmft
1981 1153 2034 1218 dea
2058 1152 2109 1221 16.
2134 1154 2187 1220 le.
2211 1159 2247 1219 in
2270 1156 2344 1222 Mac.
2370 1156 2392 1232 I,
2415 1159 2463 1220 nn

669 1252 727 1331 foi.
753 1250 810 1327 17,·
844 1253 949 1332 fernen
972 1250 1084 1329 Haase,
1111 1249 1594 1336 Britannia-Holenin-Lonenb.
1618 1255 1715 1341 Repp.
1739 1258 1806 1320 ond
1832 1255 1933 1322 Urlclr.
1959 1257 2002 1338 ΙΙ,
2030 1257 2064 1324 S.
2088 1259 2157 1322 222
2178 1258 2236 1327 Nr.
2261 1259 2337 1326 560.
2375 1262 2464 1348 Repeti

682 1355 909 1444 Wippernnann,
933 1357 1030 1443 Repo.
1057 1356 1225 1421 Schanmb.
1252 1357 1286 1425 S.
1310 1357 1355 1422 98
1377 1356 1437 1425 Nr.
1458 1358 1534 1427 200.
1563 1360 1739 1448 Oldenburp
1761 1366 1795 1427 in
1818 1362 1968 1430 Holatcin.

1417 1577 1524 1655 1163.

456 1707 530 1778 Die
556 1703 698 1777 Brndcr
724 1727 787 1776 non
821 1703 1028 1774 Bnrdeleben
1061 1703 1264 1792 ibertropen
1292 1703 1355 1774 dos
1380 1704 1566 1796 quntnrn
1593 1729 1640 1776 on
1668 1706 1886 1780 Lindcreicn
1917 1711 1954 1780 in
1982 1711 2132 1784 Horsten
2165 1712 2242 1784 dem
2273 1714 2462 1803 Monirntilt

1156 1810 1193 1879 in
1223 1809 1381 1886 Mindcn.
1435 1811 1784 1902 1279An9nst17.

565 1949 739 2014 Tidericus
767 1950 800 2013 et
829 1945 1025 2012 Lodewicus
1054 1946 1174 2010 fratres
1205 1946 1246 2011 de
1274 1945 1480 2012 Bardenleve
1522 1949 1593 2013 sine
1623 1951 1783 2016 uxoribus
1812 1953 1845 2016 et
1873 1951 1987 2018 tiberis
2019 1954 2198 2020 existentes
2239 1957 2391 2021 omnibns
2415 1959 2462 2021 hoc

459 2056 619 2139 scriptum
642 2055 764 2120 visuris
788 2053 929 2118 salutem
956 2052 990 2116 in
1014 2051 1163 2116 omnium
1187 2053 1334 2117 salutari.
1389 2053 1472 2118 Cum
1501 2055 1569 2119 vita
1598 2058 1713 2121 nostra
1744 2058 1779 2120 in
1811 2078 1872 2122 suo
1904 2061 2019 2124 centro
2055 2059 2103 2125 sic
2135 2081 2172 2125 se
2203 2064 2407 2145 retorqueat,
2436 2067 2462 2126 ut

459 2163 668 2228 successione
692 2161 854 2243 temporis
878 2159 982 2224 futuri
1005 2158 1238 2241 preteritorum
1263 2159 1422 2225 memoria
1445 2166 1631 2244 evanescat,
1656 2164 1744 2228 racio
1768 2164 1884 2248 exigit,
1909 2167 1946 2230 ut
1968 2167 2011 2231 ad
2035 2166 2262 2233 exclusionem
2285 2169 2459 2251 insurgentis

458 2268 646 2350 calumpnia
680 2269 773 2351 gesta
802 2266 975 2331 hominum
1004 2265 1135 2347 scriptis
1165 2269 1197 2330 et
1226 2266 1410 2348 sigillorum
1441 2268 1703 2350 appensionibus
1733 2272 1900 2336 tueantur.
1946 2271 2071 2336 Notum
2100 2271 2143 2337 sit
2177 2273 2279 2355 igitur
2309 2276 2458 2343 universis.
2518 2295 2519 2298 ¹

459 2378 550 2459 quod
574 2375 614 2440 de
638 2375 806 2438 communi
831 2391 995 2437 consensu
1017 2371 1157 2436 fratrum
1187 2375 1375 2437 nostrorum
1399 2373 1554 2439 videlicet
1577 2374 1726 2440 Heinrici
1750 2376 1909 2461 prepositi
1937 2377 1972 2441 in
2002 2378 2161 2442 Rintelen
2192 2383 2225 2444 et
2250 2380 2391 2444 Conradi
2411 2383 2461 2444 rte-

457 2484 613 2561 ricorum,
637 2481 799 2546 Gerhardi
824 2482 857 2544 et
880 2478 1060 2562 Ludingeri
1084 2478 1224 2542 militum
1253 2481 1286 2542 et
1313 2479 1475 2544 iohannis
1505 2500 1543 2546 ac
1565 2482 1706 2547 aliorum
1734 2486 1884 2549 omnium
1911 2485 2113 2550 coheredum
2141 2491 2336 2551 nostrorum
2358 2487 2460 2550 curiam

459 2610 535 2656 cum
563 2591 662 2655 domo
690 2591 723 2652 et
752 2587 859 2651 tribus
883 2586 1007 2650 mansis
1042 2585 1113 2650 sitis
1141 2587 1177 2650 in
1208 2585 1355 2650 Horsten
1388 2586 1423 2650 in
1453 2589 1628 2670 parrochia
1648 2589 1828 2673 Nendorpe
1844 2591 2025 2656 Mindeusis
2049 2592 2201 2673 dyocesis
2229 2613 2307 2656 cum
2331 2593 2460 2656 omnibus

458 2695 645 2761 attinenciis
669 2696 754 2770 suis,
779 2693 933 2758 videlicet
956 2693 1059 2774 agne,
1094 2691 1242 2775 pascuis,
1274 2691 1370 2774 aquis
1399 2695 1433 2756 et
1464 2693 1569 2775 silvie,
1605 2714 1746 2776 quorum
1771 2698 1856 2761 duos
1888 2716 1908 2760 a
1937 2697 2041 2761 nobili
2072 2699 2143 2764 viro
2168 2699 2343 2764 Gerhardo
2366 2700 2461 2764 comite

459 2803 631 2867 Holtsacie
667 2804 701 2866 et
730 2799 973 2866 Soowenborch
1006 2801 1039 2864 et
1069 2817 1172 2862 unum
1203 2799 1244 2862 de
1273 2798 1418 2880 capitulo
1448 2801 1554 2865 sancti
1578 2801 1711 2866 Martini
1740 2803 1922 2867 Mindeusis
1954 2803 2157 2868 hereditario
2188 2805 2262 2870 iure
2292 2807 2327 2870 in
2354 2806 2462 2888 pheodo

457 2909 650 2988 habuimus
686 2909 813 2973 decano
848 2908 882 2970 et
914 2904 1060 2988 capitulo
1091 2905 1239 2969 eiusdem
1277 2905 1414 2969 ecclesie
1444 2907 1548 2970 sancti
1581 2908 1711 2972 Martini
1747 2928 1809 2992 pro
1839 2907 1972 2992 triginta
1996 2911 2127 2974 duabus
2151 2911 2272 2976 marcis
2295 2911 2461 2976 Bremensis

456 3015 585 3098 argenti
606 3015 817 3080 vendidimus
841 3013 875 3076 in
899 3012 1099 3095 perpetuum
1125 3011 1352 3094 possidendos.
1400 3010 1445 3076 Ut
1466 3014 1579 3077 autem
1606 3013 1667 3079 hec
1693 3017 1766 3080 rata
1793 3016 1826 3079 et
1847 3016 2040 3080 inconvulsa
2060 3021 2296 3098 permaneant,
2329 3018 2460 3082 dedimus

456 3121 504 3187 eis
527 3141 665 3204 presens
690 3121 851 3203 scriptum
878 3118 957 3183 inde
981 3118 1169 3183 confectum
1197 3117 1379 3200 sigillorum
1409 3121 1600 3183 nostrorum
1629 3121 1810 3186 munimine
1840 3122 2042 3187 roboratum.
2091 3124 2213 3188 Datum
2236 3143 2328 3188 anno
2352 3121 2460 3188 Domini

454 3226 790 3306 M⁰.CC⁰.LXX⁰.IX⁰.,
814 3225 913 3290 XVl⁰.
936 3225 1104 3291 Kalendas
1128 3224 1347 3306 Septembris.

590 3332 645 3396 Or.
668 3337 712 3397 inc
734 3331 806 3418 1192.
830 3329 933 3395 sc-A.
957 3352 996 3393 zu
1019 3330 1168 3406 Minoam,
1193 3341 1230 3393 at.
1257 3330 1377 3393 Martio
1399 3333 1434 3394 in
1458 3331 1584 3396 Mindon
1607 3329 1666 3396 Nr.
1690 3331 1742 3399 25.
1784 3330 1886 3397 Obwol
1907 3334 1989 3397 naclr
2012 3325 2073 3398 den*
2101 3331 2222 3399 Wortcn
2245 3335 2304 3400 der
2331 3333 2404 3399 Url.
2424 3335 2462 3396 die

669 3440 794 3504 Briider
815 3463 842 3502 v.
871 3437 910 3500 B.
933 3439 1062 3522 aicpeln,
1092 3439 1134 3500 ist
1159 3437 1233 3500 doct
1260 3439 1368 3500 immor
1396 3457 1458 3499 nor
1480 3440 1530 3500 ein
1555 3435 1658 3522 Sicpct
1688 3461 1730 3502 on
1759 3439 1815 3501 der
1842 3437 1920 3504 Ura.
1944 3463 2095 3524 peronen,
2130 3442 2196 3504 nnd
2217 3463 2321 3518 aanor,
2346 3445 2397 3505 iric
2416 3441 2461 3502 dcc

668 3547 820 3612 erloltenc
843 3543 941 3610 kleinc
964 3541 1161 3607 Brnclrstict·
1189 3545 1277 3627 acini,
1307 3542 1366 3605 dos
1388 3543 1441 3607 dea
1465 3541 1607 3628 Kopitels
1633 3566 1691 3608 von
1713 3556 1749 3609 st.
1775 3545 1904 3610 nlarnn.
1954 3544 2049 3611 Gedr.
2077 3547 2159 3611 norb
2186 3549 2243 3610 der
2268 3547 2395 3610 nosen.
2421 3547 2462 3608 dn

669 3651 720 3716 16.
744 3651 797 3717 ΙΙι.
826 3655 860 3715 in
883 3651 959 3715 Mac.
985 3649 1011 3728 Ι,
1042 3649 1106 3713 110
1128 3651 1181 3730 fol.
1209 3648 1273 3713 17o
1306 3673 1332 3714 o.
1359 3650 1491 3733 dapem,
1529 3647 1601 3714 Cod.
1631 3650 1755 3734 diplom.
1794 3649 1967 3717 Sckcnenb.
1994 3650 2037 3729 ΙΙ,
2069 3651 2102 3717 S.
2125 3651 2194 3716 256
2224 3651 2285 3717 Nr.
2313 3651 2408 3730 1496,
2436 3655 2461 3713 in

667 3758 869 3844 abqelonznr
892 3755 989 3820 Form
1018 3754 1244 3842 ll'ippermann
1273 3754 1369 3841 Repp.
1396 3753 1560 3819 sanarint.
1587 3755 1620 3820 S.
1644 3755 1689 3821 97
1712 3754 1771 3823 Nr.
1799 3755 1873 3823 199.

1412 3973 1522 4050 1164.

455 4103 598 4191 Bisth
632 4103 777 4193 Volqnin
811 4124 874 4172 non
910 4099 1057 4171 Mindon
1088 4099 1261 4187 ribertrdpt
1295 4098 1372 4169 dem
1408 4099 1624 4186 Mortinctitt
1657 4102 1695 4169 in
1724 4099 1873 4171 Mindon
1903 4101 1985 4170 anei
2012 4099 2135 4190 ancn
2169 4104 2206 4172 in
2240 4103 2386 4173 Horstnr
2416 4099 2459 4168 als

740 4208 920 4295 Eipentnnr
949 4206 1022 4276 nnd
1050 4206 1158 4276 erbdlt
1184 4206 1333 4294 dopcpen
1360 4205 1425 4275 dos
1454 4204 1550 4293 Dor!
1576 4205 1779 4296 Lonpefeld.
1835 4205 1937 4277 1279
1965 4205 2100 4296 Anpccst
2128 4205 2187 4278 17.

560 4344 744 4427 Volquinus
769 4343 828 4408 Dei
851 4341 960 4424 gracia
984 4342 1172 4425 episcopus,
1196 4341 1274 4407 Otto
1298 4340 1501 4424 prepositus,
1527 4341 1700 4406 Conradus
1724 4343 1870 4407 decanus
1893 4344 2068 4424 totumque
2092 4343 2277 4425 capitulum
2294 4340 2462 4408 Mindeusis

452 4451 591 4516 ecclesie
615 4449 771 4516 omnibus
793 4450 880 4514 hanc
902 4448 1048 4512 litteram
1072 4448 1271 4531 inspecturis
1294 4447 1436 4512 salutern
1462 4447 1498 4510 in
1522 4447 1670 4512 omniurn
1694 4447 1838 4512 salutari.
1886 4448 1971 4513 Cum
2001 4447 2171 4513 homiuum
2205 4448 2248 4514 sit
2275 4449 2344 4513 vita
2366 4445 2462 4512 brevis

452 4560 484 4622 et
508 4556 667 4621 memoria
691 4554 902 4620 successione
926 4553 1088 4637 temporis
1112 4554 1282 4635 alteretur,
1307 4554 1444 4636 dignum
1468 4556 1552 4631 est‚·
1568 4557 1606 4618 ut
1630 4555 1721 4637 quod
1743 4554 1805 4618 rite
1829 4555 1952 4637 agitur,
1982 4573 2025 4618 ne
2056 4555 2255 4637 surrepente
2285 4553 2461 4634 calumpnia
2515 4571 2516 4618 t

450 4663 599 4736 violetur,
623 4661 755 4745 scriptis
779 4663 811 4726 et
835 4661 1018 4744 sigillorum
1041 4660 1302 4744 appensionibus
1326 4661 1509 4725 roboretur.
1550 4660 1675 4726 Notum
1697 4660 1798 4743 igitur
1819 4659 1959 4725 facimus
1983 4658 2148 4725 universis
2171 4663 2240 4724 tam
2264 4659 2461 4743 presentibus

451 4789 553 4852 quam
579 4768 715 4846 futuris,
750 4766 842 4851 quod
876 4787 938 4831 nos
969 4769 1010 4832 de
1039 4766 1206 4832 communi
1237 4767 1454 4832 connivencia
1489 4770 1522 4832 et
1550 4786 1717 4832 consensu
1747 4767 1850 4832 nostri
1885 4767 2022 4850 capituli
2057 4768 2297 4850 proprietatem
2332 4767 2460 4830 duorum

450 4893 642 4941 mansorum
666 4874 805 4939 sitorum
834 4873 868 4938 in
893 4873 1039 4938 Horsten
1067 4873 1101 4937 in
1130 4873 1306 4955 parrochia
1333 4873 1537 4955 Nendhorpe
1568 4876 1683 4938 nostre
1714 4873 1863 4956 dyocesis
1893 4892 1968 4938 cum
1995 4873 2151 4938 omnibus
2179 4871 2367 4937 attinenciis
2390 4870 2459 4935 suis.

451 4982 539 5063 agris
562 4981 725 5058 videlicet,
749 4981 855 5063 aquis
879 4979 1012 5062 pascuis
1036 4983 1137 5063 atque
1161 4979 1262 5054 silvie,
1287 4998 1370 5061 quos
1387 4979 1429 5044 ad
1452 4979 1647 5062 petitionem
1672 4983 1819 5045 nostram
1835 4979 2025 5045 Gerhardus
2049 4998 2160 5045 comes
2184 4977 2304 5043 nobilis
2327 4981 2361 5041 et
2383 4975 2460 5039 lilius

449 5107 531 5152 suus
556 5086 597 5152 de
622 5086 792 5152 Holtsacia
818 5105 877 5152 seu
906 5087 1151 5152 Soowenborch
1179 5085 1276 5151 nobis
1304 5085 1502 5168 resignando
1532 5105 1593 5169 per
1623 5088 1779 5168 patentes
1808 5105 1886 5150 suas
1915 5086 2042 5151 litteras
2073 5085 2303 5159 contulerunt,
2333 5081 2457 5148 ecclesie

449 5192 557 5258 sancti
581 5193 713 5257 Martini
737 5195 852 5256 nostre
875 5192 1018 5258 civitatis
1041 5191 1242 5257 contulimus
1266 5193 1428 5275 perpetuo
1455 5191 1704 5274 possidendam.
1757 5193 1874 5275 Ipsum
1897 5211 1975 5257 vero
1998 5191 2182 5273 capitutum
2216 5191 2322 5255 sancti
2338 5183 2458 5252 Martini
2514 5199 2515 5242 3

446 5300 634 5382 predictum
658 5298 693 5362 in
717 5299 1059 5382 recompensationem
1082 5297 1295 5382 proprietatis
1318 5297 1423 5380 ipsius
1439 5298 1678 5381 proprietatem
1702 5299 1874 5363 cuiusdam
1897 5297 1974 5363 ville
1998 5317 2064 5380 que
2084 5296 2206 5362 dicitur
2222 5292 2458 5377 Langenevelde

446 5405 546 5471 nobis
570 5406 712 5471 contulit
734 5425 831 5471 versa
853 5405 935 5471 vice.
982 5406 1027 5470 Ut
1049 5409 1160 5471 autem
1183 5405 1245 5469 hec
1268 5407 1341 5470 rata
1364 5407 1397 5469 et
1420 5404 1616 5469 inconvulsa
1642 5407 1873 5486 permaneant,
1897 5403 2051 5469 dedimus
2075 5403 2123 5468 eis
2146 5421 2286 5486 presens
2309 5401 2456 5482 scripturn
