5032 6796
482 393 552 458 494
1478 419 1546 474 1295

1443 615 1490 692 15
1519 622 1553 694 ⁶.

483 733 604 823 Kdnip
629 735 737 822 Adel!
768 735 930 807 detondet
962 739 1027 826 nn(
1053 738 1211 828 Ausrqqe
1246 741 1307 812 des
1334 615 1666 832 Bacnossfflrlutolf
1690 766 1756 816 uon
1784 745 1941 834 Minden,
1976 747 2060 818 dass
2092 747 2166 820 kein
2189 751 2268 842 Gruf
2285 759 2311 826 iu
2332 763 2393 832 uim

484 839 694 929 Grafsemsr
727 843 802 914 eine
835 839 1057 934 Besestipuup
1090 845 1232 934 ardepen
1265 847 1358 937 durs
1385 848 1470 920 olane
1503 851 1740 942 Zuetiuumunp
1767 853 1895 942 (Iessea,
1930 853 2007 924 dem
2039 855 2104 926 der
2131 857 2236 929 Gruud
2262 863 2312 932 und
2330 863 2394 938 Buta

478 945 606 1035 pelen,
633 947 707 1018 und
734 947 818 1020 dass
845 949 1096 1040 Streitipkcitcu
1122 952 1280 1024 tmmtber
1306 976 1367 1025 uer
1392 955 1463 1024 ilum
1490 977 1533 1026 eu
1559 957 1766 1031 verbundeln
1792 960 1882 1031 sind
1937 960 2143 1050 Kreuzburq
2161 963 2241 1035 1295
2261 967 2394 1043 oucule
2437 935 2442 1077 Ι

550 1188 557 1202 .
590 1081 660 1148 Nos
684 1083 825 1149 Adolfus
849 1086 910 1150 Dei
938 1087 1042 1170 gratia
1066 1088 1294 1153 Romanorum
1326 1109 1383 1154 rex
1409 1110 1543 1174 semper
1567 1094 1726 1175 augustus
1750 1095 1792 1158 ad
1817 1096 2048 1162 universorum
2072 1099 2216 1164 noticiam
2235 1105 2343 1168 volumus
2357 1127 2396 1188 pu-
2439 1084 2442 1097 ¹

481 1207 606 1309 uenire,
636 1191 726 1273 quod
754 1210 842 1256 anno
866 1193 1000 1258 Domini
1029 1194 1204 1260 millesimo
1232 1196 1460 1261 ducentesimo
1487 1199 1702 1281 nonagesimo
1725 1201 1843 1282 quinto
1867 1203 2013 1269 secunda
2035 1203 2119 1270 teria
2140 1208 2207 1288 post
2225 1207 2331 1290 [lyonmi
2345 1215 2399 1278 nulls

481 1313 516 1360 m
548 1299 657 1362 castro
685 1301 763 1363 ante
788 1298 981 1382 Cruceburg
1007 1321 1068 1383 pro
1091 1301 1251 1366 tribunali
1274 1302 1468 1368 sedentibus
1492 1304 1665 1371 obtentum
1689 1306 1751 1372 fuit
1774 1309 1817 1374 ad
1841 1310 2090 1392 requisitionem
2115 1315 2282 1380 venerabilis
2300 1317 2397 1400 ludulphi
2440 1272 2444 1397 i

482 1405 580 1472 electi
604 1408 638 1470 et
661 1403 850 1475 confirmati
873 1407 1054 1472 Miudensis
1078 1408 1228 1486 ecclesie,
1250 1399 1411 1492 principis
1435 1411 1542 1476 nostri
1566 1411 1686 1494 dilecti,
1710 1433 1771 1496 per
1793 1416 1995 1498 principum,
2018 1417 2177 1483 nobilium
2197 1439 2229 1484 ac
2247 1421 2346 1488 aliorum
2359 1446 2400 1489 cun
2440 1400 2445 1493 1

482 1518 615 1586 sistorio
638 1520 754 1583 nostro
778 1517 1007 1582 assistentium
1030 1516 1238 1580 concorditer
1260 1516 1459 1581 sententiam
1483 1537 1593 1583 coram
1618 1519 1725 1598 nobie,
1750 1521 1842 1603 quod
1857 1522 1970 1587 nullus
1986 1542 2097 1590 comes
2114 1525 2147 1589 in
2160 1528 2401 1595 terminiscouitatus

481 1634 535 1700 sui
565 1633 600 1697 in
630 1629 734 1694 fundo
765 1626 978 1712 proprietatis
1006 1624 1103 1690 titulo
1135 1624 1177 1688 ad
1206 1625 1350 1703 aliquem
1378 1623 1522 1688 incolam
1550 1624 1657 1706 ipsius
1688 1627 1864 1693 comitatus
1892 1632 2065 1712 spectante
2087 1632 2189 1712 possit
2209 1633 2243 1697 de
2261 1634 2314 1699 iure
2329 1637 2402 1717 absque

480 1759 647 1807 consensu
671 1737 788 1821 ipsine,
812 1735 855 1798 ad
878 1753 978 1816 quem
1002 1733 1132 1816 spectat
1153 1731 1227 1814 ipsa
1250 1729 1447 1814 proprietas
1469 1730 1610 1796 alicuius
1626 1733 1726 1796 castri
1740 1734 1792 1797 vel
1809 1733 1945 1800 alterius
1961 1737 2155 1801 munitionis
2169 1738 2275 1803 edificia
2287 1741 2402 1805 instaurare

482 1849 523 1914 de
551 1867 649 1911 novo.
695 1844 778 1909 Item
805 1842 868 1908 fuit
896 1841 1072 1906 obtentum
1099 1839 1135 1902 in
1164 1836 1331 1903 sententia
1359 1855 1471 1902 coram
1500 1836 1609 1914 nobis,
1636 1839 1683 1919 ut,
1712 1839 1741 1904 si
1768 1839 1856 1903 inter
1882 1841 2037 1906 comitem
2066 1845 2158 1908 cuius
2184 1849 2227 1912 est
2251 1847 2373 1912 comitatus
2386 1853 2404 1910 ut

480 1955 652 2021 dominum
684 1951 779 2016 fundi
810 1948 950 2033 predicti
984 1964 1086 2028 super
1117 1943 1257 2009 edificiis
1290 1942 1460 2025 prelibatis
1495 1943 1628 2024 questio
1658 1943 1793 2026 oriatur,
1833 1947 2023 2012 huiusmodi
2054 1951 2213 2017 contentio
2236 1971 2318 2017 coram
2339 1959 2404 2016 rosta

479 2066 654 2133 maiestate
684 2063 855 2141 tamquam
883 2053 1046 2137 superiori
1072 2052 1183 2116 iudice
1206 2049 1340 2114 tractari
1363 2049 1483 2115 debeat
1506 2051 1540 2114 et
1561 2049 1661 2115 finiri.
1708 2051 1831 2116 Datum
1854 2053 1888 2118 in
1911 2057 2022 2119 castro
2045 2059 2123 2122 ante
2145 2058 2303 2141 Cruceburg
2319 2079 2375 2122 mnu
2388 2063 2404 2120 cl
2449 2049 2450 2130 l

482 2175 535 2241 die
558 2169 728 2259 predictis,
752 2165 844 2249 regni
867 2182 946 2229 vero
969 2159 1072 2225 nostri
1096 2178 1184 2223 anno
1209 2159 1337 2239 quarto.

613 2295 708 2361 θεάν.
745 2292 828 2356 Mon.
856 2288 962 2354 Germ.
991 2281 1059 2348 LL.
1087 2279 1132 2360 II,
1166 2279 1199 2346 S.
1230 2277 1296 2342 463
1322 2279 1389 2342 aad
1422 2277 1618 2360 errdtwcu'n‚
1649 2279 1740 2345 Nova
1772 2281 1857 2348 cuba.
1893 2281 1993 2357 XIII,
2028 2282 2062 2350 S.
2092 2285 2144 2352 43.
2197 2287 2288 2372 Rupere
2312 2289 2363 2350 luc.
2382 2285 2404 2358 ll,

694 2398 793 2477 189a,
830 2395 888 2460 Nu.
923 2391 999 2469 218,
1045 2390 1131 2476 pedu.
1165 2386 1362 2470 Kindlinqer,
1401 2383 1585 2472 Sammlunq
1618 2387 1743 2453 marlaco.
1779 2385 1898 2454 Naclur.
1941 2388 1975 2454 S.
2009 2388 2065 2471 90,
2112 2392 2242 2472 Bdtmer,
2271 2392 2342 2479 Repu.
2363 2397 2404 2477 inp.

692 2507 799 2586 Adolf,
824 2503 886 2567 Nr.
910 2499 986 2565 290.

1435 2673 1544 2753 1553.

476 2826 686 2915 Dornpropst
714 2817 863 2905 amoq
890 2834 954 2883 uon
980 2809 1137 2896 Miuden,
1165 2802 1307 2893 liudolf
1327 2825 1390 2874 uon
1410 2802 1564 2892 Haerere,
1598 2803 1732 2892 liudolf
1751 2804 1824 2874 und
1842 2804 1955 2875 Ernst
1973 2827 2038 2877 von
2057 2807 2209 2878 Gesnwld
2224 2804 2407 2878 uuddietlult

479 2927 678 3005 Osncbru'lclr
711 2923 852 2995 macheu
887 2921 984 2991 einen
1019 2915 1127 2987 Bund
1156 2935 1263 3004 papea
1295 2910 1453 2981 Ricburd
1494 2909 1561 2980 Vos
1593 2909 1666 2979 und
1693 2910 1851 3000 Auhnrzp.
1909 2911 2107 2984 Osuaurueu
2134 2913 2228 2985 1295
2252 2913 2356 2985 unua
2373 2907 2406 2979 ll.

583 3067 653 3130 Nos
678 3059 874 3127 Lodewicus
899 3055 959 3120 Dei
982 3051 1092 3137 gracia
1115 3048 1307 3133 prepositus
1330 3046 1464 3112 maioris
1489 3046 1628 3112 ecclesie
1651 3047 1845 3129 blindensiS,
1868 3047 2031 3116 Rodolsus
2056 3051 2098 3116 de
2121 3051 2234 3130 Haren,
2256 3047 2370 3114 Ludollus
2384 3045 2406 3104 de

473 3173 628 3240 Gesmele
656 3167 779 3234 milites
810 3168 844 3230 et
866 3163 1027 3228 Ernestus
1058 3159 1098 3223 de
1123 3155 1275 3222 Gesmele
1303 3153 1458 3234 famulus
1490 3153 1609 3217 ..iudex
1633 3156 1665 3217 et
1688 3153 1864 3219 ..consules
1888 3153 2027 3220 civitatis
2051 3157 2295 3240 Osnaburgensis
2312 3153 2407 3220 omnibu

474 3278 646 3365 presentia
670 3274 789 3340 visuris
813 3273 846 3336 et
869 3267 1032 3336 audituris
1056 3264 1208 3347 cupimus
1232 3280 1305 3326 esse
1329 3263 1456 3333 notum,
1481 3259 1572 3341 quod
1596 3279 1656 3323 nos
1680 3259 1982 3326 confederationem
2005 3262 2144 3328 fecimus
2160 3267 2190 3328 et
2205 3259 2407 3344 compromisimus

473 3389 510 3454 in
532 3388 622 3451 hunc
645 3382 780 3448 modum
803 3378 870 3442 tide
893 3373 1033 3457 prestita
1056 3368 1230 3454 corporali,
1254 3369 1301 3433 ita
1324 3365 1486 3446 videlicet,
1510 3365 1601 3449 quod
1623 3384 1683 3429 nos
1700 3366 1864 3432 Rodolfus
1887 3367 1981 3432 miles
2004 3370 2175 3451 predictus
2196 3389 2231 3434 ex
2249 3360 2407 3450 pariclouirl

473 3492 582 3559 nostri
608 3485 791 3572 ..prepositi
814 3481 981 3566 prenotati
1004 3478 1192 3544 tenebimus
1215 3478 1289 3540 octo
1313 3473 1498 3538 dextrarios
1522 3470 1678 3537 faleratos
1701 3473 1737 3538 iu
1760 3477 1869 3537 castro
1895 3473 2115 3557 Renebergbe
2139 3477 2171 3540 et
2192 3495 2245 3540 nos
2264 3471 2377 3537 Ludullus
2391 3472 2408 3528 et

475 3600 635 3665 Ernestus
658 3593 800 3679 predicti
824 3589 975 3654 similiter
999 3585 1187 3652 tenebimus
1210 3581 1334 3646 ibidem
1357 3581 1431 3645 octo
1455 3579 1638 3644 dextrarios
1662 3578 1828 3660 faleratos,
1854 3601 1914 3644 nos
1936 3600 2015 3647 vero
2039 3583 2127 3646 cives
2150 3581 2276 3665 predicti
2294 3581 2320 3642 in
2338 3575 2408 3639 euleu
2446 3590 2447 3601 ¹

474 3709 584 3772 castro
613 3702 758 3768 sedecim
787 3696 971 3764 dextrarios
1001 3691 1158 3758 faleratos
1186 3687 1286 3754 etiam
1316 3685 1506 3751 tenebimus
1536 3687 1650 3751 contra
1675 3685 1888 3767 Rychardum
1917 3687 2042 3752 dictum
2065 3690 2130 3754 Vos
2159 3689 2282 3752 militem
2300 3688 2325 3748 et
2341 3695 2409 3746 omna
2445 3657 2446 3730 1

473 3813 579 3894 ipsius
603 3808 825 3883 coadiutoreS,
849 3801 991 3884 quilibet
1014 3797 1107 3863 alteri
1130 3795 1273 3860 fideliter
1297 3797 1330 3858 et
1352 3813 1414 3875 pro
1438 3811 1538 3874 posse
1562 3811 1623 3855 suo
1646 3793 1833 3858 assistendo
1857 3794 1928 3858 sive
1952 3793 2106 3859 iuuamen
2130 3798 2162 3859 et
2183 3793 2314 3857 auxilium
2331 3791 2408 3866 impen-

475 3918 595 3993 dendo‚
626 3914 684 3979 tali
715 3909 906 3977 conditione
929 3908 1069 3984 adiecta,
1098 3903 1190 3984 quod
1213 3899 1371 3984 quicquid
1395 3917 1455 3980 per
1479 3900 1615 3980 rapinas
1638 3899 1709 3962 sive
1733 3898 1921 3964 exactiones
1945 3899 2170 3983 conquisitum
2190 3899 2284 3978 luerit,
2308 3891 2409 3976 equatur
2446 3905 2447 3938 ³

474 4023 670 4102 dividemus
695 4021 740 4084 ita
766 4016 857 4099 quod
881 4014 996 4080 civitas
1020 4010 1232 4075 medietatem
1253 4007 1353 4070 huius
1376 4005 1482 4085 tollet,
1512 4024 1573 4070 nos
1597 4025 1675 4070 vero
1701 4007 1920 4090 ..prepositus
1945 4008 2088 4072 ..milites
2112 4027 2150 4072 ac
2172 4007 2308 4072 Ernestus
2325 3991 2410 4082 predicti
2446 3969 2448 4018 ‘¹

472 4133 514 4196 de
543 4129 648 4196 altera
677 4125 855 4190 medietate
887 4117 1115 4184 ordinabimus
1139 4115 1321 4179 secundum
1344 4115 1492 4177 nostram
1516 4111 1730 4177 voluntatem.
1778 4113 1934 4178 Preterea
1956 4114 1985 4178 si
2007 4114 2138 4196 aliquos
2162 4112 2292 4196 captiuus
2310 4097 2411 4187 captui

471 4235 655 4318 contigerit,
680 4229 838 4315 quicquid
862 4248 902 4292 ex
925 4225 988 4290 biis
1012 4221 1152 4288 derivari
1175 4221 1306 4304 poterit,
1330 4221 1430 4285 huius
1454 4219 1664 4284 medietatem
1688 4220 1802 4284 civitas
1826 4221 1889 4285 sibi
1914 4221 2016 4302 tollet,
2040 4222 2081 4286 de
2105 4220 2204 4285 altera
2225 4215 2363 4282 medietate
2377 4222 2410 4268 uu
2447 4249 2448 4302 u

473 4346 618 4426 quatuor
633 4337 774 4422 predicti
792 4336 833 4400 ad
850 4333 1010 4416 placitum
1026 4330 1177 4393 nostrum
1195 4329 1379 4410 poterimus
1396 4327 1559 4390 ordinare.
1599 4327 1737 4410 Insuper
1754 4327 1831 4391 siin
1850 4328 2004 4392 conflictu
2022 4327 2072 4392 vel
2090 4329 2123 4392 in
2139 4345 2265 4411 pungne
2279 4342 2320 4385 res
2332 4317 2411 4394 {lirun

472 4447 620 4530 conquiri
648 4443 833 4526 contigerit,
861 4442 902 4506 de
930 4438 993 4502 hiis
1016 4436 1243 4500 ordinabimus
1267 4436 1366 4516 prout
1388 4435 1440 4496 ius
1464 4433 1708 4516 pungnautium
1733 4433 1831 4516 exigit
1855 4438 1888 4498 et
1913 4435 2060 4516 requirit.
2108 4433 2271 4498 Adiectum
2291 4429 2329 4490 esl
2346 4420 2412 4485 utun

474 4556 565 4637 quod
596 4553 708 4618 nullus
737 4552 888 4614 nostrum
920 4565 994 4609 curn
1021 4543 1169 4625 predicto
1192 4540 1295 4605 milite
1321 4540 1496 4620 Rycbardo
1521 4540 1574 4603 uel
1598 4540 1668 4604 suis
1692 4540 1941 4604 coadiutoribus
1965 4541 2233 4622 compositionem
2255 4537 2323 4600 inire
2340 4523 2413 4590 debeat

471 4660 536 4726 nisi
560 4659 697 4726 aliorum
729 4673 893 4721 consensu
922 4654 956 4716 et
980 4648 1191 4730 beneplacito
1219 4647 1404 4711 medieante
1415 4646 1450 4730 ¹).
1498 4647 1536 4710 ln
1565 4647 1658 4710 cuius
1694 4647 1741 4710 rei
1768 4647 1995 4712 testimonium
2024 4667 2085 4712 uos
2111 4648 2261 4729 ..quatuor
2280 4629 2383 4722 predicti
2396 4627 2414 4688 el

472 4765 625 4832 consules
650 4763 791 4829 ciuitatis
815 4758 1082 4839 Osnaburgensis
1106 4754 1211 4837 sigilla
1234 4759 1348 4817 nostra
1371 4753 1583 4834 presentibus
1607 4751 1762 4818 duximus
1785 4753 1995 4837 apponenda.
2034 4755 2155 4818 Actum
2178 4756 2209 4815 et
2230 4751 2324 4814 datum
2342 4739 2414 4804 Oseu-

470 4873 594 4936 brucke
619 4890 706 4935 anno
722 4867 853 4934 Domini
871 4863 1009 4930 lll⁰.CG⁰.
1035 4862 1250 4944 nonagesimo
1274 4860 1401 4942 quinto,
1426 4858 1509 4924 seria
1531 4861 1633 4924 tercia
1657 4863 1733 4942 post
1755 4859 1877 4924 festum
1900 4861 1988 4924 beati
2005 4860 2154 4941 Dyonisii
2177 4841 2414 4923 ‹su-sociumque

685 4995 703 5060 ¹)
724 4991 761 5043 So
781 4991 828 5042 (Ins
849 4991 894 5042 Or.

603 5099 657 5163 Or.
689 5102 732 5160 im
762 5096 961 5161 Stadrurctto
988 5118 1027 5157 zu
1060 5091 1240 5156 Oannbruick
1266 5087 1325 5165 IV,
1356 5087 1388 5166 C,
1416 5087 1492 5152 209.
1542 5088 1660 5173 Sicpelt
1694 5088 1721 5151 1.
1749 5089 1802 5152 des
1827 5088 1971 5175 Propatco
1994 5088 2128 5173 Ludmip
2158 5084 2318 5171 abpefullrn,
2344 5067 2415 5135 2111

682 5204 852 5280 liudolfo.
877 5201 1007 5264 Hnarcn
1035 5200 1261 5282 ccbildsb‘rmip,
1296 5199 1346 5259 die
1373 5197 1443 5258 duci
1473 5195 1633 5280 Spimkln,
1675 5193 1863 5270 Umacbrift:
1898 5197 1948 5279 (S.
1974 5169 2414 5278 R0)DOLuF1D)EHAREl.

679 5309 710 5375 3.
736 5313 788 5374 dec
803 5307 927 5383 bardolf
937 5330 994 5370 ‘oon
1011 5306 1155 5372 Geamold
1170 5304 1397 5387 scbildfdmniq
1421 5304 1496 5365 zwei
1513 5301 1780 5366 Ziclezaclcbalkcn
1796 5305 1831 5365 in
1846 5301 2069 5387 sedraffiertcm
2086 5299 2189 5377 Fetde,
2212 5299 2256 5380 [S.
2272 5273 2414 5375 quantu

681 5417 767 5500 (Duil
791 5415 1031 5498 GESllltELE),
1056 5413 1086 5479 4.
1111 5415 1164 5476 dea
1186 5410 1284 5474 Ernst
1305 5432 1362 5472 uon
1389 5406 1533 5472 Geomold
1555 5410 1646 5486 carrd,
1670 5411 1713 5471 im
1731 5408 1854 5474 Schilde
1876 5409 1925 5473 die
1943 5406 2218 5482 Ziclczackbatlcen,
2241 5405 2270 5468 S.
2284 5377 2415 5463 parasii
