5174 6798
1093 465 1162 520 12³0
2093 450 2137 518 59

117 666 228 732 bende
251 683 319 730 non
342 664 499 745 habeant,
518 663 582 729 'sed
607 663 752 728 decanus
776 663 809 726 et
832 660 1008 728 celerarius
1031 658 1188 742 colligant
1210 660 1300 726 bona
1322 657 1389 724 tide
1410 658 1446 723 in
1469 677 1664 724 communes
1686 678 1767 724 usus
1791 660 1926 744 capituli
1946 663 2138 744 expenden-

118 769 225 853 dosl),
248 770 312 836 nisi
336 789 436 836 causa
459 768 561 834 studii
584 771 642 834 aut
664 767 938 852 peregrinationis
961 769 1019 832 aut
1041 766 1181 831 ecclesie
1204 765 1350 848 negociis
1373 765 1442 830 sire
1466 763 1667 830 infirmitatis
1683 784 1784 832 causa
1799 769 1857 830 aut
1872 785 1913 832 ex
1928 767 2138 852 indulgencia

117 875 235 942 decani
264 874 319 941 vel
344 874 452 940 tocius
482 874 617 957 capituli
648 893 689 938 ex
711 872 876 958 probabili
899 892 1002 938 causa
1025 871 1163 938 alicuius
1192 871 1348 938 absencia
1370 870 1480 937 valeat
1503 869 1659 936 excusari.
1706 870 1789 936 Item
1820 873 2009 956 statuimus,
2044 877 2082 940 ut
2108 876 2137 940 si

116 981 193 1066 quis
227 980 464 1050 canonicorum
494 980 535 1044 de
563 982 674 1044 cetero
702 979 892 1044 cohabitare
920 977 1196 1062 presumpserit³)
1231 976 1415 1041 concubine
1449 976 1503 1041 vel
1532 979 1624 1042 extra
1647 976 1782 1042 domum
1805 996 1879 1042 eam
1901 979 2035 1062 publice
2057 1000 2137 1063 pro-

116 1105 244 1167 curare,
267 1085 296 1151 si
319 1088 397 1170 post
418 1085 540 1151 trinam
562 1084 780 1150 monitionem
803 1105 824 1150 a
846 1084 972 1149 decano
995 1082 1082 1148 inira
1104 1086 1180 1149 octo
1204 1083 1274 1148 dies
1297 1083 1332 1148 in
1356 1082 1502 1165 capitulo
1526 1082 1646 1146 factam
1671 1102 1739 1149 non
1754 1084 1941 1167 resipuerit,
1965 1086 2137 1168 prebenda

114 1190 222 1274 ipsius
245 1211 306 1274 per
329 1210 465 1257 manum
488 1191 604 1257 decani
628 1193 661 1254 et
683 1191 830 1256 celerarii
854 1190 896 1256 ad
918 1209 1000 1255 usus
1023 1189 1159 1272 capituli
1181 1187 1323 1254 fideliter
1346 1188 1527 1270 colligatur.
1574 1189 1634 1255 Ille
1657 1209 1736 1254 vero
1760 1189 1802 1254 ab
1821 1191 1974 1272 ingressu
1999 1191 2137 1258 ecclesie

116 1296 298 1382 officioque
327 1297 438 1363 divino
465 1297 597 1362 interim
628 1297 671 1362 sit
697 1316 891 1380 suspensus,
925 1295 1146 1378 quoadusque
1179 1294 1303 1359 vicium
1325 1294 1552 1376 postposuerit
1574 1296 1792 1359 memoratum
1814 1298 1848 1361 et
1869 1315 1932 1379 pro
1956 1297 2053 1381 culpa
2075 1318 2138 1363 sua

114 1417 227 1468 coram
260 1403 388 1468 decano
416 1406 449 1468 et
476 1403 621 1487 capitulo
648 1403 871 1486 penitenciam
898 1400 1082 1485 susceperit
1108 1399 1328 1466 manifestam.
1374 1398 1458 1464 Item
1481 1399 1667 1482 statuimus,
1703 1401 1740 1465 ut
1764 1400 1876 1467 nullus
1899 1403 2137 1468 canonicorum

112 1507 183 1574 sive
208 1508 251 1574 de
274 1527 362 1573 anno
385 1509 494 1592 gracie
518 1510 589 1574 sive
613 1510 654 1574 de
677 1507 749 1574 aliis
772 1508 870 1572 bonis
894 1508 930 1572 in
953 1507 1092 1573 ecclesia
1115 1505 1312 1589 conquisitis
1336 1505 1520 1572 concubine
1543 1505 1596 1572 vel
1619 1503 1696 1570 filiis
1720 1507 1790 1571 suis
1807 1509 1866 1572 aut
1881 1507 2013 1573 filiabus
2030 1510 2139 1592 possit

114 1614 155 1678 de
178 1616 290 1680 celero
312 1615 457 1679 condere
479 1616 730 1694 testamentum
758 1613 816 1697 qui
839 1616 951 1679 autern
973 1613 1100 1691 fecerit,
1124 1612 1345 1678 ecclesiastica
1368 1613 1480 1675 careat
1503 1612 1685 1695 sepultura.
1734 1613 1894 1695 Legatum
1918 1635 2053 1698 quoque
2076 1637 2138 1700 per

113 1738 252 1786 manum
275 1720 393 1786 decani
415 1723 451 1785 et
473 1720 622 1785 celerarii
644 1721 680 1785 in
703 1739 896 1785 communes
919 1737 1000 1786 usus
1023 1717 1160 1801 capituli
1183 1715 1394 1801 redigatur4).
1442 1718 1534 1782 Pena
1557 1717 1654 1782 simili
1679 1719 1841 1801 puniendi
1864 1723 1953 1803 sunt,
1989 1722 2047 1804 qui
2069 1723 2137 1788 tale

113 1827 333 1891 manutenere
341 1825 370 1911 5)
392 1826 657 1909 presumpserint
679 1828 926 1892 testamentum.
973 1825 1057 1889 Item
1081 1823 1267 1902 statuimus,
1291 1825 1328 1887 ut
1349 1823 1507 1907 precipue
1530 1823 1565 1887 in
1588 1824 1699 1906 chore,
1723 1825 1869 1890 claustro
1891 1829 1924 1891 ct
1940 1828 2136 1894 dormitorio

112 1931 265 2011 honeste,
289 1931 439 1998 modeste
463 1933 497 1996 et
519 1931 728 2014 disciplinate
751 1950 788 1996 se
810 1932 964 1996 habeant.
1010 1930 1077 2010 Qui
1100 1931 1212 1993 autem
1235 1928 1330 1992 aliter
1354 1947 1390 1993 se
1412 1928 1577 2010 habuerit,
1602 1947 1621 1992 a
1644 1930 1770 1994 decano
1793 1950 1854 2014 pro
1871 1933 2030 2014 qualitate
2047 1953 2137 2000 com-

112 2035 207 2102 missi
242 2037 386 2120 graviter
415 2037 582 2121 puniatur.
637 2037 872 2102 Ordinavimus
900 2035 988 2100 enim
1017 2036 1050 2099 et
1073 2037 1262 2115 statuimus,
1296 2038 1333 2099 ut
1356 2034 1443 2099 idem
1468 2034 1613 2099 decanus
1636 2035 1671 2100 in
1695 2036 1769 2116 hiis,
1805 2056 1870 2120 que
1894 2038 1934 2102 ad
1960 2041 2137 2106 servicium

113 2142 254 2208 ecclesie
288 2146 321 2208 et
347 2143 389 2208 ad
409 2143 665 2208 ecclesiasticam
688 2143 856 2225 pertinent
878 2141 1097 2224 disciplinam,
1132 2139 1351 2223 conpellendi,
1385 2141 1547 2223 puniendi
1570 2141 1755 2223 plenariam
1778 2142 1900 2207 habeat
1922 2148 2133 2227 potestatem.

112 2248 178 2326 Qui
205 2248 233 2312 si
256 2249 456 2332 negligensli)
486 2249 585 2313 fuerit
609 2250 644 2313 et
669 2248 838 2329 remissus,
866 2249 977 2332 preter
1006 2246 1163 2312 celestem
1189 2247 1381 2326 vindictam,
1416 2266 1482 2329 qua
1506 2247 1582 2312 Heli
1613 2267 1791 2330 percussus
1814 2247 1887 2332 fuit,
1916 2250 2136 2334 depositionis

111 2371 236 2435 penam
260 2355 384 2438 poterit
406 2354 593 2421 formidare
640 2355 725 2418 Acta
747 2355 826 2419 sunt
848 2355 910 2418 hec
932 2373 1021 2418 anuo
1046 2353 1178 2419 Domini
1200 2351 1429 2418 M⁰CC⁰XXX⁰.
1476 2352 1555 2417 ldus
1579 2353 1779 2419 Decembris.

330 2461 351 2519 ¹)
370 2458 408 2512 So
421 2459 471 2512 dor
484 2458 531 2512 Or.
568 2459 683 2528 ¹)Orr'p.
696 2459 902 2528 corripiendos
916 2457 1111 2526 expendendas.
1149 2457 1171 2524 ¹)
1188 2456 1235 2508 Or.
1248 2459 1465 2526 presumpserint.
1503 2459 1526 2524 ⁴)
1544 2457 1590 2514 Or.
1608 2458 1763 2528 redigantur
1778 2459 1826 2512 rnr't
1839 2432 2092 2532 enterpnriktiertem
2108 2481 2135 2519 n.

435 2548 458 2615 ⁵)
475 2547 522 2601 Or.
541 2552 686 2604 manutere.
724 2549 746 2614 ⁶)
763 2546 810 2600 Or.
829 2547 958 2616 negliens.

251 2633 306 2700 Or.
336 2639 380 2700 r'm
407 2635 481 2722 Kpl.
514 2634 620 2700 sr-A.
649 2635 801 2714 Mercator,
839 2633 884 2700 St.
912 2634 1048 2698 Martini
1075 2637 1110 2698 r'rr
1140 2629 1268 2698 Minden
1301 2631 1361 2698 Nr.
1388 2635 1420 2700 5.
1467 2633 1539 2698 Dae
1569 2658 1611 2700 ort
1634 2635 1949 2722 Pergamentatrer'sen
1978 2639 2139 2726 duapondo

327 2743 492 2826 qritzooole
513 2739 615 2829 Sr'epel
637 2743 690 2807 der
711 2739 871 2806 Jolonno
890 2744 933 2804 iet
955 2763 998 2804 arr
1019 2740 1075 2804 der
1098 2738 1202 2804 liukart
1225 2738 1308 2804 Seite
1329 2738 1509 2826 beocbddipt
1529 2741 1596 2805 aad
1615 2746 1698 2828 zeipt
1719 2742 1827 2807 Morio
1849 2745 1969 2810 eitzerd
1989 2749 2047 2809 mit
2069 2746 2138 2811 dem

331 2845 564 2912 diiambum
580 2855 640 2928 aas
653 2848 721 2912 dem
734 2845 873 2924 selmo,
890 2846 987 2910 decor
1001 2844 1081 2910 lnior
1094 2844 1228 2922 ferrand.
1265 2844 1458 2924 Umeclrrr'ft:
1482 2847 1545 2933 [S.]
1561 2847 1669 2914 FRIS·
1680 2849 1863 2918 IOHANIS
1884 2852 1923 2917 D'
1940 2851 2138 2938 OR[D1N]E

329 2953 665 3039 P’DI[CATORVM].

1088 3079 1174 3155 212.

109 3205 186 3277 ner
228 3205 396 3278 vereor
434 3205 498 3277 aa
529 3157 708 3279 mimae}
740 3205 870 3277 necte
909 3204 1080 3277 vererere
1113 3205 1177 3275 mre
1210 3204 1274 3275 oe
1305 3203 1465 3296 mopere
1499 3205 1559 3276 ees
1597 3205 1954 3297 renumerante
1987 3208 2138 3282 nemen

109 3311 176 3383 den
205 3311 314 3383 Boon
341 3311 655 3383 Maecenatem
683 3310 947 3401 Londesberperr
979 3311 1053 3382 ond
1085 3310 1261 3400 bestimmt,
1303 3311 1387 3381 dass
1414 3310 1464 3381 ste
1492 3332 1560 3381 our
1586 3313 1694 3384 cirtem
1723 3314 1919 3386 Dornterrrr
1953 3314 2137 3406 eleymon

777 3417 912 3488 werden
938 3416 1034 3505 dors.
1087 3419 1184 3489 1230
1210 3415 1396 3487 December
1425 3419 1478 3488 18.

222 3535 393 3600 Universis
420 3536 485 3600 hoc
511 3536 671 3620 scripturn
697 3535 897 3617 inspecturis
923 3535 1024 3599 frater
1053 3534 1253 3618 J(ohannes)
1285 3535 1411 3599 ordinis
1443 3535 1694 3600 Prcdicatorum
1725 3535 1849 3602 domini
1873 3556 1961 3621 pape
1984 3540 2137 3621 peniten-

110 3639 235 3704 ciarius
257 3640 409 3706 salutem.
456 3641 540 3706 Cum
563 3641 605 3706 de
628 3642 786 3707 mandato
808 3641 1007 3706 venerabilis
1030 3640 1136 3723 patris
1160 3639 1323 3724 O(ttonis)
1346 3641 1453 3706 sancti
1477 3641 1605 3706 Nicolai
1627 3641 1809 3707 incarcere
1826 3642 1981 3709 Tulliano
2005 3645 2136 3712 diaconi

110 3747 292 3812 cardinalis
315 3747 496 3829 apostolice
513 3747 602 3812 sedis
617 3746 715 3830 legati
731 3747 938 3812 Mindensem
958 3747 1168 3812 visitaremus
1184 3745 1369 3827 ecclesiam,
1392 3747 1578 3812 invenimus
1595 3747 1682 3812 inter
1698 3748 1800 3813 multa
1818 3751 2021 3815 correctione
2037 3751 2138 3832 digna

111 3850 285 3917 ecclesiam
308 3853 413 3917 sancti
436 3852 598 3918 iohannis
622 3851 832 3934 ewangeliste
855 3855 995 3936 propter
1018 3853 1250 3935 paupertatem
1267 3852 1338 3917 eius
1354 3853 1524 3936 preposito
1540 3853 1744 3943 destitutam.
1784 3855 1881 3920 Unde
1898 3875 1959 3922 nos
1976 3876 2135 3922 unacum

109 3958 296 4023 venerabili
317 3961 413 4040 patre
436 3959 585 4024 eiusdem
609 3958 748 4023 ecclesie
771 3959 928 4043 episcopo
950 3978 1081 4023 necnon
1094 3959 1202 4024 tocius
1218 3958 1353 4041 capituli
1369 3979 1535 4025 consensu
1552 3961 1731 4026 accedente
1747 3961 1859 4026 banno
1877 3961 2135 4045 Landesberghe

111 4066 143 4128 ct
166 4063 341 4128 Mandeslo
376 4084 452 4128 cum
479 4064 548 4129 suis
575 4063 784 4148 pertinentiis
812 4062 1058 4147 preposituram
1085 4065 1343 4129 instauravimus
1367 4068 1593 4146 memoratam,
1630 4067 1823 4148 statuentes,
1861 4071 1897 4132 ut
1920 4069 2036 4133 eadem
2060 4088 2137 4151 pre-

109 4169 263 4252 positura
297 4169 379 4234 nulli
405 4170 470 4234 nisi
496 4170 555 4234 uni
588 4171 823 4236 canonicorum
856 4169 992 4235 maioris
1023 4169 1162 4236 ecclesie
1189 4170 1372 4235 Mindensis
1402 4171 1445 4234 ab
1474 4171 1643 4254 episcopo,
1678 4172 1722 4236 ad
1744 4191 1844 4254 quem
1868 4173 1920 4237 ius
1944 4172 2136 4239 conferendi

109 4273 267 4356 pertinet,
291 4277 489 4358 conferatur,
511 4276 577 4340 nisi
592 4297 612 4342 a
626 4277 735 4360 prima
754 4276 817 4341 loci
832 4275 1027 4340 fundatione
1042 4275 1150 4341 fuerat
1165 4276 1364 4341 institutum.
1403 4275 1488 4342 Acta
1503 4282 1583 4342 sunt
1599 4278 1661 4344 lrec
1676 4297 1764 4343 anno
1780 4279 1889 4360 gracie
1905 4277 2136 4361 M⁰CC⁰XXX⁰,

109 4379 166 4445 XV
188 4379 361 4445 Kalendas
383 4378 542 4445 ianuarii.

246 4481 335 4549 Nocb
361 4486 418 4550 der
439 4484 608 4570 Abarin-eft
633 4487 686 4551 der
714 4485 765 4550 14.
791 4484 902 4551 Jahrb.
937 4489 971 4549 in
999 4485 1076 4549 Meo.
1111 4483 1182 4563 VII,
1216 4483 1303 4550 2401
1337 4484 1373 4550 S.
1397 4485 1441 4551 48
1472 4490 1516 4550 r'm
1542 4485 1617 4572 Kpl.
1644 4485 1745 4554 sc-A.
1774 4509 1813 4551 err
1843 4487 1992 4553 Mdmter.
2039 4486 2135 4556 θεάν.

333 4589 530 4670 Wrirdtwein,
556 4589 650 4656 Sabo.
674 4593 747 4678 dipl.
771 4589 814 4671 X,
840 4590 873 4658 S.
900 4589 950 4657 12.
997 4591 1110 4677 Repeet
1130 4589 1207 4654 Mac.
1231 4587 1276 4670 II,
1302 4589 1368 4655 189
1389 4589 1449 4657 Nr.
1472 4590 1550 4658 orl.

1084 4753 1171 4832 213.

110 4881 180 4953 Dte
201 4881 344 4953 Brrtder
372 4881 447 4954 Otto
475 4881 683 4952 Domltr'tster
700 4882 738 4952 to
758 4879 907 4952 isenrico
931 4881 1004 4952 arrd
1020 4879 1123 4952 Anno
1141 4902 1206 4952 oon
1223 4881 1488 4972 Londesberperr
1514 4881 1679 4954 solterdren
1696 4883 1773 4954 dem
1792 4882 1854 4953 Kl.
1874 4881 2010 4968 Leqerrr
2038 4885 2137 4957 einen

339 4985 496 5077 Hdripen
521 5009 565 5059 arr
592 4988 688 5058 einer
715 4986 886 5058 Memorio
910 4985 972 5075 frir
997 4987 1096 5058 ibren
1122 4987 1357 5058 oecurrente
1384 4987 1527 5059 Broder
1553 4987 1747 5060 Eberhard.
1804 4985 1912 5061 1230.

221 5103 300 5169 Otto
325 5104 385 5170 Dei
408 5104 517 5187 gracia
540 5103 673 5170 maioris
697 5104 834 5169 ecclesie
857 5103 892 5168 in
912 5103 1025 5169 Minda
1047 5106 1169 5186 custos,
1192 5104 1291 5170 Anno
1314 5105 1357 5168 de
1375 5104 1622 5186 Landesberch,
1646 5104 1765 5170 iratres
1790 5106 1948 5188 carnales
1971 5106 2135 5172 universis

110 5211 228 5294 scripti
251 5208 350 5276 buius
373 5209 618 5294 inspectoribus
641 5210 782 5276 salutern
804 5210 840 5274 in
863 5210 1016 5276 Domino.
1061 5210 1185 5276 Notum
1212 5210 1256 5276 sit
1285 5210 1452 5292 omnibns,
1486 5211 1578 5294 quod
1601 5211 1822 5292 En'gelbertus
1846 5216 1880 5277 et
1904 5211 2068 5278 Rodolius
2092 5213 2135 5278 dc

112 5316 252 5382 Litbelre
275 5317 394 5382 fratres
417 5317 585 5399 quendam
608 5316 778 5382 hominem
800 5316 1005 5382 Alberonem
1028 5316 1173 5398 nomine,
1205 5335 1305 5400 quem
1328 5336 1348 5382 a
1371 5316 1469 5382 nobis
1493 5319 1674 5383 tenuerunt
1697 5317 1732 5382 in
1755 5317 1866 5399 leudo,
1891 5317 1996 5382 libere
2019 5320 2053 5384 et
2075 5319 2134 5384 ab·

110 5423 222 5488 solute
251 5423 287 5487 in
308 5423 466 5489 manibus
495 5423 618 5489 nostris
640 5423 858 5506 resignarunt.
905 5422 975 5488 Nos
998 5441 1132 5507 quoque
1154 5423 1323 5489 hominem
1345 5423 1457 5506 ipsum
1480 5442 1542 5506 pro
1566 5422 1715 5489 remedio
1739 5425 1922 5489 animarum
1945 5427 2135 5490 nostrarum

1875 5548 1920 5614 8.
