5062 6776
442 645 508 711 318
1381 655 1556 710 lara-1274

442 857 562 922 tratres
585 855 627 920 de
642 853 792 936 Knicgen
816 872 947 918 necnon
970 851 1107 934 Aleydis
1131 871 1215 918 uxor
1239 850 1392 917 eiusdem
1417 849 1601 916 Hermanni
1626 853 1901 934 recognoverunt,
1925 873 1962 918 se
1986 873 2062 918 cum
2086 855 2268 920 reverendo
2283 857 2317 922 in
2332 857 2444 927 Christo

442 963 540 1046 patre
564 961 687 1026 Ottone
711 959 869 1044 episcopo
893 963 926 1024 et
949 957 1088 1024 ecclesia
1110 957 1275 1023 Mindensi
1299 956 1413 1022 iniisse
1436 951 1644 1022 contractum
1667 956 1806 1022 inferius
1829 961 2038 1024 annotatum.
2084 959 2253 1026 Decimam
2274 961 2307 1026 in
2330 963 2442 1030 Rethen

443 1071 477 1133 et
507 1087 609 1134 unam
640 1066 846 1149 piscaturam
869 1066 904 1131 in
927 1064 1154 1146 Welkenburg
1177 1083 1252 1130 cnm
1275 1063 1406 1128 iuribus
1429 1066 1463 1129 et
1485 1061 1700 1146 pertinentiis
1724 1064 1908 1130 eorundem
1930 1069 2212 1149 comparaverunt
2234 1087 2254 1132 a
2276 1069 2444 1151 supradicio

442 1174 600 1257 episcopo
628 1174 671 1239 de
699 1191 866 1238 consensu
895 1170 947 1236 sui
977 1170 1116 1253 capituli
1146 1188 1209 1253 pro
1240 1169 1484 1254 quinquaginta
1517 1168 1638 1234 marcis
1662 1169 1854 1236 Bremensis
1877 1171 2005 1254 argenti
2029 1176 2064 1236 et
2085 1171 2129 1238 ab
2152 1173 2226 1254 ipso
2248 1175 2444 1256 premissain

443 1280 577 1347 feodum
609 1280 821 1361 receperunt,
852 1279 915 1343 hac
945 1277 1135 1344 conditione
1158 1275 1298 1359 adiecta,
1326 1279 1366 1342 ut
1388 1277 1465 1359 post
1488 1275 1629 1340 mortem
1654 1275 1848 1354 Hermanni,
1878 1276 1949 1341 sive
1972 1277 2097 1342 habeat
2118 1279 2276 1344 heredem
2297 1281 2362 1344 sire
2382 1301 2445 1361 non,

443 1386 583 1452 ecclesia
609 1383 791 1450 Mindensis
828 1387 1036 1450 contractum
1069 1383 1261 1448 rescindere
1295 1383 1429 1465 poterit,
1462 1382 1509 1446 ita
1537 1380 1704 1462 videlicet,
1739 1382 1830 1464 quod
1859 1383 1936 1448 data
1964 1385 2081 1450 eadem
2109 1383 2251 1466 pecunie
2280 1388 2443 1469 quantitate

447 1492 597 1558 Henrico
613 1493 646 1555 et
662 1491 780 1574 Aleydi
803 1490 963 1574 predictis
985 1489 1148 1573 prelibate
1170 1490 1341 1573 piscatura
1364 1489 1398 1554 et
1421 1488 1550 1553 decima
1572 1487 1615 1552 ad
1632 1487 1806 1553 ecclesiam
1829 1487 1934 1553 libere
1949 1492 2170 1555 revertantur.
2210 1491 2255 1556 Et
2269 1491 2328 1556 hec
2342 1493 2447 1576 emptio

445 1618 484 1664 ac
507 1597 691 1665 infeodatio
716 1597 759 1662 ad
782 1597 923 1662 heredes
946 1595 1052 1680 ipsius
1075 1594 1272 1674 Hermanni,
1295 1594 1324 1659 si
1340 1595 1504 1659 Dominus
1528 1593 1558 1659 ei
1582 1595 1723 1659 heredes
1746 1595 1887 1675 dederit,
1911 1615 1977 1661 non
1994 1596 2037 1662 ad
2052 1596 2194 1662 heredes
2210 1597 2314 1680 ipsius
2330 1597 2448 1662 Henrici

443 1705 496 1770 rel
520 1703 621 1770 etiam
644 1703 791 1786 Aleydis,
816 1702 843 1767 si
867 1703 995 1785 prolem
1018 1722 1059 1766 ex
1082 1701 1238 1767 secundis
1261 1701 1389 1783 nuptiis
1413 1700 1609 1785 susceperit,
1634 1701 1836 1766 extenditur.
1883 1701 1949 1766 Sed
1974 1701 2002 1766 si
2026 1705 2231 1768 memoratus
2255 1702 2446 1768 Hermannus

444 1811 516 1875 sine
550 1810 675 1875 herede
710 1808 901 1885 decesserit,
936 1811 1014 1893 post
1040 1810 1182 1872 mortem
1210 1807 1347 1872 Henrici
1375 1809 1411 1871 et
1438 1806 1576 1889 Aleydis
1605 1805 1776 1889 piscatura
1802 1810 1837 1872 et
1866 1808 1993 1872 decima
2023 1808 2196 1891 sepedicte
2227 1808 2270 1874 ad
2297 1809 2447 1874 ecclesiam

444 1916 672 2000 supradictam
695 1915 799 1980 libere
823 1916 932 1979 redire
956 1913 1136 1979 debebunt.
1182 1912 1309 1991 Quodsi
1334 1913 1538 1989 Hermanno,
1574 1913 1662 1978 sicut
1684 1915 1839 1998 superius
1862 1915 1988 1978 tactum
2012 1916 2073 1994 est,
2108 1913 2206 1980 heres
2230 1916 2447 1996 procreabitur,

444 2021 677 2087 nichilominus
701 2026 813 2087 tamen
837 2019 978 2086 ecclesia
1001 2022 1209 2086 contractum
1232 2018 1383 2103 veniret)
1407 2019 1532 2103 poterit
1551 2019 1617 2104 ipsi
1633 2020 1748 2085 heredi
1764 2021 1927 2103 premissa
1943 2022 2130 2103 quantitate
2145 2022 2290 2105 pecunie
2305 2021 2446 2098 restituta

443 2129 503 2194 sed
530 2130 594 2193 hoc
622 2127 696 2193 fieri
728 2148 796 2194 non
826 2126 943 2192 licebit
966 2127 1160 2192 Hermanno
1190 2125 1334 2191 vivente.
1381 2126 1435 2191 Ad
1467 2125 1751 2192 evidentissimam
1773 2126 1873 2191 huius
1897 2126 1944 2190 rei
1968 2127 2206 2192 certitudinem
2229 2129 2340 2192 nostra
2360 2129 2448 2210 sigilla
2515 2157 2516 2164 .

443 2235 658 2318 presentibus
682 2234 900 2316 apposuimus
925 2234 1053 2298 adhoc
1076 2229 1217 2315 rogatu)
1242 2252 1262 2297 a
1285 2231 1441 2314 superius
1464 2233 1647 2298 nominatis
1670 2231 1832 2316 personia.
1880 2234 2002 2299 Datum
2019 2233 2218 2298 Halremunt
2235 2253 2322 2299 anno
2337 2234 2448 2298 Domini

443 2339 734 2418 M⁰CC⁰LXXlll⁰.,
758 2340 829 2404 XII.
854 2339 1023 2404 Kalendas
1046 2337 1204 2404 lanuarii.

658 2445 680 2516 1)
701 2445 862 2499 Wibrandus
891 2444 923 2500 W.
962 2443 984 2514 ³)
1005 2444 1114 2512 Adonys
1141 2442 1174 2496 W.
1212 2443 1235 2513 ³)
1254 2443 1363 2512 Richtr'p
1382 2443 1531 2497 rescindere
1551 2443 1616 2496 oder
1634 2444 1719 2512 derpl.
1757 2443 1780 2512 ⁴)
1801 2451 1894 2514 rogata
1921 2443 1954 2499 W.

577 2533 672 2599 θεάν.
710 2532 910 2615 Wiirdtwein,
949 2531 1042 2598 sobe.
1074 2533 1149 2618 dipl.
1178 2530 1239 2610 XI,
1272 2531 1305 2596 S.
1329 2529 1383 2598 62.
1424 2529 1537 2618 Reqaat
1564 2532 1640 2598 Mac.
1671 2531 1715 2610 II,
1741 2531 1835 2597 189a
1858 2530 1915 2599 Nr.
1942 2533 2015 2598 111.
2063 2533 2161 2598 Beida
2187 2532 2264 2598 Orte
2296 2537 2337 2596 im
2362 2532 2450 2594 Laud»

656 2640 756 2706 areae
778 2639 955 2706 Hannonem

1401 2765 1514 2843 1023.

404 2903 407 2908 ·
442 2877 613 2948 Heinrich
637 2883 788 2967 pertonat
816 2875 996 2947 Dobelstcrr
1026 2897 1090 2946 von
1126 2874 1382 2965 Wanneteryea
1412 2877 1593 2964 remantem
1627 2876 1703 2946 clem
1731 2875 1896 2966 Edetvoqt
1923 2877 2093 2947 Heinrich
2120 2898 2195 2947 vum
2221 2873 2335 2966 Berye
2360 2875 2450 2947 data

442 2984 480 3054 tn
507 2981 636 3054 Moule
661 2983 737 3054 aad
763 2982 999 3076 Bessorunga
1026 2982 1088 3051 mit
1115 2981 1178 3052 der
1206 2982 1308 3069 Bate,
1337 2981 1403 3052 dea
1429 2981 1569 3053 Jotana
1599 2982 1723 3055 clover
1750 2981 1860 3054 domii
1885 3004 1929 3053 aa
1956 2982 2121 3056 bclebrren.
2178 2983 2331 3054 Bremea
2358 2981 2448 3052 1273.

549 3101 659 3166 Nobili
688 3101 760 3167 viro
789 3103 822 3165 et
850 3101 985 3165 domino
1017 3118 1078 3164 suo
1108 3100 1229 3165 dilecto
1255 3099 1432 3183 H(enrico)
1462 3101 1626 3165 advocato
1650 3102 1739 3166 dicto
1764 3101 1805 3165 de
1828 3101 1941 3166 Monte
1965 3101 2131 3165 Henricus
2155 3101 2267 3165 dictus
2291 3102 2448 3165 Dobalsten

443 3208 484 3272 de
508 3207 696 3288 Waneberg
719 3208 832 3272 debite
855 3206 1026 3272 fidelitatis
1049 3206 1248 3288 obsequium
1272 3225 1349 3271 cum
1372 3205 1504 3271 affectu.
1553 3207 1640 3285 Quia
1663 3207 1817 3272 dominus
1839 3205 2009 3271 lohannes
2034 3206 2141 3272 dictus
2166 3206 2342 3292 cluvere1)
2367 3205 2447 3270 michi

441 3333 503 3397 pro
531 3314 641 3394 boniS,
672 3333 738 3396 que
770 3315 811 3378 de.
839 3333 940 3378 manu
964 3316 1075 3378 vestra
1098 3316 1207 3386 teneo,
1239 3311 1412 3394 satisfecit,
1444 3314 1562 3378 eadem
1587 3314 1676 3379 bona
1699 3312 1828 3378 scilicet
1851 3313 1934 3378 duos
1958 3332 2091 3378 mansos
2115 3313 2150 3377 in
2174 3313 2287 3379 Monle
2310 3316 2343 3378 et
2363 3331 2449 3376 unum

440 3439 594 3486 mansum
618 3421 654 3494 in
670 3419 889 3502 Besserunge,
914 3439 980 3502 que
1005 3421 1046 3484 de
1069 3419 1164 3484 vobis
1187 3420 1351 3484 hactenus
1375 3419 1480 3497 tenui,
1505 3419 1575 3484 sive
1600 3420 1770 3502 pheodum
1794 3420 1976 3484 eorundem
1999 3419 2094 3483 vobis
2118 3418 2252 3500 resigno
2277 3417 2448 3503 supplicans

442 3527 629 3610 diligenter,
660 3530 829 3608 quatenus
861 3527 978 3591 eadem
1006 3526 1097 3592 dicto
1127 3525 1262 3590 domino
1285 3524 1462 3610 Jo(lranni)
1488 3525 1664 3608 Cluvere¹)
1695 3525 1882 3608 porrigatis,
1930 3526 2052 3592 Datum
2075 3524 2196 3590 Breme.
2225 3545 2315 3590 anno
2337 3523 2450 3590 Domini

441 3631 618 3698 millesimo
642 3632 870 3698 ducentesimo
894 3631 1138 3714 septuagesimo
1164 3632 1272 3696 tertio.

575 3736 679 3890 Gedru)
698 3735 898 3902 llllrlllllmlla,
924 3823 1014 3888 Sota
1039 3825 1115 3909 dipl.
1139 3822 1200 3902 XI,
1227 3822 1262 3888 S.
1285 3822 1340 3886 63.
1391 3826 1501 3891 lllonle
1535 3827 1594 3889 wot
1616 3825 1723 3902 salrab
1740 3825 1805 3909 scir·
1833 3827 1943 3892 Moule
1975 3825 2048 3888 oder
2076 3825 2185 3891 Molne
2211 3855 2253 3881 =
2278 3823 2397 3887 Mallos
2420 3821 2450 3886 O.

655 3929 756 4017 Hoya,
786 3932 996 4013 Besserunge
1019 3930 1169 3994 vielleiolt
1192 3930 1326 3995 Reaaern
1358 3929 1408 3995 ba·
1437 3927 1465 3992 V
1462 3931 1564 3996 erden.
1603 3930 1718 4016 Repcrt
1748 3929 1850 4012 Wests.
1878 3929 2049 3995 hoa-Bu.
2075 3927 2121 4010 ΙΙ,
2146 3930 2165 3993 4
2193 3929 2228 3997 S.
2252 3929 2299 3992 52
2321 3927 2376 3992 Nr.
2400 3925 2452 3988 nu

653 4039 720 4101 und
741 4038 818 4102 Mac.
844 4035 886 4116 ll,
913 4035 1013 4116 189a,
1038 4035 1097 4101 Nr.
1122 4034 1189 4099 836
1211 4041 1255 4100 im
1277 4034 1353 4121 qu.
1380 4035 1484 4102 sc-A.
1509 4060 1548 4101 zu
1572 4039 1719 4102 Monetam

1394 4235 1512 4312 1024.

441 4345 541 4434 Grof
562 4345 749 4416 Berolmrd
776 4365 841 4414 uon
877 4344 996 4433 Wdlpe
1024 4344 1195 4434 dbcrtrdpt
1223 4346 1285 4415 orit
1312 4345 1562 4435 Elawilltpunp
1597 4348 1710 4417 setam
1729 4346 1830 4416 Frou
1864 4345 1936 4417 aad
1969 4347 2083 4416 setncr
2110 4345 2255 4416 Brttdcr
2283 4339 2454 4415 Bemlurd
2515 4331 2516 4420 l

439 4452 512 4523 und
542 4451 624 4540 Otto,
653 4450 784 4522 hemer
812 4451 884 4521 aad
911 4450 1088 4522 ozindcner
1116 4450 1355 4541 Domprbpate,
1384 4451 1461 4522 dem
1490 4451 1640 4541 Blscbof
1663 4452 1738 4524 Otto
1766 4474 1830 4523 oon
1859 4451 2007 4522 Mindon
2040 4451 2112 4522 und
2143 4451 2222 4521 dem
2251 4447 2454 4540 Domlsapitel

439 4560 533 4629 scine
561 4558 670 4629 Gaitcr
697 4558 734 4627 lo
762 4555 958 4627 Widessen
992 4557 1143 4628 allidor
1172 4556 1302 4627 Ktrcbe
1335 4559 1409 4628 aad
1436 4557 1535 4629 ollem
1563 4559 1731 4648 Zubchdr,
1766 4581 1921 4649 wopepen
1949 4558 2098 4646 Blachof
2120 4557 2194 4628 aad
2222 4557 2365 4649 Kopitct
2389 4555 2453 4625 deo
2515 4587 2516 4620 r

438 4661 496 4735 Kl.
518 4664 744 4735 Mortenrortc
762 4663 814 4734 bet
833 4662 1049 4733 Hildcalrelm
1067 4662 1246 4734 secharclm
1265 4663 1389 4751 Hufen
1408 4665 1447 4734 in
1462 4663 1713 4760 Gegenhusen
1732 4664 1935 4740 atberlosscn.
1966 4662 2115 4736 Mindon
2134 4663 2238 4735 1274
2256 4665 2392 4736 Janaor
2408 4665 2454 4730 19.
2515 4673 2516 4758 t

547 4784 677 4847 Testes:
703 4782 893 4846 Gerhardus
917 4783 1073 4863 decanus,
1099 4781 1261 4846 Ludolfus
1285 4784 1327 4846 de
1353 4783 1535 4868 Pedessen‚
1562 4783 1723 4849 Ludollus
1747 4783 1937 4866 prepositus
1961 4786 2075 4848 sancte
2091 4783 2206 4861 blarie,
2229 4783 2368 4864 Widego
2388 4797 2452 4862 pre·
2515 4775 2516 4848 l

438 4891 571 4972 positus
602 4890 708 4954 sancti
731 4888 875 4966 Martini,
900 4888 1075 4954 Conradus
1101 4888 1294 4972 prepositus
1318 4889 1426 4954 sancti
1450 4887 1625 4968 lobannis,
1648 4889 1763 4954 Bruno
1787 4890 1828 4953 de
1852 4890 2054 4972 Spenthove,
2078 4887 2248 4955 Jordanus
2272 4889 2314 4953 de
2338 4886 2455 4951 Callen-
2515 4865 2516 4950 l

440 4998 555 5079 dorpe,
579 4995 738 5061 Albertus
755 4996 861 5076 Spric,
886 4995 1110 5076 Reynlrardus
1133 4996 1174 5059 de
1198 4994 1291 5076 Slon,
1315 4996 1508 5060 Gerhardus
1535 4997 1576 5061 de
1601 4996 1796 5076 Hervordia,
1820 4996 1991 5060 Arnoldus
2014 4995 2253 5074 thesaurarius
2278 4989 2453 5060 Gerhardus
2515 5067 2516 5072 ἵ

440 5103 481 5167 de
504 5102 677 5185 Bastorpe,
702 5101 861 5166 Ludolfus
885 5102 926 5165 de
950 5099 1143 5181 Bardeleve,
1175 5101 1367 5166 Gerhardus
1390 5103 1432 5166 de
1456 5101 1597 5184 Dilinge,
1623 5102 1794 5167 Arnoldus
1817 5103 1953 5186 Knicge,
1979 5103 2200 5168 Godescalcus
2225 5102 2267 5166 de
2291 5098 2453 5165 Dielholte.

438 5209 627 5273 Volcwinns
644 5209 685 5272 de
702 5209 826 5285 Monte,
843 5207 1033 5272 blindenses
1051 5207 1216 5288 canonici;
1241 5207 1429 5273 Florentius
1446 5208 1664 5291 WicgrariuS,
1680 5208 1867 5275 Richardus
1884 5209 2019 5293 Vulpes,
2042 5208 2208 5273 Henricus
2228 5211 2262 5273 et
2279 5203 2454 5272 Florentius
2515 5215 2516 5264 3

437 5315 558 5380 fratres
582 5317 623 5380 de
647 5315 885 5396 Dungherden,
909 5313 1024 5380 Bruno
1049 5313 1090 5377 de
1115 5313 1318 5396 Spenthove,
1344 5314 1516 5379 Conradus
1540 5317 1582 5380 de
1600 5315 1773 5395 Lutteren‚
1797 5313 1969 5380 lohannes
1986 5315 2028 5379 de
2044 5314 2250 5394 Barchusen,
2268 5311 2453 5378 Thidericus
2515 5281 2516 5314 ¹

436 5421 480 5485 de
504 5422 625 5496 Ufllen,
650 5421 781 5486 milites,
1289 5473 1292 5479 .

573 5526 741 5606 Abaclrrift
765 5525 949 5591 Calemanna
971 5528 1006 5588 a'n
1028 5525 1105 5590 Mac.
1135 5523 1167 5592 Τ.
1192 5523 1237 5588 36
1259 5527 1314 5592 col.
1348 5522 1399 5603 VI,
1426 5524 1459 5592 S.
1486 5524 1550 5590 199
1563 5526 1597 5610 ff.
1622 5530 1666 5590 im
1688 5525 1761 5612 Kyt.
1788 5524 1893 5592 St-A.
1923 5549 1962 5590 zu
1991 5524 2168 5590 Hannonem
2219 5523 2314 5589 θεάν.
2346 5517 2452 5582 tt'bdt

651 5637 744 5711 mma,
782 5633 875 5698 Saba.
904 5633 979 5717 dipl.
1008 5630 1070 5709 XI,
1101 5630 1134 5696 S.
1158 5629 1201 5694 64
1236 5636 1280 5695 im
1310 5633 1441 5717 Auazuq
1475 5657 1503 5697 o.
1535 5632 1668 5718 Aspera,
1696 5631 1767 5698 Cod.
1800 5633 1876 5718 dapl.
1908 5629 2078 5698 Setamnb.
2104 5629 2149 5708 ΙΙ,
2181 5631 2215 5696 S.
2238 5629 2307 5694 238
2334 5627 2406 5692 Note
2425 5621 2453 5684 3·
