4992 6786
1005 420 1073 476 1285
1996 405 2061 472 417

152 618 333 704 Volquinus
364 616 425 688 Dei
453 617 560 701 gratia
586 615 769 686 Mindensis
803 615 982 700 episcopus
1017 615 1182 683 universis
1212 618 1405 702 presentem
1436 614 1591 698 paginam
1621 614 1822 699 inspecturis
1853 617 2002 684 eternam
2028 615 2065 684 iu

58 731 182 804 Domino
211 725 362 792 salutern.
408 723 464 788 Ad
493 721 652 788 noticiam
685 725 756 787 tam
790 721 978 787 futurorum
1006 743 1107 806 quarn
1136 724 1347 807 presentium
1374 720 1527 805 cupimus
1557 721 1749 803 pervenire,
1779 721 1869 803 quod
1898 720 2066 788 Henricus

56 841 139 909 ualles
165 834 268 900 dictus
300 830 342 896 de
364 829 589 914 Aspelcampe
617 828 733 894 voleus
764 827 928 894 decimam
955 847 1051 894 suam
1085 830 1122 895 in
1143 830 1335 906 Wimmere,
1371 847 1471 910 quam
1498 847 1518 892 a
1549 827 1647 892 nobis
1681 827 1820 892 tenebat
1852 826 1888 894 iu
1919 827 2066 911 pheodo,

58 945 186 1026 obligare
207 958 269 1022 pro
297 936 450 1020 pecunia,
475 953 577 1020 quarn
604 935 648 1001 ad
676 935 835 1000 locandas
858 933 944 999 filias
973 955 1052 1002 suas
1082 939 1118 1002 et
1145 935 1245 1002 etiam
1276 937 1320 1001 ad
1348 935 1413 1000 alia
1440 933 1663 999 necessariam
1692 935 1774 998 tunc
1805 933 1960 1013 habebat,
1991 951 2067 1013 uos,

56 1052 124 1136 quia
143 1045 329 1130 prepositus
353 1045 387 1107 et
408 1044 594 1106 conventus
624 1041 659 1106 in
683 1039 812 1106 Levern
842 1042 927 1107 duas
956 1041 1044 1106 filias
1071 1042 1152 1107 dicti
1175 1043 1288 1108 militis
1319 1041 1354 1105 in
1382 1040 1554 1123 collegium
1577 1059 1677 1104 suum
1706 1044 1912 1122 receperant,
1942 1040 1980 1103 ut
2002 1039 2066 1105 ali·

56 1175 142 1242 quam
170 1151 362 1218 consuetam
395 1167 470 1213 cum
497 1147 579 1231 ipsis
611 1148 799 1230 reciperent
832 1147 1093 1212 consolationem
1122 1153 1157 1215 et
1185 1151 1223 1214 ut
1250 1148 1373 1214 dictam
1402 1147 1576 1221 decimam,
1612 1147 1698 1211 sicut
1731 1143 1879 1212 officium
1910 1148 2063 1212 nostrum

57 1261 151 1345 exigit,
174 1258 215 1322 ad
237 1275 319 1322 usus
343 1253 584 1320 ecclesiasticos
608 1273 851 1335 revocaremus,
876 1253 1073 1318 auctoritate
1096 1255 1318 1320 acanonibus
1342 1253 1439 1318 nobis
1463 1251 1594 1316 indulta
1616 1251 1682 1317 fide
1705 1251 1796 1317 bona
1818 1250 2066 1317 licenciavimus

55 1374 83 1435 et
101 1365 318 1451 permisimus
341 1364 379 1426 ut
401 1361 489 1426 idem
515 1359 708 1445 prepositus
736 1361 771 1425 et
793 1359 919 1424 dictum
950 1359 1123 1442 collegium
1152 1381 1213 1443 pro
1242 1359 1384 1443 pecunia
1411 1364 1444 1424 et
1475 1359 1517 1423 ad
1546 1359 1808 1424 consolationem
1831 1356 1975 1424 filiarum
1997 1357 2066 1422 iam

56 1474 123 1541 dicti
144 1470 255 1537 militis
277 1472 495 1534 memoratam
525 1466 689 1534 dammam
716 1467 759 1533 ab
787 1466 905 1530 codem
932 1468 965 1530 et
999 1465 1069 1531 suis
1101 1465 1282 1533 heredibus
1310 1467 1497 1550 reciperent
1528 1465 1719 1548 obligatam,
1753 1465 1964 1530 attendentes
1993 1463 2065 1534 fore

54 1580 153 1645 uilius
175 1596 254 1659 sepe
277 1575 400 1642 dictam
429 1573 591 1640 decimam
621 1592 641 1638 a
670 1572 825 1654 personis
853 1571 1084 1638 ecclesiasticis
1111 1573 1275 1655 possideri
1307 1592 1407 1654 quam
1436 1592 1456 1636 a
1484 1571 1578 1637 laicis
1610 1591 1678 1636 non
1707 1571 1887 1637 salubriter
1910 1570 2063 1635 detineri.

53 1684 187 1756 Accessit
209 1684 324 1765 itaque
347 1683 390 1748 ad
413 1680 617 1764 presentiam
648 1682 796 1747 nostram
828 1677 935 1744 dictus
964 1677 1060 1744 miles
1088 1697 1165 1746 curn
1192 1678 1271 1748 filiis
1303 1677 1371 1742 suis
1396 1679 1598 1754 Hermanno,
1631 1677 1789 1742 Heinrico
1818 1681 1851 1744 et
1874 1676 2065 1742 Alexandro

54 1795 81 1858 et
100 1790 167 1856 aliis
189 1787 369 1854 heredibus
392 1787 463 1854 suis
487 1788 520 1852 et
550 1806 627 1854 cum
649 1785 731 1869 ipsis
759 1805 841 1867 sepe
864 1785 987 1852 dictam
1011 1784 1172 1852 decimam
1202 1805 1277 1850 cum
1306 1785 1397 1850 omni
1429 1805 1490 1850 sua
1514 1784 1703 1866 integritate
1733 1784 1965 1866 prenominato
1989 1802 2066 1865 pre-

53 1898 148 1982 posito
170 1899 204 1964 et
225 1893 407 1962 couventui
429 1895 465 1959 iu
490 1893 620 1960 Levern
646 1895 760 1960 nostre
784 1892 926 1958 diocesis
950 1911 1009 1975 pro
1033 1893 1167 1958 centum
1191 1893 1224 1956 et
1247 1891 1488 1974 quinquaginta
1509 1892 1629 1956 marcis
1646 1889 1914 1974 osnaburgensis
1931 1892 2067 1956 monete

54 2003 251 2071 denariorum
274 2000 428 2083 legalium
451 2000 609 2083 obligavit
630 2002 700 2070 tam
725 1999 783 2065 diu
807 2001 850 2067 ab
874 1998 998 2065 eisdem
1021 1997 1162 2081 pacifice
1186 1998 1437 2082 possidendam,
1468 2017 1643 2081 quousque
1666 1998 1740 2080 ipse
1763 1997 1816 2062 vel
1837 1995 1897 2062 filii
1921 1995 1973 2060 sui
1995 1996 2065 2060 iarn

53 2110 122 2174 dicti
142 2108 192 2174 vel
216 2108 358 2173 heredes
382 2125 499 2174 eorum
522 2105 741 2189 refundant1)
764 2106 813 2169 eis
835 2104 1042 2188 integraliter
1065 2104 1243 2188 pecuniam
1272 2107 1500 2174 memoratam.
1547 2103 1725 2169 Adiectum
1753 2107 1806 2168 est
1834 2101 1950 2182 etiam,
1974 2101 2066 2184 quod

54 2213 303 2298 redemptionem
327 2214 415 2279 dicte
439 2212 565 2277 decime
590 2212 714 2277 debent
735 2211 843 2276 facere
866 2211 953 2277 infra
977 2211 1150 2277 duodecim
1174 2231 1281 2276 annos
1308 2210 1458 2294 proxime
1482 2213 1655 2290 venturos3
1685 2211 1776 2292 quod
1806 2209 1835 2274 si
1865 2208 1973 2273 facere
1997 2226 2066 2272 non

50 2323 204 2405 poterunt,
228 2320 392 2386 decimam
415 2319 537 2384 debent
559 2318 705 2384 vendere
732 2318 819 2384 dicto
843 2318 994 2398 cenobio,
1025 2318 1052 2381 si
1074 2319 1315 2402 proprietatem
1343 2321 1425 2383 tunc
1455 2337 1475 2381 a
1497 2317 1596 2382 nobis
1623 2317 1676 2381 vel
1704 2337 1724 2381 a
1746 2316 1870 2380 nostris
1894 2333 2067 2380 successo-

50 2427 131 2492 ribus
151 2427 300 2511 potuerit
321 2425 467 2490 obinere.
514 2425 550 2489 Si
574 2445 651 2491 vero
679 2425 920 2508 proprietatem
948 2425 1072 2490 habere
1094 2426 1176 2489 tunc
1204 2444 1270 2489 uon
1299 2424 1458 2508 potuerit,
1488 2423 1721 2507 prenominata
1747 2423 1892 2507 pecunia
1916 2422 1958 2486 ad
1982 2420 2066 2485 alios

50 2551 121 2598 usus
149 2533 224 2598 dicti
258 2531 388 2597 cenobii
421 2533 642 2596 convertetur.
689 2533 838 2614 Tempus
873 2531 972 2596 etiam
1007 2531 1247 2615 redemptionis
1282 2533 1347 2596 erit
1375 2532 1410 2594 in
1441 2531 1676 2608 Pentecosten,
1712 2530 1805 2593 locus
1828 2526 2007 2593 solutionis
2030 2527 2068 2592 in

52 2637 194 2704 Leveren.
242 2639 289 2704 Ut
312 2642 423 2704 autem
445 2638 510 2704 ista
533 2637 616 2703 nulli
638 2640 811 2704 vertantur
832 2638 867 2703 in
892 2639 1042 2718 dubium,
1066 2643 1259 2721 presentem
1282 2638 1439 2720 paginam
1462 2635 1624 2700 conscribi
1651 2638 1684 2700 et
1707 2634 1805 2719 sigilli
1829 2635 1934 2699 nostri
1957 2633 2068 2697 muni-

52 2745 129 2809 mine
150 2744 290 2810 fecimus
313 2746 476 2810 roborari.
516 2745 626 2808 Huius
643 2745 690 2809 rei
714 2748 816 2810 testes
840 2748 934 2810 sunt:
959 2745 1036 2810 Otto
1059 2745 1251 2828 prepositus
1269 2743 1383 2824 maior,
1407 2742 1581 2808 Conradus
1600 2743 1746 2807 decanus
1761 2743 1878 2817 maior,
1902 2739 2066 2806 Ludolfus

51 2851 85 2915 de
105 2851 237 2932 Amem,
262 2851 423 2917 Ludolfus
449 2853 491 2916 de
513 2851 707 2930 Bardeleve,
732 2851 810 2916 Giso
837 2850 971 2934 Vulpes,
996 2851 1194 2916 Lodewicus
1218 2851 1358 2933 Spruuc,
1383 2849 1534 2915 canonici
1559 2850 1765 2928 Mindenses;
1790 2846 1931 2912 Adultus
1955 2866 2066 2911 comes

50 2957 86 3020 de
106 2958 340 3040 Svalenberge,
368 2958 536 3023 Johaunes
568 2958 609 3023 de
634 2957 746 3032 Horat,
778 2957 975 3023 Thidericus
1005 2958 1046 3022 de
1070 2958 1186 3036 Horst,
1215 2957 1405 3022 Richardus
1428 2957 1570 3039 Vulpes,
1597 2956 1763 3020 Henricus
1788 2956 1829 3020 de
1852 2953 2066 3048 Dungerden,

50 3063 205 3129 iohannes
235 3065 280 3129 de
303 3063 530 3142 Barckhusen,
560 3063 697 3142 milites3
730 3063 921 3129 Alexander
945 3065 986 3129 de
1009 3064 1116 3144 Holle,
1145 3064 1224 3129 Otto
1248 3064 1380 3146 Trepel,
1410 3063 1598 3128 Richardus
1627 3063 1762 3144 Vulpes,
1796 3060 2000 3127 Fritbericus
2024 3060 2067 3124 de

51 3168 212 3252 Emessen,
237 3169 365 3252 famuli,
389 3173 422 3235 et
446 3169 502 3234 alii
524 3189 626 3253 quam
649 3169 772 3252 plures.
812 3171 934 3234 Actum
957 3170 1069 3234 Minde
1092 3190 1182 3236 anno
1205 3169 1339 3236 Domini
1361 3168 1677 3251 M⁰.CC.L.XXX.V.,
1702 3171 1822 3252 quarto
1839 3168 1930 3233 Ydus
1947 3166 2068 3232 Martii.

170 3274 627 3444 Abwhlmfkfunddezsslfflndbam·
650 3366 685 3426 a'n
707 3363 785 3430 Mae.
808 3361 879 3441 Vll,
902 3361 1031 3441 28090,
1054 3364 1110 3446 fol.
1134 3362 1191 3444 alt.
1216 3367 1261 3428 im
1276 3361 1350 3449 th.
1366 3362 1472 3431 sc-A.
1490 3385 1529 3430 zu
1541 3363 1683 3430 Mainalos·
1696 3363 1766 3448 (A).
1799 3361 1894 3428 (ἱράν.
1914 3360 2067 3428 Zeitachr.

249 3470 281 3536 d.
305 3471 376 3534 hiat.
406 3467 476 3536 Ver.
499 3467 788 3549 fNicderaacbaan
809 3469 922 3555 Jatrq.
951 3468 1035 3534 1853
1061 3468 1095 3538 S.
1121 3468 1195 3533 108.
1251 3467 1395 3534 Wc'mmer
1418 3471 1491 3556 liapt
1515 3468 1549 3535 S.
1573 3468 1759 3536 Lammina
1784 3468 1877 3534 Krec
1901 3469 1999 3534 Mella.

996 3668 1104 3746 1312.

48 3793 246 3888 Dompropst
278 3795 361 3885 om,
391 3795 629 3867 Domdechoat
656 3796 805 3868 Koarad
831 3797 903 3868 mad
928 3797 995 3867 das
1021 3796 1240 3886 Donakopitcl
1266 3817 1331 3867 oon
1359 3795 1510 3867 Minnica
1537 3793 1712 3866 batanaea
1740 3793 1795 3866 dia
1831 3793 2071 3884 Verweaaoaq

47 3921 103 3971 cm
127 3904 252 3995 merzig
281 3903 400 3990 Mart,
438 3903 494 3974 die
521 3903 583 3974 der
614 3902 825 3976 omnmbena
853 3902 1087 3975 Archidialcoa
1119 3925 1184 3973 oon
1214 3903 1334 3991 Ohaea,
1368 3899 1554 3973 Bernhard
1590 3923 1653 3973 coa
1681 3899 1844 3990 Rosdorf,
1879 3923 1923 3971 aa
1955 3902 2071 3973 seiher

331 4009 403 4080 aad
429 4010 542 4080 scihar
570 4009 694 4080 Ellam
722 4010 891 4081 Memoria
917 4009 1021 4080 theca
1046 4010 1253 4099 zaqewtesea
1279 4009 1346 4081 hat.
1401 4010 1500 4080 1285
1527 4005 1717 4079 November
1744 4012 1774 4080 1.

144 4126 222 4192 Otto
241 4129 446 4211 prepositus,
471 4127 679 4214 G(onradus)
702 4128 848 4194 decanus
873 4131 1047 4210 totumque
1062 4127 1245 4194 Mindensis
1269 4125 1408 4191 ecclesie
1431 4124 1617 4209 capitulum
1640 4125 1796 4189 omnibus
1819 4125 1884 4190 hoc
1907 4125 2066 4209 scriptum

46 4229 155 4298 visuris
182 4235 327 4300 salutern
355 4233 392 4299 in
420 4233 563 4299 Domino
593 4234 841 4317 sempiternam.
892 4234 1052 4298 Noverint
1083 4233 1231 4299 universi
1258 4235 1326 4298 tarn
1354 4233 1481 4315 posteri
1511 4251 1611 4315 quam
1641 4235 1827 4313 presentes
1857 4232 1949 4314 quod
1978 4231 2069 4298 boue

47 4339 195 4404 memorie
222 4339 417 4406 Beruardus
453 4339 715 4419 archidyaconus
742 4341 777 4405 in
806 4340 897 4406 Oseu
925 4340 1033 4405 dictus
1062 4340 1104 4404 de
1137 4341 1286 4422 Rostorp
1322 4339 1365 4403 ad
1392 4338 1513 4403 festum
1543 4337 1770 4420 conceptionis
1804 4338 1902 4403 beate
1929 4337 2068 4421 virginis

47 4441 140 4508 llarie
163 4465 333 4529 suumque
364 4447 640 4529 anniversarium,
676 4447 780 4530 patris
808 4447 861 4512 sui
888 4466 926 4511 ac
954 4447 1068 4513 matris
1097 4446 1197 4512 simul
1232 4449 1266 4512 et
1294 4445 1397 4510 semel
1431 4445 1660 4528 peragendum
1689 4444 1910 4527 quadraginta
1937 4463 2066 4510 marcas

47 4549 174 4617 ecclesie
209 4555 325 4618 nostre
356 4553 498 4618 contulit
535 4552 578 4618 ob
610 4552 719 4619 anime
750 4573 812 4619 sue
842 4553 1026 4618 remedium
1057 4557 1090 4618 et
1121 4555 1279 4632 salutem3
1315 4571 1417 4635 quam
1447 4551 1626 4635 pecuniam
1656 4550 1735 4634 quia
1764 4550 1800 4615 in
1823 4570 1904 4616 usus
1928 4551 2067 4618 ecclesie

47 4658 243 4723 necessarios
283 4659 480 4741 locavimus,
526 4660 721 4725 ordinamus
761 4663 795 4725 et
840 4660 1087 4726 observandum
1125 4660 1318 4742 statuimuS,
1365 4663 1403 4724 ut
1445 4658 1536 4724 omni
1578 4657 1754 4723 occasione
1794 4657 1982 4742 postposita
2024 4658 2069 4723 de

47 4762 207 4842 prebenda
246 4765 389 4831 fratrum
427 4765 616 4832 absentium
654 4765 690 4830 in
723 4766 875 4850 predicto
909 4767 995 4833 festo
1029 4769 1127 4833 beate
1161 4766 1297 4849 virginis
1332 4767 1436 4831 Marie
1471 4767 1536 4830 due
1567 4783 1677 4829 marce
1709 4767 1742 4830 et
1773 4763 1808 4828 in
1837 4763 2067 4830 anniversario

46 4866 185 4947 ipsorum
218 4871 374 4937 similiter
407 4873 473 4937 due
504 4891 616 4937 marce
647 4891 667 4936 a
697 4873 795 4937 nobis
830 4873 927 4937 armis
962 4873 1101 4957 singulis
1136 4873 1366 4940 ministrentur
1395 4875 1428 4937 et
1455 4871 1616 4955 quamdiu
1640 4873 1822 4936 memorate
1846 4871 2068 4954 quadraginta

47 4993 146 5042 marce
183 4979 228 5044 ad
267 4979 356 5044 bona
393 4979 620 5062 comparanda
657 4979 764 5044 locate
801 4998 871 5043 non
908 4979 1046 5060 fuerint,
1084 4980 1186 5045 talem
1224 4981 1263 5046 ut
1302 4979 1428 5045 dictum
1465 4981 1517 5044 est
1554 4977 1820 5044 ministrabimus
1859 4977 2065 5060 pensionem.

47 5077 94 5145 Ad
122 5083 184 5148 hoc
213 5087 328 5150 autem
358 5105 420 5150 nos
448 5085 583 5150 domino
618 5085 776 5169 episcopo
805 5088 837 5150 et
867 5105 927 5151 suo
955 5085 1047 5152 tratri
1075 5087 1253 5170 Ludolpho
1289 5089 1403 5152 nostro
1438 5084 1664 5152 concanonico
1699 5085 1770 5149 suis
1805 5083 2068 5150 testamentariis

46 5190 251 5266 presentibus
282 5191 477 5274 obligamus,
505 5193 544 5256 ut
571 5191 658 5257 infra
680 5193 823 5274 quatuor
849 5211 956 5258 annos
984 5209 1004 5256 a
1033 5192 1085 5257 die
1113 5192 1371 5277 conscriptionis
1400 5191 1501 5256 huius
1529 5190 1607 5256 facti
1635 5210 1713 5257 curn
1740 5189 1892 5274 predicta
1923 5191 2069 5275 pecunia
2192 5181 2198 5194 '

47 5289 128 5358 bona
159 5297 440 5380 comparabimus
475 5296 599 5381 quibus
631 5299 748 5363 eadem
783 5298 966 5367 consolatio
1000 5301 1091 5363 certo
1125 5306 1278 5383 tempore
1312 5304 1504 5382 peragatur,
1538 5297 1574 5364 in
1608 5297 1799 5380 supradicto
1834 5299 1946 5362 autern
1979 5295 2069 5362 festo

47 5399 176 5479 quilibet
202 5403 247 5468 de
277 5422 335 5469 sex
362 5403 550 5470 minoribus
576 5403 746 5470 canonicis
773 5405 912 5488 recipiat
941 5424 1000 5470 sex
1030 5405 1196 5487 denarios,
1225 5405 1365 5489 quilibet
1395 5404 1437 5470 de
1465 5403 1641 5470 duodecim
1663 5403 1793 5492 vicarie
1816 5422 1874 5469 sex
1898 5401 2069 5484 denarios,

48 5506 204 5574 scholares
243 5510 387 5577 solidum
425 5510 468 5574 ad
506 5511 695 5594 prandium,
735 5512 939 5595 campanarii
979 5515 1012 5577 et
1046 5511 1219 5576 camerarii
1258 5511 1401 5594 quilibet
1436 5530 1553 5577 eorum
1592 5511 1678 5574 duos
1717 5509 1882 5591 denarios,
1921 5507 2069 5574 sedecim

144 5647 443 5693 weseram-aueum.
1810 5616 1853 5682 53
