5058 6792
1055 480 1123 536 1256
2051 468 2114 536 187

94 788 229 876 Bisclwf
262 785 449 861 Widckiad
481 807 545 858 oon
577 785 726 859 Mindon
758 785 920 859 detondet
952 787 1019 859 dea
1052 677 1208 858 373νὸ331ιί
1243 786 1301 858 des
1332 787 1511 858 Thcthorrl
1545 809 1610 860 von
1648 788 1725 860 dem
1759 789 1915 862 anschc
1951 789 2017 879 auf
2049 791 2117 864 ders

467 892 620 965 Zeholen
646 893 685 965 in
712 890 1091 987 Osterbornighueen.
1144 891 1335 981 Roiocbcrp
1363 891 1458 965 1256
1486 893 1651 965 Februor
1678 893 1737 966 28.

99 1047 102 1052 ,
190 1010 410 1077 Widekindus
439 1009 501 1076 Dei
531 1010 640 1094 gracia
667 1010 849 1076 Mindensis
878 1010 1056 1094 episcopus
1086 1009 1250 1076 universis
1280 1008 1404 1075 Christi
1434 1009 1592 1077 fidelibus
1622 1031 1763 1094 presens
1795 1013 1955 1096 scriptum
1990 1014 2113 1081 visuris

93 1120 224 1186 salutem
246 1117 283 1182 in
305 1117 459 1184 Domino.
505 1115 669 1182 Noverint
689 1116 849 1193 universi,
873 1117 964 1201 quod
986 1115 1084 1181 nobis
1107 1115 1318 1199 presentibus
1342 1117 1555 1183 'thethardus
1583 1116 1681 1184 miles
1706 1119 1746 1184 de
1770 1116 1902 1184 Busche
1927 1121 2069 1204 receptis
2094 1140 2114 1186 a

94 1226 219 1293 domino
243 1223 382 1308 Gerlago
405 1223 529 1289 abbate
552 1223 660 1288 sancti
682 1221 830 1288 hlaurieii
852 1222 888 1286 in
910 1222 1023 1287 Insula
1044 1222 1181 1305 triginta
1202 1221 1312 1287 tribus
1335 1221 1453 1288 marcis
1477 1242 1553 1288 cum
1577 1242 1681 1290 uxore
1705 1226 1738 1288 et
1752 1224 1866 1307 pueris
1887 1224 1956 1290 suis
1977 1227 2114 1292 domum

93 1330 254 1418 quandam
281 1329 317 1394 in
346 1327 684 1413 Osterbornighusen,
720 1349 822 1413 quam
854 1329 897 1394 ab
923 1329 997 1412 ipso
1024 1328 1061 1393 in
1089 1328 1187 1393 feodo
1215 1327 1332 1409 tenuit,
1368 1328 1456 1394 dicto
1485 1327 1622 1396 domino
1652 1329 1765 1395 abbati
1793 1333 1826 1395 et
1849 1332 2028 1398 conventui
2052 1352 2114 1397 suo

92 1438 188 1505 libere
209 1435 401 1519 resignavit,
433 1436 524 1519 quod
547 1454 608 1500 nos
631 1434 753 1501 vidisse
776 1438 810 1501 et
833 1435 1000 1500 audivisse
1023 1433 1157 1518 publice
1180 1436 1415 1519 protestamur.
1462 1434 1581 1501 Testes
1606 1436 1710 1500 eciam
1734 1436 1780 1500 hii
1803 1440 1976 1520 presentes
2000 1441 2115 1504 erant:

86 1540 248 1650 liudolfus
271 1542 313 1607 de
337 1542 454 1606 Haren
476 1544 509 1607 et
531 1541 674 1608 Rabodo
697 1539 786 1606 filius
810 1540 893 1622 eius,
921 1540 1118 1606 Thidericus
1143 1539 1317 1622 Rinwade,
1345 1541 1517 1606 Wescelns
1546 1541 1653 1608 dictus
1679 1542 1839 1624 Clericus,
1871 1543 2048 1609 Heinricus
2072 1546 2114 1611 de

91 1647 319 1732 Aspelkampe,
354 1648 567 1713 Hermannus
601 1648 643 1713 de
671 1647 934 1730 Haddenhusen,
970 1646 1136 1713 Gerardus
1172 1648 1213 1712 de
1243 1646 1401 1728 Oitleten,
1436 1646 1615 1713 Heinricus
1654 1649 1695 1714 de
1727 1649 1841 1729 Horst,
1876 1650 2050 1716 Wescelus
2082 1653 2116 1716 et

92 1753 272 1819 Hartradus
296 1753 375 1819 dicti
399 1753 497 1837 Lupi,
520 1753 714 1819 Erthwinus
730 1753 773 1819 de
788 1753 945 1834 Offleten,
969 1753 1198 1819 Willehelmus
1218 1754 1325 1836 'Span,
1350 1752 1522 1818 Conradus
1539 1754 1581 1818 de
1598 1753 1759 1820 Lubbeke
1783 1756 1921 1836 milites3
1945 1757 2114 1822 lustacius

92 1861 129 1926 de
153 1860 275 1936 Rothe,
310 1859 517 1926 Giselbertus
547 1862 581 1926 et
606 1858 774 1926 lohannes
809 1860 928 1925 fratres
961 1862 1056 1925 trans
1087 1860 1247 1940 Huntam,
1283 1859 1451 1925 Gerardus
1480 1861 1522 1925 de
1551 1860 1804 1926 Haddenhusen
1834 1861 1959 1944 famuli,
1994 1864 2028 1928 et
2059 1862 2115 1928 alii

90 1968 206 2052 plures.
259 1966 380 2032 Actum
408 1966 443 2030 in
469 1965 700 2049 Reinneberge
722 1984 823 2058 ¹anno
852 1965 982 2031 Domini
1014 1963 1292 2047 M⁰.CC⁰.L⁰.VI⁰.,
1328 1966 1475 2030 secunda
1507 1965 1591 2031 feria
1622 1967 1772 2050 proxima
1795 1971 1879 2032 ante
1910 1968 2114 2034 dominicam

71 2073 263 2138 'Invocavit
2123 2127 2127 2136 .

220 2175 276 2246 Or.
300 2181 344 2242 ion
366 2176 440 2264 qu.
463 2174 567 2245 sc-A.
590 2200 630 2244 zu
652 2177 803 2256 Minatur,
840 2176 940 2241 Moris
961 2200 992 2242 u.
1019 2174 1144 2242 Simeon
1170 2179 1204 2240 in
1228 2176 1357 2242 blindan
1391 2174 1449 2242 Nr.
1473 2175 1527 2242 23.
1578 2175 1682 2263 Siepel
1708 2200 1775 2242 vom
1801 2177 2116 2265 Pergamentstreisea

299 2282 351 2347 ab.
401 2282 495 2350 Gedr.
519 2282 670 2349 Frentum
693 2283 732 2350 G.
756 2307 783 2348 o.
808 2284 838 2348 d.
864 2282 1013 2363 Broccho,
1049 2281 1156 2350 Geoolr.
1182 2284 1237 2348 der
1259 2306 1286 2347 o.
1311 2284 1341 2346 d.
1366 2282 1407 2348 B.
1431 2280 1464 2348 S.
1487 2283 1507 2346 4
1531 2281 1591 2349 Nr.
1623 2282 1674 2348 16.
1722 2285 2051 2368 Osterbornighuscn
2073 2290 2116 2350 ist

297 2393 357 2456 wol
378 2395 412 2455 in
435 2389 699 2477 Bioniaqhausen
721 2389 780 2455 Kr.
804 2388 962 2456 Libbecke
985 2391 1212 2475 auspepanpen.

91 2625 184 2714 Grof
207 2626 284 2700 Otto
311 2649 376 2698 oon
403 2627 624 2717 Rooensbcrp
649 2628 832 2719 resipuisti
860 2627 937 2698 ciem
964 2517 1114 2714 (ircsfgi1
1116 2517 1333 2718 6limanici)
1360 2649 1425 2698 eorl
1449 2628 1553 2720 Hoyo
1581 2627 1650 2698 deo
1670 2625 1886 2703 Ooninchof.
1942 2627 2114 2719 sparreu-

902 2732 982 2822 bap
1009 2731 1105 2804 1256
1133 2731 1239 2804 Mdrz
1266 2735 1298 2805 5.

189 2847 271 2915 Otto
298 2850 395 2915 heres
421 2849 457 2914 in
486 2849 705 2934 Ravensberg
737 2851 892 2918 omnibus
919 2852 983 2916 hoc
1010 2849 1172 2934 scriptum
1205 2849 1437 2934 spectantibus
1472 2855 1592 2916 notum
1625 2870 1699 2916 esse
1729 2852 1895 2934 volumus,
1929 2854 2024 2936 quod
2051 2872 2114 2918 nos

90 2955 263 3021 accedente
297 2974 463 3020 consensu
492 2956 617 3021 domini
644 2956 860 3040 Ber(nhardi)
892 2957 933 3022 de
957 2956 1077 3038 Lippia
1111 2956 1244 3022 maioris
1279 2955 1400 3022 nobilis
1431 2956 1493 3022 viri
1523 2976 1637 3022 curam
1669 2957 1807 3022 dominii
1836 2959 1940 3023 nostri
1968 2959 2113 3040 gerentis

89 3063 220 3142 curtem,
257 3081 323 3144 que
349 3061 530 3145 vulgariter
558 3062 748 3145 appellatur
779 3060 973 3142 Goninchof,
1008 3062 1190 3128 liberaliter
1220 3063 1427 3145 resignamus
1452 3063 1589 3130 domino
1614 3062 1801 3147 H(einrico)
1825 3063 1938 3129 comiti
1962 3065 2002 3129 de
2026 3065 2115 3130 Hoia

89 3186 159 3232 cum
186 3168 281 3232 omni
308 3187 348 3233 eo
379 3168 463 3249 iure,
498 3168 590 3252 quod
624 3168 722 3234 nobis
757 3171 835 3234 ante
864 3167 1123 3250 resignationem
1156 3168 1328 3251 competiit
1354 3169 1390 3234 in
1420 3169 1547 3234 eadem.
1599 3169 1684 3234 Acta
1712 3171 1792 3234 sunt
1813 3169 1875 3234 hec
1898 3169 2114 3253 presentibus

88 3273 235 3341 Tiderico
260 3274 302 3339 de
324 3274 409 3356 Lon,
444 3273 638 3340 Bemhardo
661 3274 703 3340 de
727 3274 926 3356 Ghesmelle,
960 3275 1101 3340 Alberto
1126 3275 1167 3340 de
1189 3275 1299 3355 Rubo,
1335 3274 1474 3340 Hinrico
1499 3276 1540 3340 de
1566 3274 1739 3357 Amholte,
1772 3275 1951 3359 Peregrino
1975 3276 2018 3342 de
2042 3276 2114 3341 Tit-

88 3379 306 3464 men'ncdorp,
321 3379 473 3446 Johanne
490 3379 533 3446 de
547 3379 836 3447 Brukedhehusen
852 3379 1024 3461 militibus,
1046 3383 1079 3445 et
1095 3380 1179 3446 aliis.
1220 3380 1343 3446 Datum
1360 3380 1588 3464 Sparrenberg
1603 3400 1693 3445 anno
1710 3379 1845 3446 Domini
1860 3381 2114 3464 M⁰.GC⁰.LVI⁰.,

87 3483 151 3550 111⁰.
175 3486 294 3552 Nonas
316 3486 433 3552 Martii.
479 3485 549 3570 Ego
573 3484 697 3572 Ot(to),
721 3487 801 3572 quia
824 3487 966 3569 sigillum
989 3486 1098 3552 adhuc
1121 3487 1296 3570 proprium
1320 3505 1388 3551 non
1410 3487 1533 3568 habeo,
1558 3486 1665 3568 sigillo
1688 3487 1872 3570 provisoris
1896 3487 1963 3553 mei
1988 3488 2114 3553 domini

89 3590 126 3656 de
149 3591 271 3677 Lippia
294 3611 369 3658 sum
393 3595 582 3658 contentus.

220 3695 275 3762 Or.
300 3701 345 3762 im
367 3695 441 3784 Kyl.
467 3697 573 3762 sc-A.
596 3720 636 3762 zu
658 3695 833 3763 Haooooer.
882 3697 977 3764 θεάν.
1005 3722 1033 3763 υ.
1058 3696 1254 3784 Hodenberp,
1284 3696 1391 3785 Hopcr
1417 3696 1448 3762 U
1450 3699 1489 3760 B.
1518 3697 1609 3766 Abit.
1634 3695 1662 3778 Ι,
1688 3699 1722 3764 S.
1749 3697 1791 3764 10
1813 3697 1875 3764 Nr.
1902 3697 1952 3763 13.
2000 3698 2116 3786 Reyest

298 3801 391 3889 Iapp.
415 3803 515 3889 Reqp.
539 3801 567 3882 Ι,
598 3802 632 3869 S.
655 3801 723 3868 200
751 3801 811 3868 Nr.
834 3802 940 3883 284a,
983 3801 1087 3882 Woelf.
1116 3802 1189 3869 ΠΒ.
1216 3802 1240 3866 I
1242 3800 1277 3883 V,
1307 3803 1342 3869 S.
1365 3801 1432 3868 363
1454 3803 1515 3870 Nr.
1541 3803 1619 3883 640,
1655 3803 1794 3886 liuticios,
1822 3801 1931 3870 Geoci.
1957 3807 1987 3871 d.
2013 3805 2113 3886 Grut-

299 3908 440 3990 sclvaftcn
462 3907 555 3997 Hoya
577 3933 608 3975 u.
633 3908 784 3996 Diepiolz
807 3908 834 3989 I,
860 3909 895 3975 S.
918 3909 963 3974 35
986 3908 1047 3976 Nr.
1069 3907 1124 3988 32,
1148 3908 1253 3989 Reese,
1283 3907 1354 3975 ΠΒ.
1378 3911 1408 3975 d.
1435 3909 1530 3982 Sladt
1553 3909 1709 3986 Bielefeld
1733 3908 1767 3977 S.
1793 3910 1833 3973 14
1859 3908 1918 3976 Nr.
1946 3910 1997 3976 18.

87 4159 153 4233 Die
178 4162 357 4235 Rotsleale
383 4184 449 4234 oon
477 4163 626 4235 Mindon
661 4161 845 4255 baioarica,
880 4164 963 4237 dass
997 4056 1168 4236 hagar
1199 4164 1338 4253 Ialdolf
1364 4186 1430 4236 von
1456 4163 1626 4236 Archeion
1659 4164 1737 4236 dem
1767 4163 1947 4235 miodcner
1975 4160 2114 4255 Barper

325 4268 455 4341 Wcssel
480 4291 545 4340 oon
572 4269 710 4342 Robber
738 4269 846 4342 Gara
872 4272 911 4342 in
936 4268 1050 4342 Rdchc
1074 4269 1235 4359 verhoufl
1261 4270 1328 4342 hot.
1384 4271 1535 4342 Mindon
1560 4268 1658 4343 1256
1686 4271 1794 4342 Mira
1819 4273 1879 4344 24.

188 4386 430 4453 Wiohmannus
454 4387 496 4452 de
519 4387 635 4469 Reme,
659 4388 835 4454 Conradus
857 4388 900 4452 de
923 4388 1021 4469 Rivo,
1045 4387 1235 4454 Gotswinus
1260 4389 1301 4453 de
1323 4388 1532 4472 Aldendorp,
1556 4387 1769 4454 Reinhardns
1790 4388 1831 4453 de
1855 4388 2112 4470 Hatdenhusen,

86 4491 297 4559 Reinnoldus
326 4492 499 4576 Stephani,
533 4493 737 4576 Rothardus‚
770 4493 940 4559 lohannes
967 4491 1128 4578 Herberg,
1162 4495 1366 4560 Wemherus
1395 4496 1436 4560 de
1459 4494 1668 4573 Yrenkellen
1703 4495 1907 4560 Wemherus
1931 4494 1972 4559 de
1998 4493 2111 4577 Valva,

85 4594 248 4665 Rodolfus
273 4599 315 4664 de
338 4598 540 4682 Holthusen‚
570 4598 760 4667 Richardus
784 4601 825 4666 de
847 4599 1092 4684 Pepinchusen‚
1124 4602 1280 4667 consules
1302 4601 1494 4668 Mindenses
1518 4603 1636 4666 notum
1659 4619 1732 4666 esse
1755 4601 1909 4665 volumus
1935 4599 2111 4682 universis,

85 4705 172 4785 quod
195 4703 354 4771 dominus
377 4705 538 4772 Ludolius
560 4705 684 4771 nobilis
707 4707 749 4772 de
771 4705 921 4772 Arnhem
945 4708 979 4771 et
1001 4725 1084 4773 uxor
1106 4725 1168 4772 sua
1191 4708 1363 4773 eteorum
1386 4708 1526 4773 heredes
1551 4726 1662 4773 coram
1685 4705 1806 4770 iudicio
1830 4706 1943 4771 nostre
1968 4705 2111 4770 civitatis

86 4811 116 4873 et
137 4808 172 4876 in
194 4812 314 4876 nostra
335 4811 504 4894 presentia
526 4812 661 4896 publice
682 4809 938 4896 profitebantur,
973 4831 1009 4878 se
1033 4812 1122 4879 bona
1145 4831 1207 4878 sua
1229 4812 1265 4877 in
1288 4813 1405 4879 Rocke
1427 4812 1571 4878 Wiscelo
1597 4812 1639 4878 de
1663 4812 1810 4878 Ratbere
1842 4812 1957 4876 nostro
1984 4811 2111 4877 concivi

86 4913 186 4981 libere
217 4936 296 4982 cum
323 4917 414 4983 omni
441 4917 522 4984 iuris
550 4917 739 5001 integritate
768 4918 959 4984 vendidisse
982 4921 1016 4984 et
1039 4917 1126 4985 dicto
1149 4918 1294 4986 Wiscelo
1317 4921 1352 4985 et
1375 4939 1434 4985 sue
1458 4919 1555 4985 uxori
1579 4921 1613 4983 et
1638 4917 1707 4984 suis
1730 4915 1910 4982 heredibus
1934 4916 2008 4982 iure
2031 4937 2112 4983 con-

84 5019 198 5087 tulisse
221 5021 358 5090 feudali.
405 5024 478 5089 Hec
500 5027 612 5089 autem
635 5026 714 5090 sunt
736 5025 811 5090 acta
832 5023 1045 5107 presentibus
1072 5024 1208 5090 domino
1232 5025 1378 5090 Henrico
1402 5027 1443 5090 de
1467 5025 1675 5105 Dinchdhen,
1705 5024 1841 5089 domino
1866 5022 2002 5089 Cesario
2026 5022 2112 5088 mili-

85 5124 181 5208 tibus,
205 5128 402 5196 Hermanno
418 5128 537 5212 Divite,
560 5129 705 5195 Henrico
722 5130 764 5195 de
780 5129 970 5195 Holthusen
993 5131 1026 5194 et
1048 5130 1202 5214 pluribus
1225 5131 1299 5196 aliis
1321 5131 1437 5214 probis
1461 5135 1494 5196 et
1516 5129 1680 5196 honestis.
1726 5130 1848 5195 Datum
1871 5147 1959 5196 anno
1977 5130 2112 5196 Domini

84 5229 319 5317 M.C⁰C⁰.LVI.,
341 5234 395 5300 IX.
418 5235 587 5302 Kalendas
609 5234 746 5320 Aprilis.

216 5337 377 5423 Auciago
404 5341 457 5406 des
481 5339 533 5405 17.
556 5341 609 5406 Jh.
639 5345 674 5406 in
697 5341 774 5405 Mac.
804 5337 876 5420 VH,
906 5337 1005 5421 2716,
1025 5340 1136 5425 fol.2
1166 5345 1210 5406 im
1237 5341 1310 5428 Kpl.
1342 5340 1446 5409 sc-A.
1479 5363 1519 5406 zu
1548 5342 1699 5409 Minvter.
1748 5339 1842 5408 Gedr.
1877 5340 2028 5406 Zeitscir.
2058 5340 2112 5405 des

298 5445 366 5512 habt.
397 5442 466 5512 Ver.
483 5446 516 5532 f.
540 5445 783 5513 Niedersacisen
805 5445 858 5533 Jp.
884 5444 972 5512 1853
996 5445 1031 5515 S.
1056 5447 1131 5515 101.

1829 5572 1896 5637 ἓν
