5062 6776
412 383 478 448 306
1403 397 1469 452 1211

1384 593 1478 674 988.

410 720 561 794 Nobilis
589 721 648 792 vir
675 719 890 814 (Hearicus)
919 721 1123 794 advocatus
1152 720 1198 792 de
1225 720 1358 793 Monte
1386 744 1491 794 socer
1517 726 1646 794 noster
1679 730 1780 795 nater
1813 723 1878 796 den
1906 726 2043 817 Zeupen
2075 725 2138 798 der
2179 726 2342 801 Urkaade
2373 730 2433 802 des

475 827 676 900 fflwdhlmn
704 827 853 899 Koerocl
879 850 943 900 von
973 825 1169 900 Oanobritcle
1196 826 1260 918 sate
1286 829 1343 899 die
1370 827 1501 900 Kirche
1527 830 1566 900 in
1594 829 1721 921 Enper.
1780 829 1980 903 Osnabrttcl
2007 829 2106 903 1271
2133 833 2321 906 December
2348 837 2380 908 3.

545 963 641 1029 (ἔσάν.
672 961 777 1030 Wenf.
809 961 877 1030 UB.
902 961 922 1026 Ι
928 959 962 1026 V.
988 961 1022 1028 S.
1045 960 1113 1026 615
1137 960 1198 1029 Nr.
1225 959 1320 1028 1266.
1368 961 1482 1049 Repe-rt
1511 961 1618 1048 Westf.
1645 963 1900 1032 Prouinziul-Bll.
1928 964 1973 1046 ΙΙ,
1999 967 2029 1045 Ι,
2052 963 2085 1033 S.
2108 965 2238 1036 5211.
2263 967 2337 1035 101.

1374 1195 1468 1274 989.

408 1325 585 1416 Hereopin
613 1323 743 1395 Helene
769 1344 833 1394 von
863 1323 1195 1412 sarantasmum
1222 1322 1299 1394 den
1327 1323 1387 1395 Kl.
1416 1323 1538 1396 Lotide
1563 1326 1630 1396 den
1658 1325 1777 1398 Bese'te
1804 1327 1867 1398 der
1893 1327 2020 1398 diesem
2053 1351 2114 1400 von
2142 1329 2241 1400 ihren
2269 1331 2434 1402 Bratdem

405 1431 627 1524 peschenleten
646 1430 755 1503 aare
781 1430 854 1501 end
880 1429 1056 1518 beatimml,
1085 1429 1168 1500 dass
1186 1429 1224 1499 in
1242 1429 1319 1501 elem
1339 1430 1480 1502 Kloster
1506 1431 1571 1518 ihr,
1598 1430 1695 1503 ihrer
1714 1431 1825 1504 Sitne
1842 1433 1915 1505 und
1933 1433 2028 1505 ihrer
2045 1431 2187 1508 Brr'e'der
2205 1436 2435 1510 omanem

925 1535 1069 1626 pessimi
1096 1536 1215 1608 werde.
1272 1537 1488 1627 Mepdebwrp
1515 1535 1614 1609 1271
1641 1538 1827 1610 peremne
1852 1539 1915 1613 22.

519 1673 650 1739 Helena
673 1673 733 1738 Dei
765 1672 875 1756 gracia
899 1672 1030 1738 ducissa
1060 1676 1167 1737 mater
1201 1672 1324 1738 ducum
1358 1672 1503 1739 Saxonis
1538 1673 1700 1756 religiosis
1735 1678 1769 1739 et
1803 1676 1838 1740 in
1872 1675 1941 1743 filio
1965 1677 2025 1742 Dei
2060 1677 2187 1743 dilectis
2216 1678 2375 1763 priorisse
2402 1683 2435 1744 et

406 1779 579 1847 sororibus
610 1779 646 1844 in
675 1779 814 1844 Lodhen
836 1780 1021 1845 Mindensis
1044 1779 1185 1844 diocesis
1208 1777 1348 1844 fratrum
1372 1780 1622 1846 Predicatorun]
1651 1781 1804 1846 instituta
1827 1783 2038 1848 servantibus
2062 1783 2195 1848 Christo
2219 1803 2345 1868 sponso
2369 1786 2436 1850 vir-

406 1887 522 1972 ginum
544 1886 579 1950 in
604 1887 717 1951 celesti
741 1885 888 1950 thalamo
913 1885 1072 1968 copulari.
1111 1885 1265 1950 Exhibita
1288 1884 1386 1950 nobis
1409 1889 1520 1951 uestra
1541 1885 1660 1970 petitio
1685 1888 1887 1970 continebat,
1917 1891 2008 1975 quod
2032 1890 2136 1971 tecue,
2159 1891 2278 1974 inquo
2303 1891 2436 1956 fundari

409 1993 500 2078 cepit
522 1996 633 2058 restra
656 1993 787 2058 novella
810 1993 984 2075 plantatio,
1014 1993 1057 2059 ad
1079 1995 1208 2058 vestras
1232 1992 1446 2058 necessitates
1470 2012 1546 2058 cum
1570 1992 1643 2059 aliis
1661 1993 1861 2077 quibusdam
1884 1996 2010 2078 prediis
2032 1997 2254 2063 charissimis
2276 1997 2436 2062 fratribus

407 2100 533 2166 nostris
557 2100 598 2164 de
614 2099 811 2165 Bruneswik
840 2098 981 2164 ducibus
1005 2098 1124 2164 vestris
1150 2098 1385 2164 fundatoribus
1417 2101 1469 2164 est
1497 2100 1647 2166 collatus.
1697 2101 1769 2166 Nos
1796 2101 1896 2184 igitur
1923 2105 2037 2168 eterne
2065 2103 2225 2169 mercedis
2255 2107 2434 2186 vestaeque

407 2209 523 2273 sancte
547 2206 715 2289 religionis
739 2205 873 2285 intuitu,
897 2205 989 2288 quod
1012 2205 1099 2272 circa
1122 2225 1181 2271 vos
1205 2225 1225 2270 a
1248 2204 1370 2270 nostris
1394 2205 1552 2271 fratribus
1575 2205 1632 2288 pie
1654 2207 1776 2273 factum
1801 2210 1861 2288 est,
1885 2208 2110 2292 approbantes
2125 2209 2231 2292 vobis,
2255 2230 2321 2293 que
2344 2229 2435 2276 nunc

405 2313 487 2379 estis
510 2313 651 2379 Domino
675 2311 869 2387 servientes,
899 2314 933 2378 et
955 2312 1121 2392 omnibus,
1145 2332 1211 2395 que
1233 2311 1328 2376 vobis
1359 2313 1578 2378 successerint
1599 2312 1635 2378 in
1658 2317 1870 2398 perpetuum,
1901 2334 1969 2379 una
2001 2334 2077 2380 cum
2107 2316 2155 2380 eis
2179 2317 2297 2381 damus
2329 2317 2435 2381 libera

406 2421 518 2485 mente
541 2439 579 2485 ac
602 2421 788 2502 spontanea
810 2419 991 2484 voluntate.
1044 2420 1109 2484 Pro
1133 2418 1192 2484 tali
1217 2421 1329 2484 autem
1356 2417 1555 2486 liberalitate
1590 2419 1689 2484 nichil
1718 2421 1888 2503 querimus
1920 2421 1983 2486 nisi
2010 2422 2261 2488 retributionem
2292 2423 2326 2486 in
2355 2422 2434 2487 celis

404 2529 556 2592 eternam
591 2529 625 2591 et
659 2527 750 2609 quod
785 2545 966 2608 personam
1000 2527 1148 2590 nostram
1189 2527 1222 2589 et
1250 2525 1373 2590 liberos
1409 2527 1541 2590 nostros
1570 2527 1673 2591 duces
1703 2525 1846 2592 Saxonie
1880 2526 2066 2610 fratresque
2100 2531 2231 2594 nostros
2261 2529 2364 2594 duces
2394 2530 2434 2595 de

407 2633 604 2698 Bruneswik
625 2633 744 2699 vestris
767 2632 919 2697 habeatis
943 2632 1151 2696 orationibus
1174 2631 1294 2715 iugiter
1317 2633 1579 2698 commendatos.
1625 2632 1679 2697 Ad
1707 2633 1841 2717 plenam
1864 2632 1978 2717 itaque
2006 2636 2217 2700 securitatem
2241 2635 2435 2700 huiusmodi

405 2739 597 2806 donationis
628 2739 889 2804 instrumentum
914 2739 1020 2822 sigillo
1051 2741 1165 2805 nostro
1192 2738 1286 2805 vobis
1313 2739 1569 2804 transmittimus
1599 2741 1800 2806 roboratum.
1848 2739 1972 2805 Datum
2000 2743 2033 2804 et
2054 2744 2165 2806 actum
2188 2741 2434 2824 Magadabureh

405 2867 495 2912 anno
519 2846 650 2911 Domini
674 2845 929 2922 M⁰.CC⁰.LXXI,
954 2846 1131 2911 undecimo
1154 2845 1323 2909 Kalendas
1346 2845 1504 2911 lanuarii.

542 2968 596 3034 Or.
620 2973 663 3034 im
686 2969 805 3033 Archiv
827 2969 881 3034 dea
904 2968 956 3033 ΙΙΙ.
984 2967 1126 3033 floccum.
1173 2967 1226 3031 An
1256 2966 1572 3053 Perpnnrentatreifen
1600 2969 1754 3034 verletztea
1782 2967 1896 3054 SiepeZ,
1933 2971 2067 3035 sitzmde
2097 2967 2349 3056 Frnuenpestnlt,
2387 2971 2435 3034 die

619 3073 701 3140 liele
725 3073 824 3139 Hand
849 3079 906 3158 cuj
930 3075 988 3139 den
1012 3073 1101 3160 Kopf
1119 3076 1203 3139 eines
1225 3073 1342 3138 Adfers
1378 3076 1448 3158 (oon
1471 3096 1554 3154 vom,
1580 3074 1671 3161 Kopf
1688 3076 1785 3140 recita
1807 3077 1984 3162 ponendae),
2019 3077 2069 3140 die
2092 3077 2191 3141 recita
2214 3075 2276 3158 aus
2293 3077 2353 3141 dere
2377 3077 2440 3152 aas

620 3187 716 3247 merem
741 3179 920 3245 Poetammt
946 3181 1106 3245 aaronem
1129 3177 1242 3244 Lmen
1264 3181 1372 3267 peleyt.
1426 3179 1616 3258 Umschra'ft:
1652 3231 1659 3247 .
1685 3233 1692 3248 .
1719 3231 1726 3247 .
1751 3183 1796 3249 Gl
1821 3231 1828 3247 .
1854 3233 1862 3247 .
1888 3231 1896 3246 .
1921 3183 2008 3248 ENE
2031 3183 2186 3249 DUCISS
2212 3235 2218 3249 .
2244 3233 2252 3246 .
2278 3231 2286 3248 .
2337 3181 2433 3247 (ἶσόν.

619 3313 646 3352 υ.
672 3286 867 3372 Hodenberp,
895 3285 1097 3372 Calenberqer
1125 3285 1195 3351 UB.
1221 3285 1318 3350 Abit.
1344 3284 1407 3366 III,
1435 3286 1469 3352 8.
1493 3285 1560 3352 209
1584 3285 1644 3350 Nr.
1666 3286 1743 3353 320.

1376 3523 1473 3600 990.

405 3651 505 3739 Grof
530 3647 715 3720 Burchard
749 3671 810 3720 oon
855 3649 974 3740 Wo'lpe
1015 3647 1208 3739 ithereipnet
1249 3647 1325 3719 dem
1358 3649 1418 3724 Κ1.
1453 3649 1575 3720 Lotide
1616 3649 1672 3720 die
1705 3648 1828 3738 Hitlfle
1869 3648 1929 3720 des
1970 3647 2039 3719 ihm
2081 3672 2145 3720 vore
2179 3651 2333 3722 Dielriclr
2371 3673 2436 3721 erote

821 3757 1003 3827 Tiscnosen
1029 3757 1253 3846 resipniertcn
1280 3755 1431 3826 Zehnlen
1458 3757 1496 3825 in
1524 3756 1689 3827 Mueller.
1746 3754 1890 3827 Stlclen
1920 3754 2026 3830 1271.

516 3892 689 3958 Universis
713 3893 836 3957 Christi
867 3891 1022 3958 fidelibus
1050 3895 1242 3975 presentem
1273 3891 1428 3976 paginam
1460 3890 1659 3975 inspecturis
1682 3890 1895 3956 Burchardus
1918 3910 2030 3955 comes
2057 3892 2099 3956 de
2122 3891 2260 3973 Welepa
2290 3891 2436 3957 salutem

404 4002 440 4065 in
463 4000 611 4066 omnium
636 3999 782 4065 salutari.
829 3999 1037 4083 Quecunque
1060 3999 1103 4063 ad
1127 3998 1366 4081 omnipotentis
1390 3999 1450 4063 Dei
1474 3996 1608 4062 laudem
1631 3997 1769 4081 provide
1785 3998 2021 4080 disponuntur,
2045 3998 2179 4080 expedit
2203 3999 2245 4062 ad
2267 3999 2437 4063 cautelam

402 4110 589 4179 futurorum
612 4109 650 4171 ut
673 4106 835 4189 scripture
858 4104 1048 4170 testimonio
1070 4105 1280 4170 roborentur.
1327 4105 1451 4170 Notum
1475 4103 1576 4186 igitur
1598 4105 1642 4170 sit
1669 4104 1825 4168 omnibus
1848 4106 1916 4168 tam
1941 4103 2152 4187 presentibus
2176 4123 2276 4186 quam
2301 4103 2437 4184 futuris,

403 4215 505 4298 quod,
535 4233 610 4279 curn
642 4212 842 4278 Godefridus
868 4213 909 4276 de
933 4212 1127 4294 Tysenosen
1149 4211 1246 4276 miles
1277 4213 1311 4274 et
1334 4211 1521 4292 Margareta
1548 4230 1631 4275 uxor
1662 4211 1733 4276 eius
1761 4210 1973 4274 medietatem
1998 4211 2125 4275 decime
2149 4209 2185 4274 in
2206 4211 2370 4276 liundere
2396 4213 2438 4276 de

402 4341 505 4386 manu
529 4323 643 4384 nostra
677 4319 803 4383 dudum
826 4318 898 4382 iure
922 4317 1043 4383 feodali
1071 4317 1274 4399 tenuissent,
1307 4317 1415 4400 ipsam
1444 4317 1663 4399 corporaliter
1692 4316 1830 4400 pacifice
1860 4316 2084 4399 possidentese
2114 4316 2250 4380 tandem
2278 4317 2437 4400 inspirati

404 4427 563 4493 divinitus
588 4425 685 4490 nobis
709 4443 784 4488 cum
808 4423 970 4489 instantia
998 4423 1241 4507 supplicarunt,
1271 4424 1309 4488 ut
1332 4423 1471 4488 eandem
1506 4423 1632 4488 decime
1656 4421 1867 4487 medietatem
1890 4422 2034 4488 claustro
2060 4423 2095 4487 in
2119 4423 2257 4488 Lodhen
2281 4423 2437 4488 conferre

402 4533 517 4598 divine
546 4530 825 4596 remunerationis
855 4529 1017 4614 intuitu1)
1046 4529 1269 4611 dignaremur.
1309 4528 1377 4594 Nos
1406 4529 1520 4612 itaque
1553 4529 1744 4612 diligentius
1769 4528 1978 4594 attendentes
2008 4529 2217 4593 devotionem
2245 4530 2436 4610 petentium

403 4641 437 4704 et
461 4639 677 4718 indigentiam
701 4636 835 4701 Christo
859 4635 1089 4701 famulantium
1120 4635 1306 4718 puellarum
1336 4635 1462 4701 ibidem
1485 4638 1701 4719 nostramque
1729 4636 1872 4700 salutem
1899 4635 2076 4717 prehabito
2104 4633 2304 4699 venerabilis
2327 4636 2437 4718 patris

402 4743 536 4810 Ottonis
561 4742 708 4826 episcopi
733 4743 916 4807 Mindensis
934 4761 1084 4822 assensu,
1109 4741 1167 4824 qui
1184 4742 1421 4825 proprietatem
1438 4741 1544 4825 ipsius
1569 4743 1696 4808 decime
1719 4741 1851 4824 prefato
1868 4741 2013 4805 claustro
2030 4739 2176 4819 donavit,
2200 4741 2242 4805 de
2265 4759 2435 4806 consensu

400 4853 513 4915 nostre
551 4849 702 4931 coniugis
738 4851 770 4912 et
804 4847 943 4913 fratrum
969 4850 1167 4924 nostrorum,
1199 4849 1408 4930 approbante
1441 4848 1675 4912 nichilominus
1711 4848 1875 4913 avunculo
1911 4849 2024 4912 nostro
2061 4837 2181 4912 comite
2217 4846 2361 4911 Ludolfo
2393 4847 2436 4912 de

403 4956 639 5037 Wunestorpe‚
663 4955 806 5019 mediam
822 4957 952 5036 partem
969 4954 1159 5019 huiusmodi
1175 4954 1302 5018 decime
1320 4955 1414 5019 nobis
1438 4954 1605 5036 resignate
1620 4953 1777 5037 priorisse
1801 4957 1835 5018 et
1858 4953 2029 5019 sororibus
2052 4953 2087 5016 in
2104 4953 2243 5017 Lodhen
2266 4952 2435 5018 donamus

401 5066 435 5128 et
457 5061 621 5127 tradimus
649 5060 682 5125 in
713 5063 914 5145 perpetuum
946 5060 1197 5144 possidendam,
1230 5079 1324 5143 spem
1355 5060 1581 5126 retributionis
1611 5060 1646 5124 in
1674 5080 1713 5124 eo
1742 5061 1922 5143 ponenteS‚
1954 5077 2063 5141 aquo
2092 5059 2183 5123 bona
2214 5062 2333 5123 cuncta
2355 5079 2435 5142 per·

403 5169 553 5250 cepimus
577 5171 610 5231 et
633 5170 747 5232 eterne
770 5169 837 5232 vite
860 5167 1026 5250 premium
1049 5171 1292 5248 exspectamus.
1338 5167 1435 5231 Hanc
1466 5169 1579 5230 autem
1609 5165 1768 5229 decimam
1794 5164 1907 5230 nullus
1932 5164 2018 5230 alius
2047 5167 2160 5248 preter
2188 5165 2299 5248 ipsum
2322 5165 2435 5230 Gode-

401 5273 526 5340 fridum
549 5275 688 5339 militem
712 5277 744 5339 et
769 5274 840 5338 eius
872 5293 1010 5338 uxorem
1033 5277 1198 5356 quantum
1222 5275 1264 5339 ad
1292 5277 1421 5356 partem
1451 5273 1493 5337 ab
1521 5271 1603 5355 ipsis
1626 5291 1815 5354 possessam
1844 5270 1878 5334 in
1906 5271 2005 5337 feodo
2033 5270 2173 5336 anobis
2206 5271 2367 5350 habebat,
2400 5277 2434 5337 et

401 5382 445 5446 ob
469 5383 533 5447 hoc
564 5380 746 5447 claustrum
773 5380 883 5464 ipsum
919 5380 962 5445 ad
990 5379 1205 5447 obtinendam
1235 5400 1309 5444 eam
1336 5379 1370 5443 in
1402 5398 1463 5444 suo
1491 5376 1564 5442 iure
1591 5377 1745 5443 volumus
1780 5377 1965 5458 confovere,
1992 5378 2131 5443 tutelam
2162 5379 2196 5442 et
2227 5378 2433 5444 warandiam
