5168 6798
1070 469 1138 525 1245
2064 459 2126 525 127

1067 667 1148 744 442

113 797 230 887 Grtfin
258 795 382 886 Sopbie
408 815 473 866 oon
507 792 1127 885 Veclrtu(1tooensberp)etistetim
1156 792 1266 866 Deme
1291 815 1335 866 cn
1365 793 1563 867 Oanobntcle
1594 795 1686 868 ibres
1713 797 1947 870 ceratorbenen
1974 799 2129 871 Mannee

113 908 183 981 Otto
213 901 288 974 und
320 901 396 973 ihre
423 900 593 972 Memoria
628 922 693 972 ana
726 899 803 972 dem
830 900 937 972 Erus
967 902 1059 972 nnec
1089 898 1213 988 freber
1238 921 1302 971 von
1331 900 1406 972 ono
1433 899 1627 973 besessenen
1654 902 1794 974 Honses
1828 903 1900 993 anf
1927 903 1991 976 der
2017 905 2127 978 Dom-

641 1005 787 1094 jrn'beit.
842 1003 944 1078 1245
969 1005 1135 1078 awiaciren
1160 1005 1250 1078 June
1276 1005 1329 1077 24
1354 1006 1427 1077 und
1453 1005 1529 1078 Itali
1556 1005 1592 1078 1.

208 1125 368 1211 S(opbia)
391 1123 452 1190 Dei
475 1123 580 1208 gratia
603 1122 774 1189 comitissa
795 1124 832 1188 in
854 1125 980 1190 Vechta
1002 1122 1165 1188 universis
1189 1125 1380 1206 presentem
1402 1123 1558 1207 paginam
1581 1125 1780 1209 inspecturis
1808 1127 1949 1210 graciam
1984 1129 2020 1194 in
2051 1150 2128 1214 pre·

108 1234 190 1302 senti
225 1235 262 1298 et
289 1231 426 1315 gloriam
453 1230 489 1294 in
519 1230 642 1295 tuturo.
695 1229 829 1294 Litteris
863 1229 1075 1313 presentibus
1110 1232 1345 1312 protestamur,
1380 1229 1471 1312 quod
1494 1249 1555 1295 nos
1579 1231 1746 1314 questioni
1769 1233 1991 1317 ususfructus,
2025 1256 2127 1318 quarn

108 1339 249 1424 capitulo
273 1336 523 1419 osnaburgensi
546 1335 711 1401 movimus
734 1336 770 1400 in
793 1337 893 1401 domo
917 1335 987 1400 sive
1010 1354 1089 1400 area
1111 1335 1292 1417 claustrali,
1316 1356 1418 1419 quam
1441 1333 1521 1401 Otto
1544 1337 1634 1402 bone
1657 1339 1816 1405 memorie
1838 1341 1890 1405 vir
1909 1343 2025 1407 noster
2046 1363 2127 1408 usu-

108 1444 258 1514 tructuali
281 1443 354 1510 iure
376 1442 629 1524 inhabitaverat,
664 1442 826 1508 cessimus
849 1445 883 1507 et
905 1439 996 1506 omni
1018 1441 1102 1518 iure,
1127 1442 1156 1506 si
1178 1442 1260 1525 quid
1285 1442 1409 1508 babere
1431 1443 1637 1526 videbamur,
1670 1445 1818 1528 capitulo
1846 1448 2125 1530 renunciavimus,

109 1553 209 1619 itaut
233 1551 276 1616 de
298 1549 411 1634 precio
434 1548 563 1633 pretate
587 1548 706 1614 domus
730 1548 879 1632 quinque
889 1547 913 1632 ¹)
937 1546 1120 1614 solidorum
1142 1548 1293 1614 redditus
1316 1551 1553 1632 comparentur
1575 1551 1608 1614 et
1631 1549 1788 1617 iratribus
1812 1553 1949 1636 capituli
1966 1556 2127 1637 quamdiu

109 1657 284 1724 vixerimus
307 1656 343 1721 in
366 1655 593 1721 anniversario
616 1654 738 1737 prelati
760 1653 822 1719 viri
847 1654 952 1718 nostri
977 1652 1230 1719 distribuantur.
1278 1653 1363 1720 Cum
1387 1675 1466 1720 vero
1489 1654 1578 1720 viam
1600 1657 1754 1722 universe
1782 1659 1891 1724 carnis
1916 1679 1977 1725 nos
2000 1661 2128 1744 ingredi

108 1763 287 1846 contigerit,
322 1761 400 1828 dicti
434 1761 584 1827 redditus
618 1762 662 1827 ad
691 1759 887 1826 memoriam
917 1759 1030 1825 obitus
1052 1759 1114 1826 viri
1136 1759 1241 1826 nostn'
1265 1762 1299 1825 et
1323 1763 1470 1826 nostram
1494 1762 1657 1844 agendam
1680 1767 1843 1846 perpetuo
1867 1764 2129 1834 dimidiabuntur

106 1875 139 1937 et
159 1870 318 1937 fratribus
342 1868 592 1934 distribuentur.
638 1866 681 1933 Et
703 1887 746 1932 ne
769 1865 913 1950 amplius
937 1865 1085 1932 revocari
1109 1866 1216 1931 valeat
1237 1865 1273 1930 in
1296 1867 1446 1949 dubium,
1469 1868 1562 1950 quod
1585 1888 1645 1950 per
1668 1887 1730 1933 nos
1754 1871 1883 1938 actione
1906 1873 1964 1956 pia
1983 1876 2017 1939 et
2031 1876 2127 1939 mutu

106 1977 288 2043 dinoscitur
322 1995 396 2040 esse
430 1977 612 2058 peractum,
650 1992 786 2058 presens
820 1972 983 2057 scripturn
1017 1990 1117 2054 super
1146 1991 1187 2037 eo
1217 1973 1405 2038 conlectum
1440 1973 1546 2056 sigillo
1570 1978 1686 2040 nostro
1710 1976 1865 2042 duximus
1887 1979 2126 2045 roborandum.

110 2084 229 2148 Datum
256 2101 343 2149 anno
366 2081 474 2164 gracie
496 2079 732 2162 M⁰.GC⁰.XLV,
755 2078 843 2145 infra
865 2081 1017 2145 octavam
1039 2079 1202 2144 Johannis
1225 2078 1382 2162 baptiste.

320 2189 341 2255 ¹)
363 2185 522 2240 Verbeasert
538 2204 587 2242 ana
606 2189 739 2256 quatuor?

240 2274 297 2338 Or.
320 2277 364 2338 im
386 2272 575 2339 Dmnorcbc'v
597 2297 637 2338 zu
659 2272 856 2340 Osnabrrick.
898 2271 1002 2359 Stegel
1023 2273 1171 2338 certeco.
1218 2272 1312 2340 θεάν.
1337 2275 1451 2352 Miser,
1480 2273 1615 2343 Oanabr.
1639 2275 1748 2345 Gerct.
1772 2275 1833 2356 III,
1861 2276 1895 2343 8.
1910 2276 1988 2358 359,
2013 2279 2128 2345 Moser·

318 2379 442 2446 Abeken
470 2377 560 2459 VIII,
587 2378 621 2445 S.
646 2376 714 2446 270
736 2377 795 2445 Nr.
819 2377 902 2455 213,-
924 2379 985 2464 agl.
1009 2378 1059 2443 dte
1087 2375 1235 2444 Urlcunde
1258 2378 1334 2443 oben
1360 2377 1417 2444 Nr.
1441 2377 1494 2446 67.

1063 2592 1157 2672 443.

103 2727 209 2818 Popst
240 2725 413 2796 Innocenz
439 2722 508 2800 IV.
540 2722 675 2812 sordent
702 2722 758 2794 dte
787 2720 949 2810 Bisctdte
976 2717 1153 2811 (Ilonrod)
1180 2742 1246 2793 von
1272 2721 1489 2794 Hildesleec'm
1514 2723 1588 2794 und
1614 2724 1754 2823 Jotann
1780 2747 1845 2798 von
1873 2724 2023 2799 Minden
2051 2727 2126 2817 ont,

100 2835 147 2903 im
176 2831 238 2904 nl.
269 2830 562 2903 Helmorshonaen
594 2827 667 2918 anf
690 2829 810 2900 Bitten
844 2828 938 3025 (1εῇ
929 2826 1058 3007 igni?
1058 2826 1277 3024 {dugaw
1295 2827 1544 3006 2bglrcbdfltcter
1571 2828 1890 2923 Amtshondlnngen
1924 2832 2130 2906 oenanthen.

239 3050 311 3140 Vqr.
334 3051 448 3131 Finlce,
473 3051 543 3118 PU.
573 3049 681 3130 Weatf.
707 3049 741 3118 S.
764 3050 832 3114 210
856 3049 917 3114 Nr.
943 3049 1018 3129 450,
1041 3049 1180 3116 woaelbat
1201 3049 1260 3114 dua
1282 3052 1410 3116 mettere.

1072 3250 1155 3324 444

100 3377 260 3467 Biscbof
278 3377 419 3450 Jotann
446 3399 511 3448 non
539 3375 690 3449 dscnden
716 3375 888 3465 blande,
929 3382 993 3464 ant
1023 3375 1141 3446 Bitten
1168 3374 1229 3445 des
1256 3373 1493 3468 Dorntopttels
1519 3399 1585 3448 von
1611 3377 1825 3450 Hildeater'm
1852 3379 1916 3452 das
1942 3381 2130 3470 Ingentum

101 3486 193 3556 nno
211 3483 335 3556 halben
354 3483 451 3570 anc
476 3485 515 3554 in
533 3479 758 3572 Wenerden,
786 3481 843 3553 die
868 3479 939 3552 ibn
966 3482 1082 3555 Rider
1102 3481 1177 3553 ono
1193 3500 1258 3551 uon
1285 3480 1514 3572 Webrbcngen
1540 3483 1723 3574 resigniert
1749 3484 1816 3574 bnt,
1844 3486 1919 3557 dnn
1938 3486 2130 3560 Jonannes·

360 3589 439 3678 stift
466 3591 504 3661 n'n
531 3587 746 3660 Honestam
772 3587 976 3678 ebertrugcn
1000 3609 1045 3659 an
1070 3587 1188 3660 nom.
1246 3586 1437 3678 Retneberg
1465 3587 1566 3662 1245
1593 3589 1785 3681 September
1811 3594 1870 3663 25.

234 3707 403 3791 Abactrift
424 3707 478 3771 dea
502 3705 554 3771 15.
576 3704 631 3770 Jt.
655 3708 690 3770 in
714 3703 786 3791 Cep.
814 3701 867 3786 VI,
891 3704 943 3782 11,
970 3703 1003 3770 S.
1022 3703 1088 3768 428
1109 3705 1176 3769 nnd
1197 3705 1251 3771 dea
1276 3704 1326 3772 18.
1345 3704 1398 3772 Jn.
1423 3708 1457 3770 in
1482 3704 1552 3792 Cep.
1578 3703 1629 3784 VI,
1653 3704 1708 3790 64,
1734 3706 1767 3774 S.
1787 3707 1853 3774 100
1873 3709 2004 3795 ten-Kgl.
2025 3709 2129 3777 Sc-A.

316 3835 356 3877 zu
378 3810 555 3877 Hennooer.
600 3813 790 3879 Wenerden
812 3815 893 3876 want
916 3811 966 3876 bei
990 3809 1143 3876 Saratedt.

1069 4008 1150 4086 445

95 4133 250 4227 Eiectos
275 4136 415 4210 Jobonn
449 4158 515 4208 oen
548 4136 698 4209 Minden
731 4135 924 4208 comment
961 4137 1039 4208 mm
1070 4132 1130 4208 Kl.
1152 4067 1316 4207 ‘Sebinno
1350 4135 1406 4207 die
1439 4133 1667 4224 Besttenngen
1701 4136 1764 4209 der
1793 4138 1972 4210 mindener
2002 4136 2130 4212 Kircte

97 4246 135 4313 in
171 4241 502 4339 Vogedigemolen
541 4264 647 4335 gegen
688 4243 744 4314 ein
778 4242 881 4315 Hans
913 4240 1280 4421 in12H4grlgfflm3pffl1
1320 4240 1386 4312 dos
1420 4241 1529 4314 neon
1568 4240 1629 4312 des
1663 4241 1767 4314 Attea
1799 4245 1838 4314 in
1872 4241 2128 4340 Scorecampe.

204 4468 329 4533 Testes
356 4467 457 4532 huius
485 4465 534 4531 rei
561 4469 656 4531 sunt:
690 4466 866 4532 Conradus
894 4467 936 4531 de
959 4466 1143 4548 Mandeslo,
1178 4465 1335 4530 Hinricus
1360 4469 1393 4530 et
1416 4466 1634 4532 Berewardus
1669 4466 1786 4532 fratres
1815 4469 1856 4533 de
1879 4469 2129 4551 Hemenhusen,

94 4572 308 4638 Reinbertus
332 4571 374 4637 de
396 4572 627 4656 Monigbusen,
650 4572 846 4638 Thidericus
871 4572 913 4637 de
935 4571 1076 4654 Ekesen,
1099 4572 1313 4638 Hermannus
1337 4572 1379 4637 de
1402 4573 1525 4654 Buren,
1550 4572 1712 4638 Ludolfus
1736 4573 1778 4638 de
1797 4573 1974 4658 Nienborg,
1998 4577 2127 4643 milites.

241 4675 340 4744 Gedr.
363 4701 391 4744 v.
407 4675 604 4763 Hodenberg,
628 4675 735 4766 Heyer
763 4675 833 4742 UB.
856 4676 955 4742 Abel.
978 4674 1049 4755 VII,
1073 4674 1106 4742 S.
1126 4676 1168 4741 19
1190 4674 1251 4741 Nr.
1268 4675 1323 4755 23,
1346 4701 1373 4742 c.
1395 4675 1520 4756 Trencr,
1548 4677 1751 4743 Mdnelrhaca.
1776 4677 1997 4745 Genti-Habe.
2024 4680 2057 4749 S.
2077 4682 2130 4748 11.

318 4785 478 4850 Herlethe
500 4787 543 4848 in
563 4782 690 4850 Heretae
714 4783 765 4848 bei
788 4781 949 4869 Sulingen,
973 4783 1024 4848 die
1048 4782 1155 4848 beiden
1178 4784 1314 4848 anderen
1337 4782 1412 4847 oro
1434 4783 1518 4846 niem
1537 4783 1624 4848 nectar
1646 4784 1860 4864 fectzustellen.

1067 4982 1150 5059 446

90 5107 256 5197 Bisebof
283 5105 422 5180 Jotonn
452 5129 519 5180 von
551 5107 703 5181 Minden
736 5107 927 5198 atbereipnet
961 5107 1037 5180 dem
1072 5108 1131 5181 ΚΖ.
1159 5105 1438 5179 Morienwendcr
1471 5105 1528 5178 die
1561 5107 1670 5180 ecte
1700 5109 1738 5179 in
1773 5108 1936 5199 Garbsen,
1978 5112 2034 5183 dte
2067 5113 2129 5184 der

248 5213 377 5306 Propst
403 5213 563 5286 Dtetrict
588 5236 653 5286 von
680 5215 796 5287 Rene
823 5213 959 5285 Arnold
984 5236 1049 5285 oon
1077 5212 1257 5305 Nienbwrg
1283 5212 1455 5286 enworben
1483 5213 1550 5288 bot.
1606 5212 1708 5285 1245
1735 5214 1921 5287 December
1948 5219 1982 5287 4.

202 5333 329 5398 Testes
352 5335 464 5397 autern
487 5332 588 5398 buius
611 5333 659 5398 rei
682 5336 776 5399 sunt:
799 5333 1014 5399 Hermannus
1031 5332 1145 5414 abbas,
1170 5332 1380 5397 Lothewicus
1401 5332 1492 5416 prior
1507 5331 1543 5396 in
1559 5331 1678 5414 Luoca,
1702 5333 1920 5416 Engelbertus
1936 5337 2128 5418 prepositus

93 5439 129 5504 in
156 5439 436 5522 Ouerenlrerken,
471 5439 673 5507 Lantbertus
700 5438 888 5525 prepositus
917 5439 954 5504 in
975 5438 1180 5523 Nenthorpe,
1216 5439 1390 5504 Conradus
1414 5439 1560 5505 decanus
1584 5438 1691 5503 sancti
1714 5439 1856 5521 Martini,
1890 5440 2064 5508 Conradus
2087 5442 2128 5507 de
