5086 6768
352 315 363 347 l
431 371 497 434 390
1416 386 1483 440 1281

537 581 604 648 Nos
619 579 712 646 Jutta
735 579 856 644 nobilis
879 581 1030 647 matrona
1053 580 1188 646 domina
1212 581 1382 664 quondam
1406 580 1447 644 de
1463 575 1644 664 Mdntyoye
1667 581 1933 665 recognoscimus
1957 586 1991 648 et
2013 587 2160 668 presenti
2180 586 2306 670 scripto
2322 588 2448 669 publice

429 690 665 770 protestamur,
689 685 780 767 quod
796 686 849 749 ius
864 685 1080 768 proprietatis
1096 686 1197 750 curtis
1212 687 1248 750 in
1263 686 1413 768 Kappele
1429 686 1578 768 dyocesis
1595 687 1872 770 Osnnburgcnsis,
1895 690 1987 772 quod
2010 691 2052 755 ad
2076 711 2136 755 nos
2159 693 2331 775 pertinuit,
2355 694 2448 778 pleno

430 792 502 857 iure
519 793 562 857 ob
579 811 726 856 amorem
742 791 802 856 Dei
826 793 860 856 et
882 791 1022 872 gloriose
1045 791 1182 873 virginis
1198 791 1300 856 Maria
1323 791 1553 857 transtulimus
1570 795 1603 857 et
1618 791 1848 858 transierimus
1863 794 1899 860 in
1913 796 2084 878 religiosas
2100 801 2134 862 et
2149 799 2185 862 in
2202 798 2336 864 Christo
2353 821 2448 883 quam

427 898 610 980 plurimum
646 896 743 962 nobis
767 897 904 962 dilectas
928 898 1095 963 dominam
1122 898 1347 964 ..abbatissam
1372 901 1404 963 et
1430 900 1630 963 conventum
1653 898 1689 964 in
1713 899 1942 966 Grarenhorst
1965 901 2203 984 Cysterciensis
2227 905 2355 970 ordinis
2380 927 2449 988 pre-

428 1003 515 1066 dicte
539 1001 698 1082 dyocesis,
721 1005 891 1069 terrenum
913 1003 965 1067 ius
988 1006 1140 1068 nostrum
1164 1004 1268 1068 sicin
1291 1004 1411 1068 celeste
1434 1003 1608 1086 cupientes
1632 1007 1846 1087 commutare,
1870 1008 2105 1074 renunciantes
2128 1008 2238 1076 eidem
2255 1011 2319 1075 iuri
2336 1015 2449 1076 nostro

427 1109 471 1173 ad
494 1129 580 1192 opus
603 1109 827 1192 predictarum
851 1109 1046 1192 simpliciter
1069 1113 1102 1174 et
1125 1130 1281 1192 expense,
1310 1112 1464 1191 rogantes
1488 1110 1622 1174 easdem
1645 1110 1817 1177 humiliter
1839 1115 1873 1178 et
1896 1113 2025 1194 devote,
2055 1117 2221 1198 quatenus
2244 1117 2369 1182 intuitu
2396 1118 2448 1182 Dei

427 1215 620 1281 memoriam
655 1220 815 1296 nostram,
839 1217 972 1282 Ottonis
1002 1218 1036 1281 et
1058 1217 1192 1299 Sophye
1220 1236 1259 1282 ac
1285 1219 1463 1300 parentum
1491 1219 1682 1282 nostrorum
1710 1217 1882 1301 diligenter
1909 1218 2030 1285 faciant
2057 1221 2239 1286 annuatim
2286 1225 2327 1288 ln
2359 1223 2449 1287 cuius

427 1321 475 1386 rei
493 1321 720 1387 testimonium
744 1323 895 1386 nostrum
918 1321 1061 1404 sigillum
1085 1321 1296 1405 presentibus
1320 1325 1370 1386 est
1393 1341 1590 1405 appensum.
1637 1325 1760 1388 Datum
1782 1324 1857 1406 ipso
1880 1325 1933 1390 die
1956 1326 2112 1392 undecim
2136 1328 2264 1393 milium
2287 1329 2448 1412 virginum

427 1446 515 1494 anno
540 1427 670 1492 Domini
693 1427 832 1492 M⁰.CC⁰.
857 1427 1059 1510 octogesimo
1082 1428 1198 1509 primo.

564 1530 617 1596 Or.
647 1536 691 1595 im
718 1531 790 1617 qu.
807 1531 925 1597 'Sa-A.
956 1555 995 1596 aa
1022 1532 1173 1611 Mitnster,
1204 1531 1416 1597 Groocnliorat
1442 1531 1504 1596 Nr.
1531 1532 1586 1599 37.
1635 1533 1738 1620 Sieqel
1767 1557 1824 1598 von
1853 1536 1921 1600 dens
1947 1559 2005 1601 con
2035 1539 2091 1602 der
2122 1537 2198 1604 Urlc.
2230 1541 2449 1625 yeacltm'ttenm

641 1636 955 1722 Perpamcntatrcc'sen
983 1639 1130 1702 certorcn.
1176 1637 1231 1702 Da
1254 1637 1325 1702 Otto
1355 1637 1461 1721 (Graf
1486 1661 1543 1703 von
1568 1638 1781 1724 Roomubcrp)
1804 1642 1870 1720 wid
1891 1665 1915 1707 a.
1940 1639 2032 1707 Froa
2056 1642 2170 1730 Sophia
2192 1645 2242 1710 dria
2265 1644 2377 1710 Ellam
2400 1647 2450 1709 der

637 1743 729 1808 Jutto
751 1765 865 1822 waren,
890 1766 924 1807 ao
945 1747 988 1807 ist
1009 1744 1068 1807 doc
1092 1764 1130 1810 ac
1152 1767 1205 1808 vor
1227 1749 1405 1829 parentum
1428 1767 1467 1808 zu
1490 1747 1586 1829 titgeri
1609 1747 1682 1812 oder
1703 1769 1757 1811 cor
1779 1749 1913 1814 Ottonis
1935 1771 1975 1812 zu
1997 1761 2107 1814 aetam

1382 1960 1492 2038 1227.

426 2087 527 2175 Gros
550 2086 685 2174 hadolf
706 2109 769 2158 von
807 2086 991 2174 Wunstorf
1010 2087 1183 2176 dbcrtrdpt
1209 2088 1272 2158 mit
1299 2087 1539 2176 Zostirnrrunp
1565 2090 1674 2159 scices
1703 2089 1832 2160 Salinas
1859 2089 1936 2160 dem
1956 2089 2014 2160 Kt.
2035 2090 2158 2161 Labda
2183 2093 2267 2162 arce-i
2288 2091 2449 2180 Horatios
2534 2108 2538 2189 j

426 2193 506 2264 Sala
532 2195 571 2263 in
599 2194 765 2281 Mandu,
801 2192 857 2263 dic
885 2193 1120 2282 Margaretlrc,
1157 2195 1257 2264 abac
1285 2195 1344 2264 des
1373 2192 1550 2280 Gottsricd
1576 2215 1640 2264 coa
1673 2195 1868 2284 Tiscnoscrr,
1908 2195 1985 2266 dem
2012 2193 2149 2267 Klostcr
2178 2197 2356 2287 paschcrdd
2386 2199 2448 2286 lint,

584 2299 656 2369 aad
683 2298 758 2389 sript
787 2299 914 2368 diesem
943 2299 1116 2370 Gcsctcnlr
1142 2301 1224 2370 awai
1251 2300 1379 2370 andem
1409 2299 1570 2386 Psonncn
1597 2300 1657 2371 bei.
1721 2302 1906 2390 Wanstort
1933 2300 2033 2374 1281
2068 2302 2210 2374 Oldober
2235 2307 2295 2376 22.
2397 2315 2405 2330 '

533 2415 695 2481 Ludolius
724 2417 783 2480 Dei
818 2417 924 2498 gratia
960 2437 1070 2481 comes
1106 2419 1147 2482 de
1174 2418 1421 2500 Wunnestorpe
1458 2417 1620 2482 universis
1654 2419 1774 2484 visuris
1802 2439 1862 2484 seu
1893 2419 2054 2485 audituris
2083 2421 2257 2504 presencia
2285 2423 2335 2488 rei
2358 2429 2448 2506 geste

425 2541 622 2604 cognoscere
647 2522 826 2589 veritatem.
868 2525 1152 2606 Recognoscimus
1176 2544 1214 2588 ac
1236 2524 1369 2607 publice
1394 2525 1629 2606 protestamur,
1654 2525 1754 2606 quod,
1779 2545 1852 2590 curn
1870 2527 2004 2591 domina
2020 2528 2206 2610 Margareta
2223 2548 2305 2592 uxor
2322 2529 2448 2593 domini

427 2627 596 2692 Gadesridi
620 2629 661 2692 de
687 2629 881 2712 Tysenosen
905 2630 1019 2694 militis
1044 2631 1128 2694 duos
1152 2630 1334 2711 sartagines
1358 2629 1436 2694 salis
1459 2631 1493 2694 in
1518 2630 1679 2695 Mundere
1703 2650 1723 2694 a
1746 2631 1842 2696 nobis
1865 2633 2039 2698 habuisset
2061 2632 2095 2696 in
2119 2634 2215 2699 sendo
2236 2637 2361 2700 etcum
2381 2638 2449 2699 rirc

425 2733 548 2798 diutius
571 2733 740 2819 pacifice¹)
765 2736 980 2818 possedisset,
1004 2737 1140 2802 tandem
1162 2737 1228 2819 ipsi
1249 2737 1318 2801 zelo
1339 2735 1524 2800 devotionis
1546 2737 1677 2800 accensi
1698 2738 1887 2802 nobiscum
1906 2738 2069 2803 instancia
2086 2739 2324 2823 supplicarunt,
2350 2745 2389 2804 ut
2405 2741 2449 2804 eis

423 2839 669 2922 resignantibus
699 2842 790 2924 ipsas
821 2842 1002 2924 sartagines
1033 2842 1190 2924 priorisse
1221 2842 1349 2924 totique
1374 2842 1553 2907 conventui
1577 2861 1727 2908 sororum
1750 2843 1951 2909 inclusarum
1975 2845 2010 2908 in
2036 2845 2175 2910 Lodhen
2197 2848 2353 2912 conferre
2377 2867 2450 2929 per·
2540 2879 2541 2934 l

423 2949 526 3029 petuo
543 2947 764 3029 dignaremur.
801 2949 870 3012 Nos
886 2949 986 3031 igitur
1007 2968 1070 3032 pro
1094 2948 1202 3013 anime
1227 2950 1339 3013 nostre
1363 2947 1510 3014 remedio
1535 2968 1574 3014 ac
1596 2968 1657 3031 pro
1681 2949 1788 3014 salute
1812 2951 2004 3014 nostrorum
2027 2953 2205 3033 parentum
2229 2955 2263 3016 et
2287 2951 2448 3016 heredum
2540 2937 2541 2944 ἵ

424 3052 570 3134 prefatas
605 3053 786 3136 sartagines
822 3074 898 3118 curn
932 3054 1136 3138 proprietate
1170 3075 1231 3118 sua
1266 3054 1461 3136 cunctisque
1489 3054 1705 3136 pertinenciis
1735 3057 1881 3120 claustro
1909 3056 1945 3120 in
1975 3057 2114 3120 Lodhen
2142 3058 2345 3122 contulimus
2375 3078 2450 3122 cum

425 3161 529 3224 nostri
558 3158 619 3223 tilii
646 3158 810 3224 Johannis
840 3181 979 3225 assensu
1007 3160 1182 3242 perpetuis
1210 3161 1417 3243 temporibus
1451 3160 1681 3243 possidendas.
1728 3161 1770 3224 Et
1804 3161 1883 3244 quia
1916 3162 2000 3226 duas
2036 3163 2117 3226 alias
2152 3164 2336 3245 sartagines
2372 3165 2449 3228 salis

422 3263 546 3329 ibidem
566 3265 601 3328 in
617 3265 789 3347 Mundere,
814 3286 879 3348 que
903 3265 1036 3330 fuerant
1057 3266 1205 3331 Bertoldi
1228 3265 1306 3330 dicti
1322 3267 1475 3348 Menghe‚
1500 3286 1631 3331 sorores
1655 3267 1772 3331 eedem
1795 3287 1856 3348 per
1880 3287 1939 3332 nos
1963 3268 2096 3350 assequi
2120 3273 2323 3349 meruerunt,
2349 3270 2450 3334 etiam

422 3372 534 3436 uxoris
565 3373 678 3436 nostre
702 3372 855 3436 defuncte
881 3372 1027 3437 animam
1051 3373 1360 3437 recommendamus
1384 3373 1522 3437 eisdem.
1569 3373 1687 3437 Testes
1710 3373 1810 3438 huius
1834 3373 2020 3438 collationis
2043 3377 2137 3438 sunt:
2173 3375 2392 3440 Gerbrandus
2418 3379 2451 3438 et

424 3478 654 3561 Leregadus‘l)
678 3479 885 3558 sacerdotes3
921 3478 1150 3560 Engelbertus,
1175 3477 1425 3543 Hildebrandus
1450 3481 1483 3542 et
1506 3477 1683 3544 Bertoldus
1708 3479 1787 3544 dicti
1811 3481 1852 3544 de
1877 3479 2016 3560 Lenten,
2040 3480 2178 3559 milites3
2215 3480 2451 3560 Hildeboldus‚

423 3585 597 3649 Conradus
628 3586 661 3648 et
692 3583 913 3647 Hildeboldus
947 3583 1052 3647 nostri
1081 3583 1216 3662 milites3
1246 3583 1443 3648 Thidericus
1466 3584 1508 3648 de
1532 3585 1801 3667 Landesberghe,
1831 3584 2044 3650 Baldewinus
2072 3585 2175 3650 frater
2204 3605 2388 3652 conversus
2417 3588 2452 3652 in

422 3689 572 3770 Lodhen,
608 3691 641 3753 et
674 3689 729 3754 alii
763 3711 864 3772 quam
898 3691 1023 3772 plures.
1070 3692 1212 3773 Insuper
1246 3691 1288 3754 ad
1323 3691 1484 3756 maiorem
1517 3690 1750 3755 certitudinem
1784 3689 1930 3771 sigillum
1965 3693 2117 3756 nostrum
2152 3693 2366 3774 presentibus
2398 3697 2450 3758 est

421 3814 619 3878 appensum.
666 3797 787 3860 Datum
811 3796 1059 3878 Wunnestorpe
1083 3815 1172 3860 anno
1196 3795 1327 3859 Domini
1351 3795 1631 3877 M⁰CC⁰LXXXI⁰,
1656 3796 1710 3861 XI.
1735 3797 1905 3862 Kalendas
1928 3797 2138 3862 Novembris.

637 3902 657 3967 ¹)
675 3900 784 3968 pacifica
795 3900 869 3969 fclrlt
887 3900 920 3952 A.
963 3899 986 3969 ¹)
1006 3901 1159 3968 Lavedagus
1180 3901 1212 3951 A.

555 3988 611 4054 Or.
634 3991 678 4052 im
701 3989 814 4052 Archia
836 3991 890 4053 des
915 3987 1011 4068 Stifts
1034 3987 1270 4065 Obcrnka'rclacn,
1294 3989 1421 4053 wonoclr
1442 3989 1527 4074 qedr.
1560 3987 1788 4074 Wa'ppcrmann‚
1818 3989 1850 4054 U
1852 3989 1889 4056 Β.
1914 3991 1968 4054 des
1986 3988 2079 4066 Saso
2099 3989 2325 4055 Obermkircltcn
2351 3990 2385 4058 S.
2404 3991 2452 4055 a?

636 4092 696 4158 Nr.
720 4093 773 4172 69,
795 4094 871 4176 jetzt
892 4094 977 4158 nicht
999 4095 1085 4157 metir
1107 4093 1292 4159 vorkandcn.
1318 4093 1449 4160 Abactr.
1475 4097 1528 4158 dea
1552 4095 1603 4161 13.
1627 4095 1738 4162 Jalrt.
1762 4099 1797 4159 in
1820 4097 1896 4161 Mac.
1928 4093 1998 4174 Vll,
2025 4095 2112 4160 1326
2126 4097 2188 4181 sol.
2216 4095 2282 4160 119
2303 4100 2348 4160 an
2369 4096 2450 4182 Kyt.

637 4199 740 4266 Sr-A.
764 4223 803 4264 zu
826 4201 967 4264 Maincter
991 4199 1059 4282 (A).
1099 4199 1313 4284 Manpeltraste
1334 4200 1469 4266 Abselr.
1494 4203 1547 4266 dea
1571 4199 1621 4266 16.
1646 4201 1759 4268 Jahrb.
1783 4206 1826 4266 im
1849 4201 1925 4288 Kop.
1951 4199 2064 4281 XXII,
2090 4201 2187 4281 1471,
2204 4204 2266 4288 jot
2292 4201 2310 4264 1
2333 4207 2367 4266 in
2391 4205 2451 4266 der

634 4305 706 4391 Kpl.
725 4305 811 4372 Bibl.
836 4329 876 4370 zu
891 4305 1068 4370 Hannooer.
1115 4303 1298 4390 Unqencucr
1321 4305 1430 4370 Druck
1458 4305 1592 4386 Gruter,
1622 4307 1709 4393 Oriq.
1727 4307 1835 4374 Maon.
1860 4305 1892 4372 S.
1908 4307 1985 4386 212,
2010 4308 2134 4372 dccccli
2152 4307 2265 4392 Repest
2279 4333 2305 4374 v.
2322 4307 2451 4374 Bodeti-

636 4412 720 4498 bary,
740 4411 945 4498 Colcnberper
964 4411 996 4474 U
997 4411 1036 4474 B.
1053 4411 1148 4478 Abit.
1167 4410 1230 4490 III,
1253 4411 1285 4477 S.
1302 4411 1368 4476 254
1385 4411 1447 4478 Nr.
1469 4411 1549 4488 1055
1575 4412 1723 4478 Zeitadm
1746 4415 1776 4477 ἄ.
1793 4415 1864 4480 laist.
1891 4411 1958 4481 Ver.
1974 4416 2006 4498 f.
2024 4412 2271 4478 Nicderaacltacn
2286 4413 2338 4500 ἄρ.
2357 4413 2450 4480 1887

636 4517 669 4584 S.
696 4517 758 4581 144
783 4516 842 4582 Nr.
868 4515 942 4584 174.

1374 4683 1484 4760 1228.

421 4809 569 4896 Bisclioy
605 4808 747 4899 Volqatn
773 4830 838 4878 oon
867 4807 1015 4879 Mindon
1042 4807 1205 4880 bairandei
1231 4810 1457 4899 Recipaatr'oc
1485 4811 1545 4881 dcc
1574 4811 1730 4882 Districli
1755 4833 1821 4882 oon
1844 4811 1908 4881 der
1926 4810 2037 4882 Horat
2063 4809 2136 4900 auf
2156 4811 2213 4881 dic
2240 4809 2353 4900 Voptci
2380 4809 2448 4880 des

487 4915 563 4985 dem
591 4914 785 5002 Morircttft
811 4937 873 4985 vor
901 4913 1050 4986 Miudcn
1074 4915 1256 5004 pelrdripcn
1283 4915 1394 5003 Hofea
1421 4917 1458 4986 in
1485 4913 1720 4988 Borlrhnuscn.
1777 4916 1968 5007 Rciaebcrp
1996 4914 2098 4988 1281
2130 4915 2319 4988 November
2344 4913 2378 4990 1.

526 5032 711 5115 Volquinus
739 5033 799 5098 Dei
826 5033 936 5116 gracia
959 5033 1141 5098 Mindensis
1176 5033 1313 5098 ecclesie
1348 5033 1523 5117 episcopus
1558 5035 1724 5118 omnibus,
1759 5035 1802 5101 ad
1837 5055 1921 5118 quos
1955 5035 2020 5100 hoc
2048 5033 2211 5117 scriptum
2241 5034 2445 5117 pervenerit,

419 5139 561 5205 salutern
583 5140 619 5204 in
643 5138 792 5204 Domino.
839 5139 893 5204 Ad
921 5139 1127 5222 singulorum
1155 5139 1311 5204 noticiam
1339 5139 1493 5222 cupimus
1515 5141 1701 5223 pervenire,
1733 5142 1826 5224 quod
1849 5140 2046 5206 Thiden'cus
2071 5140 2180 5206 dictus
2204 5141 2246 5205 de
2271 5140 2370 5204 Horst
2399 5139 2445 5203 de

420 5265 586 5312 consensu
608 5245 720 5310 uxoris
744 5264 803 5310 sue
826 5265 864 5310 ac
886 5245 947 5310 filii
970 5245 1022 5310 sui
1045 5244 1267 5327 advocaciam,
1291 5265 1392 5327 quam
1415 5246 1561 5312 habebat
1583 5247 1618 5312 in
1641 5248 1733 5312 curia
1748 5247 1942 5313 Barchusen
1965 5249 1999 5312 et
2020 5246 2056 5311 in
2079 5245 2152 5312 aliis
2176 5245 2274 5312 bonis
2298 5243 2445 5310 ecclesie

418 5351 526 5417 sancti
547 5351 698 5418 Mauricii
722 5352 763 5417 de
787 5351 900 5417 Insula
929 5351 1079 5433 dyocesis
1102 5351 1225 5432 nostre,
1249 5349 1384 5416 domino
1408 5352 1523 5418 abbati
1544 5354 1675 5437 totique
1699 5353 1876 5418 conventui
1900 5352 2050 5418 eiusdem
2072 5352 2266 5417 monasterii
2290 5349 2443 5416 vendidit
