<?xml version="1.0" encoding="UTF-8"?>
<!DOCTYPE html PUBLIC "-//W3C//DTD XHTML 1.0 Transitional//EN"
    "http://www.w3.org/TR/xhtml1/DTD/xhtml1-transitional.dtd">
<html xmlns="http://www.w3.org/1999/xhtml" xml:lang="en" lang="en">
 <head>
  <title>
</title>
<meta http-equiv="Content-Type" content="text/html;charset=utf-8" />
  <meta name='ocr-system' content='tesseract 3.04.00' />
  <meta name='ocr-capabilities' content='ocr_page ocr_carea ocr_par ocr_line ocrx_word'/>
</head>
<body>
  <div class='ocr_page' id='page_1' title='image "./westflischesurk00westgoog_0037.png"; bbox 0 0 5174 6798; ppageno 0'>
   <div class='ocr_carea' id='block_1_1' title="bbox 1355 476 1528 534">
    <p class='ocr_par' dir='ltr' id='par_1_1' title="bbox 1355 476 1528 534">
     <span class='ocr_line' id='line_1_1' title="bbox 1355 476 1528 534; baseline -0.012 0"><span class='ocrx_word' id='word_1_1' title='bbox 1355 477 1451 534; x_wconf 80' lang='lat'>1215-</span> <span class='ocrx_word' id='word_1_2' title='bbox 1460 476 1528 532; x_wconf 78' lang='lat'>1216</span> 
     </span>
    </p>
   </div>
   <div class='ocr_carea' id='block_1_2' title="bbox 637 675 2450 978">
    <p class='ocr_par' dir='ltr' id='par_1_2' title="bbox 637 675 2450 978">
     <span class='ocr_line' id='line_1_2' title="bbox 639 675 2450 773; baseline 0.009 -34"><span class='ocrx_word' id='word_1_3' title='bbox 639 676 852 740; x_wconf 74' lang='lat' dir='ltr'>ausdraiclcla&#39;oh</span> <span class='ocrx_word' id='word_1_4' title='bbox 875 677 932 742; x_wconf 85' lang='lat' dir='ltr'>der</span> <span class='ocrx_word' id='word_1_5' title='bbox 954 675 1077 760; x_wconf 81' lang='lat' dir='ltr'>Grofea</span> <span class='ocrx_word' id='word_1_6' title='bbox 1098 699 1156 742; x_wconf 82' lang='lat' dir='ltr'>voa</span> <span class='ocrx_word' id='word_1_7' title='bbox 1185 675 1287 764; x_wconf 75' lang='lat' dir='ltr'>Wrtpe</span> <span class='ocrx_word' id='word_1_8' title='bbox 1311 676 1362 742; x_wconf 74' lang='lat' dir='ltr'>bet</span> <span class='ocrx_word' id='word_1_9' title='bbox 1382 675 1441 743; x_wconf 85' lang='lat' dir='ltr'>den</span> <span class='ocrx_word' id='word_1_10' title='bbox 1464 680 1606 766; x_wconf 76' lang='lat' dir='ltr'>dorm&#39;qen</span> <span class='ocrx_word' id='word_1_11' title='bbox 1629 677 1837 768; x_wconf 66' lang='lat' dir='ltr'>Beaitzanpea</span> <span class='ocrx_word' id='word_1_12' title='bbox 1864 685 1917 748; x_wconf 81' lang='lat' dir='ltr'>dea</span> <span class='ocrx_word' id='word_1_13' title='bbox 1940 681 2098 750; x_wconf 78' lang='lat' dir='ltr'>Mirabila‘a</span> <span class='ocrx_word' id='word_1_14' title='bbox 2127 685 2262 773; x_wconf 64' lang='lat' dir='ltr'>pedania</span> <span class='ocrx_word' id='word_1_15' title='bbox 2309 689 2363 756; x_wconf 80' lang='lat' dir='ltr'>Aa</span> <span class='ocrx_word' id='word_1_16' title='bbox 2390 692 2450 756; x_wconf 80' lang='lat' dir='ltr'>dae</span> 
     </span>
     <span class='ocr_line' id='line_1_3' title="bbox 638 779 2450 875; baseline 0.01 -30"><span class='ocrx_word' id='word_1_17' title='bbox 638 779 1052 869; x_wconf 71' lang='lat' dir='ltr'>heppo-Schoamburqieehe</span> <span class='ocrx_word' id='word_1_18' title='bbox 1081 780 1263 868; x_wconf 74' lang='lat' dir='ltr'>Vomhoyen</span> <span class='ocrx_word' id='word_1_19' title='bbox 1285 784 1407 848; x_wconf 78' lang='lat' dir='ltr'><strong><em>werden</em></strong></span> <span class='ocrx_word' id='word_1_20' title='bbox 1429 789 1489 848; x_wconf 68' lang='lat' dir='ltr'>aar</span> <span class='ocrx_word' id='word_1_21' title='bbox 1511 787 1579 852; x_wconf 82' lang='lat' dir='ltr'>hier</span> <span class='ocrx_word' id='word_1_22' title='bbox 1602 789 1669 851; x_wconf 83' lang='lat' dir='ltr'>aleo</span> <span class='ocrx_word' id='word_1_23' title='bbox 1693 787 1743 853; x_wconf 79' lang='lat' dir='ltr'>bei</span> <span class='ocrx_word' id='word_1_24' title='bbox 1764 792 1985 875; x_wconf 82' lang='lat' dir='ltr'>Vorenhagen</span> <span class='ocrx_word' id='word_1_25' title='bbox 2008 815 2047 856; x_wconf 82' lang='lat' dir='ltr'>za</span> <span class='ocrx_word' id='word_1_26' title='bbox 2069 793 2188 859; x_wconf 75' lang='lat' dir='ltr'>dealem</span> <span class='ocrx_word' id='word_1_27' title='bbox 2210 795 2344 861; x_wconf 81' lang='lat' dir='ltr'>lraben.“</span> <span class='ocrx_word' id='word_1_28' title='bbox 2376 796 2450 863; x_wconf 84' lang='lat' dir='ltr'>Wil-</span> 
     </span>
     <span class='ocr_line' id='line_1_4' title="bbox 637 886 2014 978; baseline 0.007 -26"><span class='ocrx_word' id='word_1_29' title='bbox 637 912 738 952; x_wconf 82' lang='lat' dir='ltr'>monc.</span> <span class='ocrx_word' id='word_1_30' title='bbox 769 886 838 974; x_wconf 66' lang='lat' dir='ltr'>Vqr.</span> <span class='ocrx_word' id='word_1_31' title='bbox 865 889 1003 976; x_wconf 68' lang='lat' dir='ltr'>doqeyea</span> <span class='ocrx_word' id='word_1_32' title='bbox 1026 889 1076 954; x_wconf 80' lang='lat' dir='ltr'>die</span> <span class='ocrx_word' id='word_1_33' title='bbox 1099 888 1348 974; x_wconf 59' lang='lat' dir='ltr'>Aaffdhranpen</span> <span class='ocrx_word' id='word_1_34' title='bbox 1369 913 1397 954; x_wconf 85' lang='lat' dir='ltr'>o.</span> <span class='ocrx_word' id='word_1_35' title='bbox 1421 889 1624 978; x_wconf 72' lang='lat' dir='ltr'>Hodenberpa</span> <span class='ocrx_word' id='word_1_36' title='bbox 1647 918 1676 960; x_wconf 87' lang='lat' dir='ltr'>a.</span> <span class='ocrx_word' id='word_1_37' title='bbox 1703 919 1733 961; x_wconf 89' lang='lat' dir='ltr'>a.</span> <span class='ocrx_word' id='word_1_38' title='bbox 1758 893 1796 959; x_wconf 91' lang='lat'>0.</span> <span class='ocrx_word' id='word_1_39' title='bbox 1820 918 1859 959; x_wconf 84' lang='lat' dir='ltr'>za</span> <span class='ocrx_word' id='word_1_40' title='bbox 1882 895 1959 961; x_wconf 90' lang='lat' dir='ltr'>Nro.</span> <span class='ocrx_word' id='word_1_41' title='bbox 1986 897 2014 964; x_wconf 83' lang='lat'>1.</span> 
     </span>
    </p>
   </div>
   <div class='ocr_carea' id='block_1_3' title="bbox 1406 1037 1472 1114">
    <p class='ocr_par' dir='ltr' id='par_1_3' title="bbox 1406 1037 1472 1114">
     <span class='ocr_line' id='line_1_5' title="bbox 1406 1037 1472 1114; baseline 0.015 -1"><span class='ocrx_word' id='word_1_42' title='bbox 1406 1037 1472 1114; x_wconf 86' lang='grc'>64.</span> 
     </span>
    </p>
   </div>
   <div class='ocr_carea' id='block_1_4' title="bbox 423 1161 2449 1587">
    <p class='ocr_par' dir='ltr' id='par_1_4' title="bbox 423 1161 2449 1587">
     <span class='ocr_line' id='line_1_6' title="bbox 423 1161 2449 1263; baseline 0.005 -28"><span class='ocrx_word' id='word_1_43' title='bbox 423 1163 525 1252; x_wconf 78' lang='lat' dir='ltr'>Graf</span> <span class='ocrx_word' id='word_1_44' title='bbox 555 1162 741 1233; x_wconf 83' lang='lat' dir='ltr'>Beralrard</span> <span class='ocrx_word' id='word_1_45' title='bbox 773 1183 834 1232; x_wconf 83' lang='lat' dir='ltr'>roa</span> <span class='ocrx_word' id='word_1_46' title='bbox 872 1161 991 1254; x_wconf 81' lang='lat' dir='ltr'>Wo‘lpe</span> <span class='ocrx_word' id='word_1_47' title='bbox 1022 1161 1158 1234; x_wconf 68' lang='lat' dir='ltr'>schenkl</span> <span class='ocrx_word' id='word_1_48' title='bbox 1190 1161 1266 1233; x_wconf 85' lang='lat' dir='ltr'>dem</span> <span class='ocrx_word' id='word_1_49' title='bbox 1300 1161 1361 1237; x_wconf 89' lang='lat' dir='ltr'>Kl.</span> <span class='ocrx_word' id='word_1_50' title='bbox 1392 1163 1590 1236; x_wconf 78' lang='lat' dir='ltr'>Martensee</span> <span class='ocrx_word' id='word_1_51' title='bbox 1622 1166 1775 1238; x_wconf 82' lang='lat' dir='ltr'>mehrcre</span> <span class='ocrx_word' id='word_1_52' title='bbox 1804 1169 1925 1258; x_wconf 71' lang='lat' dir='ltr'>(litter,</span> <span class='ocrx_word' id='word_1_53' title='bbox 1967 1171 2133 1244; x_wconf 85' lang='lat' dir='ltr'>doraatcr</span> <span class='ocrx_word' id='word_1_54' title='bbox 2166 1174 2264 1244; x_wconf 84' lang='lat' dir='ltr'>cinea</span> <span class='ocrx_word' id='word_1_55' title='bbox 2296 1174 2380 1263; x_wconf 75' lang='lat' dir='ltr'>Hos</span> <span class='ocrx_word' id='word_1_56' title='bbox 2404 1197 2449 1246; x_wconf 77' lang='lat' dir='ltr'>au</span> 
     </span>
     <span class='ocr_line' id='line_1_7' title="bbox 1106 1268 1761 1364; baseline 0.017 -26"><span class='ocrx_word' id='word_1_57' title='bbox 1106 1268 1314 1364; x_wconf 80' lang='lat' dir='ltr'>Meringen.</span> <span class='ocrx_word' id='word_1_58' title='bbox 1368 1272 1461 1342; x_wconf 80' lang='lat'><strong><em>1215</em></strong></span> <span class='ocrx_word' id='word_1_59' title='bbox 1488 1271 1676 1342; x_wconf 79' lang='lat' dir='ltr'>Deraarbcr</span> <span class='ocrx_word' id='word_1_60' title='bbox 1702 1275 1761 1349; x_wconf 81' lang='grc'>27.</span> 
     </span>
     <span class='ocr_line' id='line_1_8' title="bbox 555 1369 2449 1484; baseline 0.007 -32"><span class='ocrx_word' id='word_1_61' title='bbox 555 1385 650 1452; x_wconf 51' lang='lat' dir='ltr'>cerri.</span> <span class='ocrx_word' id='word_1_62' title='bbox 678 1384 767 1472; x_wconf 60' lang='lat' dir='ltr'>oley.</span> <span class='ocrx_word' id='word_1_63' title='bbox 793 1383 896 1463; x_wconf 63' lang='lat' dir='ltr'>enarr</span> <span class='ocrx_word' id='word_1_64' title='bbox 922 1381 981 1464; x_wconf 88' lang='lat' dir='ltr'>rv,</span> <span class='ocrx_word' id='word_1_65' title='bbox 1016 1383 1089 1463; x_wconf 79' lang='lat' dir='ltr'>rra,</span> <span class='ocrx_word' id='word_1_66' title='bbox 1121 1383 1239 1462; x_wconf 73' lang='lat' dir='ltr'>arear,</span> <span class='ocrx_word' id='word_1_67' title='bbox 1272 1369 1701 1473; x_wconf 59' lang='lat' dir='ltr'>concernendam,</span> <span class='ocrx_word' id='word_1_68' title='bbox 1728 1389 1779 1469; x_wconf 83' lang='lat' dir='ltr'>rs,</span> <span class='ocrx_word' id='word_1_69' title='bbox 1806 1389 1840 1458; x_wconf 82' lang='lat' dir='ltr'>s.</span> <span class='ocrx_word' id='word_1_70' title='bbox 1864 1391 1929 1456; x_wconf 81' lang='lat' dir='ltr'>arr</span> <span class='ocrx_word' id='word_1_71' title='bbox 1956 1390 2031 1457; x_wconf 75' lang='lat' dir='ltr'>rao.</span> <span class='ocrx_word' id='word_1_72' title='bbox 2054 1394 2087 1474; x_wconf 84' lang='lat' dir='ltr'>a,</span> <span class='ocrx_word' id='word_1_73' title='bbox 2114 1419 2140 1461; x_wconf 71' lang='lat' dir='ltr'>v.</span> <span class='ocrx_word' id='word_1_74' title='bbox 2165 1394 2361 1484; x_wconf 62' lang='lat' dir='ltr'>rroaencaq,</span> <span class='ocrx_word' id='word_1_75' title='bbox 2389 1399 2449 1464; x_wconf 76' lang='lat' dir='ltr'>ca-</span> 
     </span>
     <span class='ocr_line' id='line_1_9' title="bbox 635 1489 2278 1587; baseline 0.006 -32"><span class='ocrx_word' id='word_1_76' title='bbox 635 1492 796 1578; x_wconf 71' lang='lat' dir='ltr'>lenberyer</span> <span class='ocrx_word' id='word_1_77' title='bbox 823 1489 894 1554; x_wconf 76' lang='grc' dir='ltr'>ΠΒ.</span> <span class='ocrx_word' id='word_1_78' title='bbox 919 1491 1013 1555; x_wconf 75' lang='lat' dir='ltr'>Abra.</span> <span class='ocrx_word' id='word_1_79' title='bbox 1044 1489 1079 1558; x_wconf 89' lang='lat' dir='ltr'>V.</span> <span class='ocrx_word' id='word_1_80' title='bbox 1106 1489 1139 1558; x_wconf 81' lang='lat' dir='ltr'>S.</span> <span class='ocrx_word' id='word_1_81' title='bbox 1167 1491 1209 1554; x_wconf 80' lang='grc'>13</span> <span class='ocrx_word' id='word_1_82' title='bbox 1232 1489 1309 1558; x_wconf 86' lang='lat' dir='ltr'>Nro.</span> <span class='ocrx_word' id='word_1_83' title='bbox 1336 1491 1364 1559; x_wconf 90' lang='lat'>7.</span> <span class='ocrx_word' id='word_1_84' title='bbox 1410 1490 1517 1578; x_wconf 73' lang='lat' dir='ltr'>Weqen</span> <span class='ocrx_word' id='word_1_85' title='bbox 1540 1495 1709 1576; x_wconf 85' lang='lat' dir='ltr'>Meringeu</span> <span class='ocrx_word' id='word_1_86' title='bbox 1732 1520 1757 1563; x_wconf 82' lang='lat' dir='ltr'>r.</span> <span class='ocrx_word' id='word_1_87' title='bbox 1782 1497 1831 1561; x_wconf 84' lang='lat' dir='ltr'>dic</span> <span class='ocrx_word' id='word_1_88' title='bbox 1854 1495 1932 1562; x_wconf 83' lang='lat' dir='ltr'>Note</span> <span class='ocrx_word' id='word_1_89' title='bbox 1954 1501 2010 1564; x_wconf 79' lang='lat' dir='ltr'>der·</span> <span class='ocrx_word' id='word_1_90' title='bbox 2031 1501 2169 1587; x_wconf 71' lang='lat' dir='ltr'>aordrcrq.</span> <span class='ocrx_word' id='word_1_91' title='bbox 2199 1501 2278 1566; x_wconf 78' lang='lat' dir='ltr'>Urlc.</span> 
     </span>
    </p>
   </div>
   <div class='ocr_carea' id='block_1_5' title="bbox 1385 1639 1485 1715">
    <p class='ocr_par' dir='ltr' id='par_1_5' title="bbox 1385 1639 1485 1715">
     <span class='ocr_line' id='line_1_10' title="bbox 1385 1639 1485 1715; baseline -0.04 0"><span class='ocrx_word' id='word_1_92' title='bbox 1385 1639 1485 1715; x_wconf 68' lang='lat' dir='ltr'>ata.</span> 
     </span>
    </p>
   </div>
   <div class='ocr_carea' id='block_1_6' title="bbox 418 1763 2449 2607">
    <p class='ocr_par' dir='ltr' id='par_1_6' title="bbox 424 1763 2449 1974">
     <span class='ocr_line' id='line_1_11' title="bbox 424 1763 2449 1867; baseline 0.005 -29"><span class='ocrx_word' id='word_1_93' title='bbox 424 1765 583 1854; x_wconf 68' lang='lat' dir='ltr'>Bis-cleos</span> <span class='ocrx_word' id='word_1_94' title='bbox 612 1765 762 1837; x_wconf 84' lang='lat' dir='ltr'>Konrod</span> <span class='ocrx_word' id='word_1_95' title='bbox 795 1787 860 1835; x_wconf 84' lang='lat' dir='ltr'>coa</span> <span class='ocrx_word' id='word_1_96' title='bbox 895 1765 1045 1836; x_wconf 81' lang='lat' dir='ltr'>Mindea</span> <span class='ocrx_word' id='word_1_97' title='bbox 1084 1764 1257 1854; x_wconf 74' lang='lat' dir='ltr'>tilrrtrr&#39;ipt</span> <span class='ocrx_word' id='word_1_98' title='bbox 1290 1785 1367 1834; x_wconf 74' lang='lat' dir='ltr'>naar.</span> <span class='ocrx_word' id='word_1_99' title='bbox 1398 1763 1481 1836; x_wconf 81' lang='lat' dir='ltr'>Heil</span> <span class='ocrx_word' id='word_1_100' title='bbox 1515 1766 1628 1836; x_wconf 85' lang='lat' dir='ltr'>seincr</span> <span class='ocrx_word' id='word_1_101' title='bbox 1655 1765 1749 1838; x_wconf 84' lang='lat' dir='ltr'>Secle</span> <span class='ocrx_word' id='word_1_102' title='bbox 1789 1768 1853 1840; x_wconf 87' lang='lat' dir='ltr'>dea</span> <span class='ocrx_word' id='word_1_103' title='bbox 1886 1771 2006 1843; x_wconf 82' lang='lat' dir='ltr'>halben</span> <span class='ocrx_word' id='word_1_104' title='bbox 2034 1773 2184 1846; x_wconf 82' lang='lat' dir='ltr'>chratca</span> <span class='ocrx_word' id='word_1_105' title='bbox 2210 1776 2247 1844; x_wconf 86' lang='lat' dir='ltr'>ia</span> <span class='ocrx_word' id='word_1_106' title='bbox 2276 1775 2449 1867; x_wconf 83' lang='lat' dir='ltr'>Meiasea,</span> 
     </span>
     <span class='ocr_line' id='line_1_12' title="bbox 498 1869 2381 1974; baseline 0.005 -31"><span class='ocrx_word' id='word_1_107' title='bbox 498 1873 564 1943; x_wconf 88' lang='lat' dir='ltr'>dea</span> <span class='ocrx_word' id='word_1_108' title='bbox 591 1873 661 1942; x_wconf 80' lang='lat' dir='ltr'>ihm·</span> <span class='ocrx_word' id='word_1_109' title='bbox 689 1873 803 1944; x_wconf 80' lang='lat' dir='ltr'>Riltrr</span> <span class='ocrx_word' id='word_1_110' title='bbox 830 1869 999 1943; x_wconf 81' lang='lat' dir='ltr'>Heinrich</span> <span class='ocrx_word' id='word_1_111' title='bbox 1027 1871 1068 1941; x_wconf 86' lang='lat' dir='ltr'>dc</span> <span class='ocrx_word' id='word_1_112' title='bbox 1097 1870 1178 1941; x_wconf 83' lang='lat' dir='ltr'>Gcle</span> <span class='ocrx_word' id='word_1_113' title='bbox 1205 1871 1387 1960; x_wconf 74' lang='lat' dir='ltr'>rcsipar&#39;ert</span> <span class='ocrx_word' id='word_1_114' title='bbox 1413 1870 1481 1958; x_wconf 81' lang='lat' dir='ltr'>hat,</span> <span class='ocrx_word' id='word_1_115' title='bbox 1509 1872 1586 1942; x_wconf 84' lang='lat' dir='ltr'>dem</span> <span class='ocrx_word' id='word_1_116' title='bbox 1614 1873 1673 1947; x_wconf 84' lang='lat' dir='ltr'>Kl.</span> <span class='ocrx_word' id='word_1_117' title='bbox 1704 1872 1962 1947; x_wconf 81' lang='lat' dir='ltr'>Obcralrirclrca.</span> <span class='ocrx_word' id='word_1_118' title='bbox 2021 1876 2057 1949; x_wconf 91' lang='lat'>0.</span> <span class='ocrx_word' id='word_1_119' title='bbox 2086 1880 2132 1956; x_wconf 90' lang='lat' dir='ltr'>D.</span> <span class='ocrx_word' id='word_1_120' title='bbox 2160 1881 2235 1970; x_wconf 86' lang='lat' dir='ltr'>(am</span> <span class='ocrx_word' id='word_1_121' title='bbox 2263 1885 2381 1974; x_wconf 84' lang='lat'><em>1215).</em></span> 
     </span>
    </p>

    <p class='ocr_par' dir='ltr' id='par_1_7' title="bbox 526 1988 2447 2077">
     <span class='ocr_line' id='line_1_13' title="bbox 526 1988 2447 2077; baseline 0.006 -23"><span class='ocrx_word' id='word_1_122' title='bbox 526 1991 664 2056; x_wconf 89' lang='lat' dir='ltr'>Testes.</span> <span class='ocrx_word' id='word_1_123' title='bbox 680 2041 687 2053; x_wconf 86' lang='lat'><em>.</em></span> <span class='ocrx_word' id='word_1_124' title='bbox 703 2041 708 2054; x_wconf 95' lang='lat'><em>.</em></span> <span class='ocrx_word' id='word_1_125' title='bbox 724 1996 817 2055; x_wconf 87' lang='lat' dir='ltr'>sunt:</span> <span class='ocrx_word' id='word_1_126' title='bbox 841 1990 920 2054; x_wconf 93' lang='lat' dir='ltr'>Otto</span> <span class='ocrx_word' id='word_1_127' title='bbox 937 1989 1043 2053; x_wconf 90' lang='lat' dir='ltr'>maior</span> <span class='ocrx_word' id='word_1_128' title='bbox 1057 1989 1258 2071; x_wconf 89' lang='lat' dir='ltr'>prepositus,</span> <span class='ocrx_word' id='word_1_129' title='bbox 1276 1988 1452 2052; x_wconf 89' lang='lat' dir='ltr'>Heinricus</span> <span class='ocrx_word' id='word_1_130' title='bbox 1470 1990 1625 2070; x_wconf 87' lang='lat' dir='ltr'>decanus,</span> <span class='ocrx_word' id='word_1_131' title='bbox 1643 1989 1842 2058; x_wconf 86' lang='lat' dir='ltr'>Godefridus</span> <span class='ocrx_word' id='word_1_132' title='bbox 1859 1995 2062 2077; x_wconf 90' lang='lat' dir='ltr'>scolasticus,</span> <span class='ocrx_word' id='word_1_133' title='bbox 2079 1998 2283 2064; x_wconf 91' lang='lat' dir='ltr'>Wemherus</span> <span class='ocrx_word' id='word_1_134' title='bbox 2300 2001 2341 2065; x_wconf 91' lang='lat' dir='ltr'>de</span> <span class='ocrx_word' id='word_1_135' title='bbox 2358 2002 2447 2066; x_wconf 89' lang='lat' dir='ltr'>Arn-</span> 
     </span>
    </p>

    <p class='ocr_par' dir='ltr' id='par_1_8' title="bbox 418 2094 2445 2190">
     <span class='ocr_line' id='line_1_14' title="bbox 418 2094 2445 2190; baseline 0.005 -28"><span class='ocrx_word' id='word_1_136' title='bbox 418 2097 519 2178; x_wconf 91' lang='lat' dir='ltr'>heim,</span> <span class='ocrx_word' id='word_1_137' title='bbox 544 2097 721 2161; x_wconf 90' lang='lat' dir='ltr'>Heinricus</span> <span class='ocrx_word' id='word_1_138' title='bbox 745 2097 846 2161; x_wconf 87' lang='lat' dir='ltr'>frater</span> <span class='ocrx_word' id='word_1_139' title='bbox 870 2096 1031 2174; x_wconf 86' lang='lat' dir='ltr'>advocati,</span> <span class='ocrx_word' id='word_1_140' title='bbox 1055 2094 1230 2158; x_wconf 86' lang='lat' dir='ltr'>Wulverus</span> <span class='ocrx_word' id='word_1_141' title='bbox 1252 2094 1422 2175; x_wconf 69' lang='lat' dir='ltr'>diaconus</span> <span class='ocrx_word' id='word_1_142' title='bbox 1448 2094 1623 2159; x_wconf 87' lang='lat' dir='ltr'>Heinrieus</span> <span class='ocrx_word' id='word_1_143' title='bbox 1640 2097 1681 2162; x_wconf 91' lang='lat' dir='ltr'>de</span> <span class='ocrx_word' id='word_1_144' title='bbox 1699 2097 1887 2174; x_wconf 86' lang='lat' dir='ltr'>Honovere,</span> <span class='ocrx_word' id='word_1_145' title='bbox 1910 2100 2025 2166; x_wconf 91' lang='lat' dir='ltr'>Bruno</span> <span class='ocrx_word' id='word_1_146' title='bbox 2041 2103 2266 2169; x_wconf 84' lang='lat' dir='ltr'>subdiaconus</span> <span class='ocrx_word' id='word_1_147' title='bbox 2282 2109 2316 2171; x_wconf 91' lang='lat' dir='ltr'>et</span> <span class='ocrx_word' id='word_1_148' title='bbox 2331 2107 2445 2190; x_wconf 92' lang='lat' dir='ltr'>plures</span> 
     </span>
    </p>

    <p class='ocr_par' dir='ltr' id='par_1_9' title="bbox 420 2201 2443 2376">
     <span class='ocr_line' id='line_1_15' title="bbox 420 2201 2443 2294; baseline 0.004 -25"><span class='ocrx_word' id='word_1_149' title='bbox 420 2204 475 2268; x_wconf 90' lang='lat' dir='ltr'>alii</span> <span class='ocrx_word' id='word_1_150' title='bbox 501 2204 621 2269; x_wconf 89' lang='lat' dir='ltr'>diversi</span> <span class='ocrx_word' id='word_1_151' title='bbox 649 2204 774 2268; x_wconf 85' lang='lat' dir='ltr'>ordinis</span> <span class='ocrx_word' id='word_1_152' title='bbox 799 2203 921 2282; x_wconf 89' lang='lat' dir='ltr'>clerici,</span> <span class='ocrx_word' id='word_1_153' title='bbox 950 2201 1024 2266; x_wconf 91' lang='lat' dir='ltr'>laici</span> <span class='ocrx_word' id='word_1_154' title='bbox 1052 2221 1131 2266; x_wconf 90' lang='lat' dir='ltr'>vero</span> <span class='ocrx_word' id='word_1_155' title='bbox 1155 2202 1254 2265; x_wconf 85' lang='lat' dir='ltr'>Anno</span> <span class='ocrx_word' id='word_1_156' title='bbox 1286 2201 1388 2266; x_wconf 85' lang='lat' dir='ltr'>frater</span> <span class='ocrx_word' id='word_1_157' title='bbox 1417 2201 1595 2283; x_wconf 80' lang='lat' dir='ltr'>prepositi,</span> <span class='ocrx_word' id='word_1_158' title='bbox 1625 2204 1796 2280; x_wconf 88' lang='lat' dir='ltr'>Amoldus</span> <span class='ocrx_word' id='word_1_159' title='bbox 1826 2206 2049 2290; x_wconf 66' lang='lat' dir='ltr'>(temerariae,</span> <span class='ocrx_word' id='word_1_160' title='bbox 2085 2209 2247 2275; x_wconf 87' lang='lat' dir='ltr'>Ludollus</span> <span class='ocrx_word' id='word_1_161' title='bbox 2274 2213 2443 2294; x_wconf 80' lang='lat' dir='ltr'>pincerna,</span> 
     </span>
     <span class='ocr_line' id='line_1_16' title="bbox 422 2308 1145 2376; baseline -0.007 -1"><span class='ocrx_word' id='word_1_162' title='bbox 422 2311 597 2375; x_wconf 88' lang='lat' dir='ltr'>Conradus</span> <span class='ocrx_word' id='word_1_163' title='bbox 621 2313 654 2376; x_wconf 92' lang='lat' dir='ltr'>et</span> <span class='ocrx_word' id='word_1_164' title='bbox 678 2311 877 2374; x_wconf 89' lang='lat' dir='ltr'>Hartbertus</span> <span class='ocrx_word' id='word_1_165' title='bbox 902 2311 943 2374; x_wconf 91' lang='lat' dir='ltr'>de</span> <span class='ocrx_word' id='word_1_166' title='bbox 966 2308 1145 2373; x_wconf 84' lang='lat' dir='ltr'>blandesle.</span> 
     </span>
    </p>

    <p class='ocr_par' dir='ltr' id='par_1_10' title="bbox 553 2410 2443 2509">
     <span class='ocr_line' id='line_1_17' title="bbox 553 2410 2443 2509; baseline 0.005 -29"><span class='ocrx_word' id='word_1_167' title='bbox 553 2416 608 2483; x_wconf 89' lang='lat' dir='ltr'>Or.</span> <span class='ocrx_word' id='word_1_168' title='bbox 632 2419 676 2480; x_wconf 83' lang='lat' dir='ltr'>im</span> <span class='ocrx_word' id='word_1_169' title='bbox 699 2416 817 2480; x_wconf 81' lang='lat' dir='ltr'>Archia</span> <span class='ocrx_word' id='word_1_170' title='bbox 840 2417 893 2480; x_wconf 80' lang='lat' dir='ltr'>dea</span> <span class='ocrx_word' id='word_1_171' title='bbox 918 2414 1028 2493; x_wconf 80' lang='lat' dir='ltr'>Stiftea</span> <span class='ocrx_word' id='word_1_172' title='bbox 1051 2413 1286 2478; x_wconf 70' lang='lat' dir='ltr'>Obernldrelren.</span> <span class='ocrx_word' id='word_1_173' title='bbox 1335 2410 1439 2497; x_wconf 71' lang='lat' dir='ltr'>Siepel</span> <span class='ocrx_word' id='word_1_174' title='bbox 1465 2413 1518 2476; x_wconf 84' lang='lat' dir='ltr'>dea</span> <span class='ocrx_word' id='word_1_175' title='bbox 1542 2413 1691 2499; x_wconf 64' lang='lat' dir='ltr'>Brachofc</span> <span class='ocrx_word' id='word_1_176' title='bbox 1717 2437 1784 2480; x_wconf 85' lang='lat' dir='ltr'>eom</span> <span class='ocrx_word' id='word_1_177' title='bbox 1807 2415 2123 2504; x_wconf 70' lang='lat' dir='ltr'>Perqameatatreafen</span> <span class='ocrx_word' id='word_1_178' title='bbox 2149 2443 2207 2485; x_wconf 79' lang='lat' dir='ltr'>zur</span> <span class='ocrx_word' id='word_1_179' title='bbox 2228 2421 2340 2509; x_wconf 80' lang='lat' dir='ltr'>Hdlste</span> <span class='ocrx_word' id='word_1_180' title='bbox 2368 2427 2443 2507; x_wconf 80' lang='lat' dir='ltr'>sort.</span> 
     </span>
    </p>

    <p class='ocr_par' dir='ltr' id='par_1_11' title="bbox 636 2517 1839 2607">
     <span class='ocr_line' id='line_1_18' title="bbox 636 2517 1839 2607; baseline -0.001 -20"><span class='ocrx_word' id='word_1_181' title='bbox 636 2521 730 2589; x_wconf 79' lang='lat' dir='ltr'>Gedr.</span> <span class='ocrx_word' id='word_1_182' title='bbox 762 2519 983 2607; x_wconf 64' lang='lat' dir='ltr'>mppennann</span> <span class='ocrx_word' id='word_1_183' title='bbox 1011 2518 1042 2582; x_wconf 88' lang='lat' dir='ltr'><em>U</em></span> <span class='ocrx_word' id='word_1_184' title='bbox 1043 2519 1084 2583; x_wconf 90' lang='lat' dir='ltr'>B.</span> <span class='ocrx_word' id='word_1_185' title='bbox 1109 2520 1162 2583; x_wconf 80' lang='lat' dir='ltr'>dea</span> <span class='ocrx_word' id='word_1_186' title='bbox 1184 2517 1277 2604; x_wconf 72' lang='lat' dir='ltr'>Strflc</span> <span class='ocrx_word' id='word_1_187' title='bbox 1300 2517 1533 2584; x_wconf 80' lang='lat' dir='ltr'>Obernkirehen</span> <span class='ocrx_word' id='word_1_188' title='bbox 1558 2518 1591 2587; x_wconf 78' lang='lat' dir='ltr'>S.</span> <span class='ocrx_word' id='word_1_189' title='bbox 1619 2519 1660 2583; x_wconf 79' lang='grc'>14</span> <span class='ocrx_word' id='word_1_190' title='bbox 1684 2519 1761 2586; x_wconf 88' lang='lat' dir='ltr'>Nro.</span> <span class='ocrx_word' id='word_1_191' title='bbox 1785 2521 1839 2586; x_wconf 82' lang='lat'>36.</span> 
     </span>
    </p>
   </div>
   <div class='ocr_carea' id='block_1_7' title="bbox 1402 2680 1468 2758">
    <p class='ocr_par' dir='ltr' id='par_1_12' title="bbox 1402 2680 1468 2758">
     <span class='ocr_line' id='line_1_19' title="bbox 1402 2680 1468 2758; baseline 0 -1"><span class='ocrx_word' id='word_1_192' title='bbox 1402 2680 1468 2758; x_wconf 84' lang='grc'>65.</span> 
     </span>
    </p>
   </div>
   <div class='ocr_carea' id='block_1_8' title="bbox 420 2808 2444 3330">
    <p class='ocr_par' dir='ltr' id='par_1_13' title="bbox 420 2808 2443 3114">
     <span class='ocr_line' id='line_1_20' title="bbox 420 2808 2443 2907; baseline 0.002 -21"><span class='ocrx_word' id='word_1_193' title='bbox 420 2815 491 2887; x_wconf 79' lang='lat' dir='ltr'>Dio</span> <span class='ocrx_word' id='word_1_194' title='bbox 528 2814 701 2902; x_wconf 69' lang='lat' dir='ltr'>dliclfraa</span> <span class='ocrx_word' id='word_1_195' title='bbox 734 2811 949 2882; x_wconf 84' lang='lat' dir='ltr'>Erraeatrad</span> <span class='ocrx_word' id='word_1_196' title='bbox 982 2833 1052 2880; x_wconf 81' lang='lat' dir='ltr'>rom</span> <span class='ocrx_word' id='word_1_197' title='bbox 1090 2810 1152 2881; x_wconf 82' lang='lat' dir='ltr'>Sec</span> <span class='ocrx_word' id='word_1_198' title='bbox 1182 2810 1372 2900; x_wconf 72' lang='lat' dir='ltr'>pcnehmipt</span> <span class='ocrx_word' id='word_1_199' title='bbox 1399 2808 1465 2880; x_wconf 84' lang='lat' dir='ltr'>olea</span> <span class='ocrx_word' id='word_1_200' title='bbox 1504 2831 1567 2880; x_wconf 83' lang='lat' dir='ltr'>eon</span> <span class='ocrx_word' id='word_1_201' title='bbox 1600 2811 1709 2882; x_wconf 74' lang='lat' dir='ltr'>tarem</span> <span class='ocrx_word' id='word_1_202' title='bbox 1743 2811 1851 2883; x_wconf 74' lang='lat' dir='ltr'>Sarno</span> <span class='ocrx_word' id='word_1_203' title='bbox 1883 2811 2039 2884; x_wconf 83' lang='lat' dir='ltr'>Dietrich</span> <span class='ocrx_word' id='word_1_204' title='bbox 2072 2838 2146 2886; x_wconf 84' lang='lat' dir='ltr'>vom</span> <span class='ocrx_word' id='word_1_205' title='bbox 2179 2817 2256 2907; x_wconf 83' lang='lat' dir='ltr'>Sec,</span> <span class='ocrx_word' id='word_1_206' title='bbox 2291 2819 2443 2890; x_wconf 88' lang='lat' dir='ltr'>maioris</span> 
     </span>
     <span class='ocr_line' id='line_1_21' title="bbox 420 2914 2443 3014; baseline 0.003 -24"><span class='ocrx_word' id='word_1_207' title='bbox 420 2919 577 2992; x_wconf 84' lang='lat' dir='ltr'>ecclesie</span> <span class='ocrx_word' id='word_1_208' title='bbox 605 2919 644 2989; x_wconf 90' lang='lat' dir='ltr'>in</span> <span class='ocrx_word' id='word_1_209' title='bbox 673 2917 804 2996; x_wconf 89' lang='lat' dir='ltr'>Minda</span> <span class='ocrx_word' id='word_1_210' title='bbox 832 2914 1049 3004; x_wconf 87' lang='lat' dir='ltr'>canonicus,</span> <span class='ocrx_word' id='word_1_211' title='bbox 1091 2937 1387 3006; x_wconf 73' lang='lat' dir='ltr'>rorpcaommeaea</span> <span class='ocrx_word' id='word_1_212' title='bbox 1427 2915 1585 3004; x_wconf 80' lang='lat' dir='ltr'>Vcrlaas</span> <span class='ocrx_word' id='word_1_213' title='bbox 1609 2939 1673 2988; x_wconf 82' lang='lat' dir='ltr'>aon</span> <span class='ocrx_word' id='word_1_214' title='bbox 1704 2917 1851 2988; x_wconf 82' lang='lat' dir='ltr'>haadcrl</span> <span class='ocrx_word' id='word_1_215' title='bbox 1878 2918 2102 3009; x_wconf 70' lang='lat' dir='ltr'>Letbciqeaca</span> <span class='ocrx_word' id='word_1_216' title='bbox 2133 2945 2180 2992; x_wconf 86' lang='lat' dir='ltr'>an</span> <span class='ocrx_word' id='word_1_217' title='bbox 2216 2925 2282 2996; x_wconf 85' lang='lat' dir='ltr'>dea</span> <span class='ocrx_word' id='word_1_218' title='bbox 2310 2925 2443 3014; x_wconf 79' lang='lat' dir='ltr'>Grosea</span> 
     </span>
     <span class='ocr_line' id='line_1_22' title="bbox 1014 3021 1859 3114; baseline 0.008 -22"><span class='ocrx_word' id='word_1_219' title='bbox 1014 3022 1201 3094; x_wconf 80' lang='lat' dir='ltr'>Beralrord</span> <span class='ocrx_word' id='word_1_220' title='bbox 1227 3044 1290 3092; x_wconf 84' lang='lat' dir='ltr'>eoa</span> <span class='ocrx_word' id='word_1_221' title='bbox 1326 3021 1452 3111; x_wconf 80' lang='lat' dir='ltr'>Wrilpc.</span> <span class='ocrx_word' id='word_1_222' title='bbox 1511 3022 1547 3098; x_wconf 87' lang='lat'>0.</span> <span class='ocrx_word' id='word_1_223' title='bbox 1574 3022 1608 3095; x_wconf 86' lang='lat' dir='ltr'>J.</span> <span class='ocrx_word' id='word_1_224' title='bbox 1638 3022 1713 3112; x_wconf 83' lang='lat' dir='ltr'>(nm</span> <span class='ocrx_word' id='word_1_225' title='bbox 1739 3024 1859 3114; x_wconf 82' lang='lat'><em>1215).</em></span> 
     </span>
    </p>

    <p class='ocr_par' dir='ltr' id='par_1_14' title="bbox 556 3135 2444 3330">
     <span class='ocr_line' id='line_1_23' title="bbox 556 3135 2444 3229; baseline 0.003 -23"><span class='ocrx_word' id='word_1_226' title='bbox 556 3142 611 3208; x_wconf 84' lang='lat' dir='ltr'>Or.</span> <span class='ocrx_word' id='word_1_227' title='bbox 635 3145 679 3204; x_wconf 80' lang='lat' dir='ltr'>im</span> <span class='ocrx_word' id='word_1_228' title='bbox 706 3139 777 3225; x_wconf 75' lang='lat' dir='ltr'>Kpt.</span> <span class='ocrx_word' id='word_1_229' title='bbox 805 3138 909 3206; x_wconf 77' lang='lat' dir='ltr'>sa-A.</span> <span class='ocrx_word' id='word_1_230' title='bbox 938 3162 976 3202; x_wconf 81' lang='lat' dir='ltr'>zu</span> <span class='ocrx_word' id='word_1_231' title='bbox 999 3137 1180 3209; x_wconf 84' lang='lat' dir='ltr'>Hannoeer.</span> <span class='ocrx_word' id='word_1_232' title='bbox 1210 3139 1383 3202; x_wconf 65' lang='lat' dir='ltr'>biertanam</span> <span class='ocrx_word' id='word_1_233' title='bbox 1409 3135 1470 3200; x_wconf 87' lang='lat' dir='ltr'>Nr.</span> <span class='ocrx_word' id='word_1_234' title='bbox 1493 3136 1524 3204; x_wconf 83' lang='lat'>9.</span> <span class='ocrx_word' id='word_1_235' title='bbox 1572 3137 1666 3205; x_wconf 81' lang='lat' dir='ltr'>Gedr.</span> <span class='ocrx_word' id='word_1_236' title='bbox 1691 3163 1718 3203; x_wconf 86' lang='lat' dir='ltr'>o.</span> <span class='ocrx_word' id='word_1_237' title='bbox 1742 3137 1933 3227; x_wconf 70' lang='lat' dir='ltr'>Hodmhery,</span> <span class='ocrx_word' id='word_1_238' title='bbox 1965 3141 2144 3229; x_wconf 71' lang='lat' dir='ltr'>Celenderq.</span> <span class='ocrx_word' id='word_1_239' title='bbox 2174 3143 2244 3211; x_wconf 87' lang='lat' dir='ltr'>UB.</span> <span class='ocrx_word' id='word_1_240' title='bbox 2275 3144 2310 3225; x_wconf 88' lang='lat' dir='ltr'>V,</span> <span class='ocrx_word' id='word_1_241' title='bbox 2341 3148 2376 3213; x_wconf 86' lang='lat' dir='ltr'>S.</span> <span class='ocrx_word' id='word_1_242' title='bbox 2401 3147 2444 3212; x_wconf 85' lang='lat'>16</span> 
     </span>
     <span class='ocr_line' id='line_1_24' title="bbox 631 3240 2116 3330; baseline 0.001 -20"><span class='ocrx_word' id='word_1_243' title='bbox 631 3246 691 3312; x_wconf 85' lang='lat' dir='ltr'>Nr.</span> <span class='ocrx_word' id='word_1_244' title='bbox 718 3245 747 3312; x_wconf 87' lang='lat'>8.</span> <span class='ocrx_word' id='word_1_245' title='bbox 795 3245 866 3310; x_wconf 77' lang='lat' dir='ltr'>Dae</span> <span class='ocrx_word' id='word_1_246' title='bbox 888 3245 1025 3310; x_wconf 66' lang='lat' dir='ltr'>een-terzo</span> <span class='ocrx_word' id='word_1_247' title='bbox 1047 3243 1150 3330; x_wconf 73' lang='lat' dir='ltr'>Sieqel</span> <span class='ocrx_word' id='word_1_248' title='bbox 1173 3267 1213 3308; x_wconf 87' lang='lat' dir='ltr'>aa</span> <span class='ocrx_word' id='word_1_249' title='bbox 1236 3244 1344 3308; x_wconf 81' lang='lat' dir='ltr'>rothen</span> <span class='ocrx_word' id='word_1_250' title='bbox 1368 3240 1634 3309; x_wconf 80' lang='lat' dir='ltr'>Seidenaelmiiren</span> <span class='ocrx_word' id='word_1_251' title='bbox 1657 3249 1700 3308; x_wconf 63' lang='lat' dir='ltr'>rat</span> <span class='ocrx_word' id='word_1_252' title='bbox 1720 3246 1806 3310; x_wconf 81' lang='lat' dir='ltr'>nicht</span> <span class='ocrx_word' id='word_1_253' title='bbox 1827 3249 1913 3312; x_wconf 83' lang='lat' dir='ltr'>mehr</span> <span class='ocrx_word' id='word_1_254' title='bbox 1934 3247 2116 3312; x_wconf 67' lang='lat' dir='ltr'>animabar.</span> 
     </span>
    </p>
   </div>
   <div class='ocr_carea' id='block_1_9' title="bbox 416 3406 2442 3629">
    <p class='ocr_par' dir='ltr' id='par_1_15' title="bbox 416 3406 2442 3629">
     <span class='ocr_line' id='line_1_25' title="bbox 1398 3406 1464 3484; baseline 0.03 -2"><span class='ocrx_word' id='word_1_255' title='bbox 1398 3406 1464 3484; x_wconf 91' lang='grc'>66.</span> 
     </span>
     <span class='ocr_line' id='line_1_26' title="bbox 416 3534 2442 3629; baseline 0.001 -16"><span class='ocrx_word' id='word_1_256' title='bbox 416 3539 573 3627; x_wconf 78' lang='lat' dir='ltr'>Bisclvof</span> <span class='ocrx_word' id='word_1_257' title='bbox 580 3538 729 3610; x_wconf 82' lang='lat' dir='ltr'>Koarad</span> <span class='ocrx_word' id='word_1_258' title='bbox 742 3559 804 3609; x_wconf 83' lang='lat' dir='ltr'>voa</span> <span class='ocrx_word' id='word_1_259' title='bbox 814 3537 962 3608; x_wconf 77' lang='lat' dir='ltr'>Mindon</span> <span class='ocrx_word' id='word_1_260' title='bbox 975 3536 1143 3608; x_wconf 79' lang='lat' dir='ltr'>oerrnclrrt</span> <span class='ocrx_word' id='word_1_261' title='bbox 1157 3537 1212 3608; x_wconf 79' lang='lat' dir='ltr'>dic</span> <span class='ocrx_word' id='word_1_262' title='bbox 1225 3537 1430 3629; x_wconf 73' lang='lat' dir='ltr'>Priatlepica</span> <span class='ocrx_word' id='word_1_263' title='bbox 1445 3539 1517 3608; x_wconf 83' lang='lat' dir='ltr'>aad</span> <span class='ocrx_word' id='word_1_264' title='bbox 1532 3534 1725 3623; x_wconf 76' lang='lat' dir='ltr'>Eialiinstc</span> <span class='ocrx_word' id='word_1_265' title='bbox 1739 3537 1800 3606; x_wconf 82' lang='lat' dir='ltr'>dee</span> <span class='ocrx_word' id='word_1_266' title='bbox 1812 3536 2098 3625; x_wconf 75' lang='lat' dir='ltr'>Joaannessttftes</span> <span class='ocrx_word' id='word_1_267' title='bbox 2113 3540 2149 3610; x_wconf 84' lang='lat' dir='ltr'>ta</span> <span class='ocrx_word' id='word_1_268' title='bbox 2159 3541 2317 3613; x_wconf 81' lang='lat' dir='ltr'>Mindon.</span> <span class='ocrx_word' id='word_1_269' title='bbox 2335 3547 2442 3618; x_wconf 82' lang='lat'><em>1216.</em></span> 
     </span>
    </p>
   </div>
   <div class='ocr_carea' id='block_1_10' title="bbox 415 3653 2443 4482">
    <p class='ocr_par' dir='ltr' id='par_1_16' title="bbox 415 3653 2443 4482">
     <span class='ocr_line' id='line_1_27' title="bbox 526 3653 2442 3745; baseline 0.002 -23"><span class='ocrx_word' id='word_1_270' title='bbox 526 3659 564 3723; x_wconf 92' lang='lat' dir='ltr'>In</span> <span class='ocrx_word' id='word_1_271' title='bbox 592 3657 729 3721; x_wconf 92' lang='lat' dir='ltr'>nomine</span> <span class='ocrx_word' id='word_1_272' title='bbox 760 3657 873 3720; x_wconf 87' lang='lat' dir='ltr'>sancte</span> <span class='ocrx_word' id='word_1_273' title='bbox 902 3656 935 3719; x_wconf 92' lang='lat' dir='ltr'>et</span> <span class='ocrx_word' id='word_1_274' title='bbox 963 3654 1133 3720; x_wconf 90' lang='lat' dir='ltr'>individue</span> <span class='ocrx_word' id='word_1_275' title='bbox 1160 3655 1327 3720; x_wconf 89' lang='lat' dir='ltr'>trinitatis.</span> <span class='ocrx_word' id='word_1_276' title='bbox 1374 3657 1443 3739; x_wconf 83' lang='lat' dir='ltr'>Ego</span> <span class='ocrx_word' id='word_1_277' title='bbox 1472 3655 1647 3721; x_wconf 90' lang='lat' dir='ltr'>Conradus</span> <span class='ocrx_word' id='word_1_278' title='bbox 1671 3653 1733 3718; x_wconf 89' lang='lat' dir='ltr'>Dei</span> <span class='ocrx_word' id='word_1_279' title='bbox 1762 3655 1866 3736; x_wconf 82' lang='lat' dir='ltr'>gratia</span> <span class='ocrx_word' id='word_1_280' title='bbox 1888 3655 2071 3720; x_wconf 90' lang='lat' dir='ltr'>Mindensis</span> <span class='ocrx_word' id='word_1_281' title='bbox 2099 3657 2235 3722; x_wconf 86' lang='lat' dir='ltr'>ecclesie</span> <span class='ocrx_word' id='word_1_282' title='bbox 2265 3661 2442 3745; x_wconf 89' lang='lat' dir='ltr'>episcopus</span> 
     </span>
     <span class='ocr_line' id='line_1_28' title="bbox 416 3760 2443 3849; baseline 0.001 -19"><span class='ocrx_word' id='word_1_283' title='bbox 416 3766 574 3832; x_wconf 91' lang='lat' dir='ltr'>omnibus</span> <span class='ocrx_word' id='word_1_284' title='bbox 598 3762 721 3828; x_wconf 78' lang='lat' dir='ltr'>Christi</span> <span class='ocrx_word' id='word_1_285' title='bbox 743 3761 900 3826; x_wconf 90' lang='lat' dir='ltr'>fidelibus</span> <span class='ocrx_word' id='word_1_286' title='bbox 924 3761 958 3824; x_wconf 89' lang='lat' dir='ltr'>in</span> <span class='ocrx_word' id='word_1_287' title='bbox 982 3765 1191 3844; x_wconf 88' lang='lat' dir='ltr'>perpetuum.</span> <span class='ocrx_word' id='word_1_288' title='bbox 1238 3763 1292 3827; x_wconf 88' lang='lat' dir='ltr'>Ad</span> <span class='ocrx_word' id='word_1_289' title='bbox 1315 3765 1466 3827; x_wconf 90' lang='lat' dir='ltr'>nostrum</span> <span class='ocrx_word' id='word_1_290' title='bbox 1491 3761 1636 3826; x_wconf 86' lang='lat' dir='ltr'>officium</span> <span class='ocrx_word' id='word_1_291' title='bbox 1661 3760 1828 3842; x_wconf 89' lang='lat' dir='ltr'>pertinere</span> <span class='ocrx_word' id='word_1_292' title='bbox 1851 3761 2035 3826; x_wconf 83' lang='lat' dir='ltr'>dinoscitur</span> <span class='ocrx_word' id='word_1_293' title='bbox 2065 3764 2099 3827; x_wconf 93' lang='lat' dir='ltr'>in</span> <span class='ocrx_word' id='word_1_294' title='bbox 2129 3763 2376 3849; x_wconf 86' lang='lat' dir='ltr'>sufficientiam,</span> <span class='ocrx_word' id='word_1_295' title='bbox 2406 3772 2443 3833; x_wconf 92' lang='lat' dir='ltr'>ut</span> 
     </span>
     <span class='ocr_line' id='line_1_29' title="bbox 415 3867 2443 3956; baseline 0 -18"><span class='ocrx_word' id='word_1_296' title='bbox 415 3872 574 3938; x_wconf 88' lang='lat' dir='ltr'>ecclesias</span> <span class='ocrx_word' id='word_1_297' title='bbox 598 3871 661 3934; x_wconf 90' lang='lat' dir='ltr'>suh</span> <span class='ocrx_word' id='word_1_298' title='bbox 684 3871 800 3933; x_wconf 91' lang='lat' dir='ltr'>nostro</span> <span class='ocrx_word' id='word_1_299' title='bbox 824 3868 982 3950; x_wconf 76' lang='lat' dir='ltr'>regimine</span> <span class='ocrx_word' id='word_1_300' title='bbox 1006 3868 1202 3932; x_wconf 89' lang='lat' dir='ltr'>constitutas</span> <span class='ocrx_word' id='word_1_301' title='bbox 1226 3888 1289 3933; x_wconf 90' lang='lat' dir='ltr'>nec</span> <span class='ocrx_word' id='word_1_302' title='bbox 1312 3889 1381 3933; x_wconf 89' lang='lat' dir='ltr'>non</span> <span class='ocrx_word' id='word_1_303' title='bbox 1404 3867 1593 3952; x_wconf 85' lang='lat' dir='ltr'>specialiter</span> <span class='ocrx_word' id='word_1_304' title='bbox 1616 3867 1809 3932; x_wconf 87' lang='lat' dir='ltr'>commissas</span> <span class='ocrx_word' id='word_1_305' title='bbox 1833 3867 1868 3931; x_wconf 90' lang='lat' dir='ltr'>in</span> <span class='ocrx_word' id='word_1_306' title='bbox 1892 3887 1953 3931; x_wconf 89' lang='lat' dir='ltr'>suo</span> <span class='ocrx_word' id='word_1_307' title='bbox 1976 3869 2062 3950; x_wconf 88' lang='lat' dir='ltr'>iure,</span> <span class='ocrx_word' id='word_1_308' title='bbox 2091 3890 2159 3952; x_wconf 93' lang='lat' dir='ltr'>quo</span> <span class='ocrx_word' id='word_1_309' title='bbox 2182 3873 2349 3952; x_wconf 90' lang='lat' dir='ltr'>provideri</span> <span class='ocrx_word' id='word_1_310' title='bbox 2373 3875 2443 3956; x_wconf 93' lang='lat' dir='ltr'>pri-</span> 
     </span>
     <span class='ocr_line' id='line_1_30' title="bbox 419 3973 2441 4059; baseline 0 -15"><span class='ocrx_word' id='word_1_311' title='bbox 419 3999 510 4044; x_wconf 90' lang='lat' dir='ltr'>mum</span> <span class='ocrx_word' id='word_1_312' title='bbox 540 3976 685 4041; x_wconf 89' lang='lat' dir='ltr'>stabilite</span> <span class='ocrx_word' id='word_1_313' title='bbox 714 3977 807 4054; x_wconf 86' lang='lat' dir='ltr'>sunt,</span> <span class='ocrx_word' id='word_1_314' title='bbox 844 3993 1077 4038; x_wconf 81' lang='lat' dir='ltr'>conservemus</span> <span class='ocrx_word' id='word_1_315' title='bbox 1113 3974 1256 4040; x_wconf 90' lang='lat' dir='ltr'>illibatas</span> <span class='ocrx_word' id='word_1_316' title='bbox 1292 3977 1335 4055; x_wconf 92' lang='lat' dir='ltr'>et,</span> <span class='ocrx_word' id='word_1_317' title='bbox 1367 3995 1410 4039; x_wconf 89' lang='lat' dir='ltr'>ne</span> <span class='ocrx_word' id='word_1_318' title='bbox 1439 3975 1474 4040; x_wconf 94' lang='lat' dir='ltr'>in</span> <span class='ocrx_word' id='word_1_319' title='bbox 1501 3977 1674 4057; x_wconf 91' lang='lat' dir='ltr'>posterum</span> <span class='ocrx_word' id='word_1_320' title='bbox 1707 3975 1884 4056; x_wconf 81' lang='lat' dir='ltr'>graventur</span> <span class='ocrx_word' id='word_1_321' title='bbox 1918 3973 2075 4056; x_wconf 88' lang='lat' dir='ltr'>indebite,</span> <span class='ocrx_word' id='word_1_322' title='bbox 2111 3977 2224 4059; x_wconf 89' lang='lat' dir='ltr'>scripti</span> <span class='ocrx_word' id='word_1_323' title='bbox 2250 3979 2441 4044; x_wconf 90' lang='lat' dir='ltr'>testimonio</span> 
     </span>
     <span class='ocr_line' id='line_1_31' title="bbox 418 4079 2442 4168; baseline 0 -18"><span class='ocrx_word' id='word_1_324' title='bbox 418 4084 665 4168; x_wconf 84' lang='lat' dir='ltr'>provideamus.</span> <span class='ocrx_word' id='word_1_325' title='bbox 712 4079 880 4146; x_wconf 89' lang='lat' dir='ltr'>Omnibus</span> <span class='ocrx_word' id='word_1_326' title='bbox 909 4080 1031 4144; x_wconf 89' lang='lat' dir='ltr'>Christi</span> <span class='ocrx_word' id='word_1_327' title='bbox 1061 4079 1217 4146; x_wconf 91' lang='lat' dir='ltr'>fidelibus</span> <span class='ocrx_word' id='word_1_328' title='bbox 1244 4081 1372 4164; x_wconf 90' lang='lat' dir='ltr'>liquido</span> <span class='ocrx_word' id='word_1_329' title='bbox 1402 4081 1602 4159; x_wconf 88' lang='lat' dir='ltr'>innotescat,</span> <span class='ocrx_word' id='word_1_330' title='bbox 1637 4079 1729 4162; x_wconf 88' lang='lat' dir='ltr'>quod</span> <span class='ocrx_word' id='word_1_331' title='bbox 1762 4079 1917 4143; x_wconf 92' lang='lat' dir='ltr'>dominus</span> <span class='ocrx_word' id='word_1_332' title='bbox 1946 4083 1979 4145; x_wconf 95' lang='lat' dir='ltr'>et</span> <span class='ocrx_word' id='word_1_333' title='bbox 2010 4081 2193 4147; x_wconf 90' lang='lat' dir='ltr'>avunculus</span> <span class='ocrx_word' id='word_1_334' title='bbox 2224 4087 2336 4149; x_wconf 90' lang='lat' dir='ltr'>noster</span> <span class='ocrx_word' id='word_1_335' title='bbox 2367 4085 2442 4151; x_wconf 89' lang='lat' dir='ltr'>dive</span> 
     </span>
     <span class='ocr_line' id='line_1_32' title="bbox 419 4185 2442 4270; baseline -0 -14"><span class='ocrx_word' id='word_1_336' title='bbox 419 4189 580 4256; x_wconf 87' lang='lat' dir='ltr'>memorie</span> <span class='ocrx_word' id='word_1_337' title='bbox 604 4188 816 4253; x_wconf 90' lang='lat' dir='ltr'>Diethmarus</span> <span class='ocrx_word' id='word_1_338' title='bbox 845 4186 1026 4250; x_wconf 85' lang='lat' dir='ltr'>hlindensis</span> <span class='ocrx_word' id='word_1_339' title='bbox 1057 4185 1235 4270; x_wconf 89' lang='lat' dir='ltr'>episcopus</span> <span class='ocrx_word' id='word_1_340' title='bbox 1262 4187 1297 4252; x_wconf 93' lang='lat' dir='ltr'>in</span> <span class='ocrx_word' id='word_1_341' title='bbox 1325 4188 1430 4254; x_wconf 87' lang='lat' dir='ltr'>fundo</span> <span class='ocrx_word' id='word_1_342' title='bbox 1461 4187 1567 4252; x_wconf 88' lang='lat' dir='ltr'>sancti</span> <span class='ocrx_word' id='word_1_343' title='bbox 1590 4186 1682 4251; x_wconf 89' lang='lat' dir='ltr'>Petri</span> <span class='ocrx_word' id='word_1_344' title='bbox 1709 4205 1729 4249; x_wconf 90' lang='lat' dir='ltr'>a</span> <span class='ocrx_word' id='word_1_345' title='bbox 1760 4186 1895 4250; x_wconf 90' lang='lat' dir='ltr'>domino</span> <span class='ocrx_word' id='word_1_346' title='bbox 1919 4187 2120 4252; x_wconf 89' lang='lat' dir='ltr'>Ramwardo</span> <span class='ocrx_word' id='word_1_347' title='bbox 2147 4189 2281 4253; x_wconf 90' lang='lat' dir='ltr'>maioris</span> <span class='ocrx_word' id='word_1_348' title='bbox 2305 4191 2442 4256; x_wconf 89' lang='lat' dir='ltr'>ecclesie</span> 
     </span>
     <span class='ocr_line' id='line_1_33' title="bbox 418 4291 2442 4376; baseline 0 -14"><span class='ocrx_word' id='word_1_349' title='bbox 418 4300 532 4362; x_wconf 89' lang='lat' dir='ltr'>nostre</span> <span class='ocrx_word' id='word_1_350' title='bbox 556 4293 716 4358; x_wconf 91' lang='lat' dir='ltr'>canonico</span> <span class='ocrx_word' id='word_1_351' title='bbox 745 4292 780 4355; x_wconf 92' lang='lat' dir='ltr'>in</span> <span class='ocrx_word' id='word_1_352' title='bbox 808 4292 969 4356; x_wconf 91' lang='lat' dir='ltr'>honorem</span> <span class='ocrx_word' id='word_1_353' title='bbox 999 4293 1104 4357; x_wconf 90' lang='lat' dir='ltr'>sancti</span> <span class='ocrx_word' id='word_1_354' title='bbox 1134 4292 1296 4358; x_wconf 84' lang='lat' dir='ltr'>lobannis</span> <span class='ocrx_word' id='word_1_355' title='bbox 1321 4293 1522 4376; x_wconf 83' lang='lat' dir='ltr'>evangeliste</span> <span class='ocrx_word' id='word_1_356' title='bbox 1545 4293 1631 4358; x_wconf 88' lang='lat' dir='ltr'>infra</span> <span class='ocrx_word' id='word_1_357' title='bbox 1662 4291 1828 4357; x_wconf 74' lang='lat' dir='ltr'>civitatem</span> <span class='ocrx_word' id='word_1_358' title='bbox 1855 4296 2003 4358; x_wconf 89' lang='lat' dir='ltr'>nostram</span> <span class='ocrx_word' id='word_1_359' title='bbox 2033 4295 2240 4359; x_wconf 90' lang='lat' dir='ltr'>Mindensem</span> <span class='ocrx_word' id='word_1_360' title='bbox 2270 4296 2442 4362; x_wconf 88' lang='lat' dir='ltr'>ecclesiam</span> 
     </span>
     <span class='ocr_line' id='line_1_34' title="bbox 416 4398 2442 4482; baseline -0.001 -14"><span class='ocrx_word' id='word_1_361' title='bbox 416 4401 550 4469; x_wconf 85' lang='lat' dir='ltr'>fundari</span> <span class='ocrx_word' id='word_1_362' title='bbox 574 4398 745 4464; x_wconf 89' lang='lat' dir='ltr'>constituit</span> <span class='ocrx_word' id='word_1_363' title='bbox 773 4400 806 4462; x_wconf 89' lang='lat' dir='ltr'>et</span> <span class='ocrx_word' id='word_1_364' title='bbox 834 4417 902 4462; x_wconf 92' lang='lat' dir='ltr'>non</span> <span class='ocrx_word' id='word_1_365' title='bbox 930 4398 1038 4462; x_wconf 93' lang='lat' dir='ltr'>solum</span> <span class='ocrx_word' id='word_1_366' title='bbox 1068 4399 1204 4463; x_wconf 90' lang='lat' dir='ltr'>decimis</span> <span class='ocrx_word' id='word_1_367' title='bbox 1233 4403 1267 4464; x_wconf 89' lang='lat' dir='ltr'>et</span> <span class='ocrx_word' id='word_1_368' title='bbox 1296 4399 1369 4464; x_wconf 90' lang='lat' dir='ltr'>aliis</span> <span class='ocrx_word' id='word_1_369' title='bbox 1397 4420 1471 4464; x_wconf 89' lang='lat' dir='ltr'>eam</span> <span class='ocrx_word' id='word_1_370' title='bbox 1501 4399 1599 4464; x_wconf 90' lang='lat' dir='ltr'>bonis</span> <span class='ocrx_word' id='word_1_371' title='bbox 1627 4398 1766 4478; x_wconf 87' lang='lat' dir='ltr'>dotavit,</span> <span class='ocrx_word' id='word_1_372' title='bbox 1798 4399 2037 4463; x_wconf 90' lang='lat' dir='ltr'>verumetiam</span> <span class='ocrx_word' id='word_1_373' title='bbox 2064 4399 2258 4482; x_wconf 85' lang='lat' dir='ltr'>equolibet</span> <span class='ocrx_word' id='word_1_374' title='bbox 2280 4402 2442 4466; x_wconf 89' lang='lat' dir='ltr'>advocato</span> 
     </span>
    </p>
   </div>
   <div class='ocr_carea' id='block_1_11' title="bbox 417 4503 2581 4589">
    <p class='ocr_par' dir='ltr' id='par_1_17' title="bbox 417 4503 2581 4589">
     <span class='ocr_line' id='line_1_35' title="bbox 417 4503 2581 4589; baseline -0.002 -16"><span class='ocrx_word' id='word_1_375' title='bbox 417 4509 497 4575; x_wconf 87' lang='lat' dir='ltr'>iecit</span> <span class='ocrx_word' id='word_1_376' title='bbox 524 4507 717 4572; x_wconf 89' lang='lat' dir='ltr'>immunem.</span> <span class='ocrx_word' id='word_1_377' title='bbox 775 4505 955 4570; x_wconf 87' lang='lat' dir='ltr'>Successor</span> <span class='ocrx_word' id='word_1_378' title='bbox 988 4525 1123 4588; x_wconf 88' lang='lat' dir='ltr'>quoque</span> <span class='ocrx_word' id='word_1_379' title='bbox 1159 4505 1265 4589; x_wconf 89' lang='lat' dir='ltr'>ipsius</span> <span class='ocrx_word' id='word_1_380' title='bbox 1300 4507 1388 4570; x_wconf 89' lang='lat' dir='ltr'>bone</span> <span class='ocrx_word' id='word_1_381' title='bbox 1424 4505 1582 4571; x_wconf 90' lang='lat' dir='ltr'>memorie</span> <span class='ocrx_word' id='word_1_382' title='bbox 1613 4504 1777 4569; x_wconf 90' lang='lat' dir='ltr'>Henricus</span> <span class='ocrx_word' id='word_1_383' title='bbox 1813 4505 1990 4588; x_wconf 89' lang='lat' dir='ltr'>episcopus</span> <span class='ocrx_word' id='word_1_384' title='bbox 2025 4505 2159 4570; x_wconf 91' lang='lat' dir='ltr'>statutis</span> <span class='ocrx_word' id='word_1_385' title='bbox 2193 4505 2238 4570; x_wconf 92' lang='lat' dir='ltr'>ibi</span> <span class='ocrx_word' id='word_1_386' title='bbox 2274 4509 2441 4572; x_wconf 90' lang='lat' dir='ltr'>canonicis</span> <span class='ocrx_word' id='word_1_387' title='bbox 2580 4503 2581 4568; x_wconf 64' lang='lat'><em>3</em></span> 
     </span>
    </p>
   </div>
   <div class='ocr_carea' id='block_1_12' title="bbox 415 4610 2442 5120">
    <p class='ocr_par' dir='ltr' id='par_1_18' title="bbox 415 4610 2442 5120">
     <span class='ocr_line' id='line_1_36' title="bbox 420 4610 2442 4692; baseline 0 -15"><span class='ocrx_word' id='word_1_388' title='bbox 420 4614 561 4678; x_wconf 89' lang='lat' dir='ltr'>multam</span> <span class='ocrx_word' id='word_1_389' title='bbox 585 4613 618 4677; x_wconf 91' lang='lat' dir='ltr'>et</span> <span class='ocrx_word' id='word_1_390' title='bbox 641 4611 787 4676; x_wconf 88' lang='lat' dir='ltr'>debitam</span> <span class='ocrx_word' id='word_1_391' title='bbox 820 4610 983 4692; x_wconf 89' lang='lat' dir='ltr'>impendit</span> <span class='ocrx_word' id='word_1_392' title='bbox 1012 4611 1279 4676; x_wconf 86' lang='lat' dir='ltr'>benevolentiam</span> <span class='ocrx_word' id='word_1_393' title='bbox 1312 4613 1437 4677; x_wconf 91' lang='lat' dir='ltr'>abusus</span> <span class='ocrx_word' id='word_1_394' title='bbox 1468 4611 1639 4676; x_wconf 89' lang='lat' dir='ltr'>advocatie</span> <span class='ocrx_word' id='word_1_395' title='bbox 1667 4611 1870 4690; x_wconf 87' lang='lat' dir='ltr'>abdicando,</span> <span class='ocrx_word' id='word_1_396' title='bbox 1903 4611 2081 4675; x_wconf 88' lang='lat' dir='ltr'>canonicos</span> <span class='ocrx_word' id='word_1_397' title='bbox 2109 4611 2182 4676; x_wconf 88' lang='lat' dir='ltr'>aliis</span> <span class='ocrx_word' id='word_1_398' title='bbox 2209 4612 2377 4678; x_wconf 89' lang='lat' dir='ltr'>canonicis</span> <span class='ocrx_word' id='word_1_399' title='bbox 2407 4615 2442 4678; x_wconf 90' lang='lat' dir='ltr'>in</span> 
     </span>
     <span class='ocr_line' id='line_1_37' title="bbox 420 4715 2441 4802; baseline 0 -19"><span class='ocrx_word' id='word_1_400' title='bbox 420 4720 496 4802; x_wconf 90' lang='lat' dir='ltr'>ipsa</span> <span class='ocrx_word' id='word_1_401' title='bbox 527 4717 658 4783; x_wconf 89' lang='lat' dir='ltr'>civitate</span> <span class='ocrx_word' id='word_1_402' title='bbox 686 4719 719 4782; x_wconf 89' lang='lat' dir='ltr'>et</span> <span class='ocrx_word' id='word_1_403' title='bbox 748 4716 900 4780; x_wconf 89' lang='lat' dir='ltr'>claustris</span> <span class='ocrx_word' id='word_1_404' title='bbox 928 4715 999 4782; x_wconf 90' lang='lat' dir='ltr'>iure</span> <span class='ocrx_word' id='word_1_405' title='bbox 1027 4716 1241 4782; x_wconf 86' lang='lat' dir='ltr'>fraternitatis</span> <span class='ocrx_word' id='word_1_406' title='bbox 1270 4719 1477 4799; x_wconf 88' lang='lat' dir='ltr'>associando,</span> <span class='ocrx_word' id='word_1_407' title='bbox 1512 4718 1698 4783; x_wconf 87' lang='lat' dir='ltr'>libertando</span> <span class='ocrx_word' id='word_1_408' title='bbox 1727 4718 1761 4780; x_wconf 90' lang='lat' dir='ltr'>et</span> <span class='ocrx_word' id='word_1_409' title='bbox 1789 4716 1983 4782; x_wconf 88' lang='lat' dir='ltr'>claustrales</span> <span class='ocrx_word' id='word_1_410' title='bbox 2018 4736 2112 4782; x_wconf 89' lang='lat' dir='ltr'>areas</span> <span class='ocrx_word' id='word_1_411' title='bbox 2147 4719 2252 4783; x_wconf 88' lang='lat' dir='ltr'>sancti</span> <span class='ocrx_word' id='word_1_412' title='bbox 2280 4719 2441 4784; x_wconf 88' lang='lat' dir='ltr'>lobannis</span> 
     </span>
     <span class='ocr_line' id='line_1_38' title="bbox 419 4822 2441 4910; baseline 0.001 -21"><span class='ocrx_word' id='word_1_413' title='bbox 419 4824 622 4908; x_wconf 84' lang='lat' dir='ltr'>evangeliste</span> <span class='ocrx_word' id='word_1_414' title='bbox 646 4843 667 4887; x_wconf 86' lang='lat' dir='ltr'>a</span> <span class='ocrx_word' id='word_1_415' title='bbox 688 4822 931 4905; x_wconf 84' lang='lat' dir='ltr'>prescriptione</span> <span class='ocrx_word' id='word_1_416' title='bbox 962 4825 995 4887; x_wconf 89' lang='lat' dir='ltr'>et</span> <span class='ocrx_word' id='word_1_417' title='bbox 1017 4822 1131 4888; x_wconf 91' lang='lat' dir='ltr'>debito</span> <span class='ocrx_word' id='word_1_418' title='bbox 1155 4823 1329 4905; x_wconf 88' lang='lat' dir='ltr'>sepulture</span> <span class='ocrx_word' id='word_1_419' title='bbox 1359 4823 1509 4890; x_wconf 89' lang='lat' dir='ltr'>cimiterii</span> <span class='ocrx_word' id='word_1_420' title='bbox 1542 4827 1655 4890; x_wconf 88' lang='lat' dir='ltr'>sancte</span> <span class='ocrx_word' id='word_1_421' title='bbox 1684 4823 1786 4889; x_wconf 87' lang='lat' dir='ltr'>Marie</span> <span class='ocrx_word' id='word_1_422' title='bbox 1808 4822 1942 4904; x_wconf 77' lang='lat' dir='ltr'>virginis</span> <span class='ocrx_word' id='word_1_423' title='bbox 1970 4843 2045 4889; x_wconf 91' lang='lat' dir='ltr'>cum</span> <span class='ocrx_word' id='word_1_424' title='bbox 2072 4844 2239 4890; x_wconf 86' lang='lat' dir='ltr'>consensu</span> <span class='ocrx_word' id='word_1_425' title='bbox 2262 4827 2441 4910; x_wconf 87' lang='lat' dir='ltr'>abbatisse,</span> 
     </span>
     <span class='ocr_line' id='line_1_39' title="bbox 419 4928 2442 5015; baseline 0 -19"><span class='ocrx_word' id='word_1_426' title='bbox 419 4929 627 5006; x_wconf 90' lang='lat' dir='ltr'>monialium,</span> <span class='ocrx_word' id='word_1_427' title='bbox 651 4929 862 4994; x_wconf 90' lang='lat' dir='ltr'>sacerdotum</span> <span class='ocrx_word' id='word_1_428' title='bbox 886 4931 920 4993; x_wconf 90' lang='lat' dir='ltr'>et</span> <span class='ocrx_word' id='word_1_429' title='bbox 943 4928 1046 4993; x_wconf 89' lang='lat' dir='ltr'>totius</span> <span class='ocrx_word' id='word_1_430' title='bbox 1070 4933 1254 4994; x_wconf 89' lang='lat' dir='ltr'>conventus</span> <span class='ocrx_word' id='word_1_431' title='bbox 1278 4930 1428 4996; x_wconf 90' lang='lat' dir='ltr'>eiusdem</span> <span class='ocrx_word' id='word_1_432' title='bbox 1451 4931 1586 4996; x_wconf 88' lang='lat' dir='ltr'>claustri</span> <span class='ocrx_word' id='word_1_433' title='bbox 1608 4931 1707 4994; x_wconf 89' lang='lat' dir='ltr'>beate</span> <span class='ocrx_word' id='word_1_434' title='bbox 1728 4928 1873 5011; x_wconf 82' lang='lat' dir='ltr'>virginis.</span> <span class='ocrx_word' id='word_1_435' title='bbox 1911 4929 1980 4993; x_wconf 92' lang='lat' dir='ltr'>Nos</span> <span class='ocrx_word' id='word_1_436' title='bbox 1996 4949 2132 5012; x_wconf 88' lang='lat' dir='ltr'>quoque</span> <span class='ocrx_word' id='word_1_437' title='bbox 2155 4931 2266 5015; x_wconf 89' lang='lat' dir='ltr'>licet¹)</span> <span class='ocrx_word' id='word_1_438' title='bbox 2289 4933 2442 4998; x_wconf 88' lang='lat' dir='ltr'>demeriti</span> 
     </span>
     <span class='ocr_line' id='line_1_40' title="bbox 415 5034 2441 5120; baseline 0 -18"><span class='ocrx_word' id='word_1_439' title='bbox 415 5035 481 5102; x_wconf 91' lang='lat' dir='ltr'>Dei</span> <span class='ocrx_word' id='word_1_440' title='bbox 516 5038 599 5102; x_wconf 92' lang='lat' dir='ltr'>nutu</span> <span class='ocrx_word' id='word_1_441' title='bbox 627 5036 762 5099; x_wconf 88' lang='lat' dir='ltr'>tandem</span> <span class='ocrx_word' id='word_1_442' title='bbox 792 5034 1008 5099; x_wconf 87' lang='lat' dir='ltr'>succedentes</span> <span class='ocrx_word' id='word_1_443' title='bbox 1052 5035 1224 5100; x_wconf 90' lang='lat' dir='ltr'>ecclesiam</span> <span class='ocrx_word' id='word_1_444' title='bbox 1254 5037 1455 5118; x_wconf 87' lang='lat' dir='ltr'>predictam,</span> <span class='ocrx_word' id='word_1_445' title='bbox 1491 5039 1655 5119; x_wconf 87' lang='lat' dir='ltr'>quantum</span> <span class='ocrx_word' id='word_1_446' title='bbox 1683 5035 1727 5100; x_wconf 87' lang='lat' dir='ltr'>ad</span> <span class='ocrx_word' id='word_1_447' title='bbox 1754 5034 1917 5118; x_wconf 88' lang='lat' dir='ltr'>premissa</span> <span class='ocrx_word' id='word_1_448' title='bbox 1940 5087 1946 5101; x_wconf 95' lang='lat'><em>.</em></span> <span class='ocrx_word' id='word_1_449' title='bbox 1973 5083 1981 5099; x_wconf 92' lang='lat'><strong>.</strong></span> <span class='ocrx_word' id='word_1_450' title='bbox 2007 5083 2014 5100; x_wconf 92' lang='lat'><em>.</em></span> <span class='ocrx_word' id='word_1_451' title='bbox 2040 5035 2081 5116; x_wconf 63' lang='lat' dir='ltr'>ss)</span> <span class='ocrx_word' id='word_1_452' title='bbox 2108 5038 2334 5120; x_wconf 89' lang='lat' dir='ltr'>propensique</span> <span class='ocrx_word' id='word_1_453' title='bbox 2362 5039 2441 5105; x_wconf 88' lang='lat' dir='ltr'>dato</span> 
     </span>
    </p>
   </div>
   <div class='ocr_carea' id='block_1_13' title="bbox 424 5141 2580 5228">
    <p class='ocr_par' dir='ltr' id='par_1_19' title="bbox 424 5141 2580 5228">
     <span class='ocr_line' id='line_1_41' title="bbox 424 5141 2580 5228; baseline 0 -20"><span class='ocrx_word' id='word_1_454' title='bbox 424 5163 526 5226; x_wconf 90' lang='lat' dir='ltr'>super</span> <span class='ocrx_word' id='word_1_455' title='bbox 547 5142 612 5207; x_wconf 90' lang='lat' dir='ltr'>hoc</span> <span class='ocrx_word' id='word_1_456' title='bbox 634 5141 806 5225; x_wconf 79' lang='lat' dir='ltr'>privilegio</span> <span class='ocrx_word' id='word_1_457' title='bbox 830 5143 945 5206; x_wconf 89' lang='lat' dir='ltr'>nostro</span> <span class='ocrx_word' id='word_1_458' title='bbox 968 5141 1183 5207; x_wconf 89' lang='lat' dir='ltr'>solidavimus</span> <span class='ocrx_word' id='word_1_459' title='bbox 1207 5162 1436 5226; x_wconf 89' lang='lat' dir='ltr'>summopere,</span> <span class='ocrx_word' id='word_1_460' title='bbox 1463 5143 1572 5226; x_wconf 88' lang='lat' dir='ltr'>ipsam</span> <span class='ocrx_word' id='word_1_461' title='bbox 1595 5141 1768 5206; x_wconf 87' lang='lat' dir='ltr'>ecclesiam</span> <span class='ocrx_word' id='word_1_462' title='bbox 1796 5141 1879 5206; x_wconf 92' lang='lat' dir='ltr'>nulli</span> <span class='ocrx_word' id='word_1_463' title='bbox 1902 5143 2010 5208; x_wconf 88' lang='lat' dir='ltr'>adhue</span> <span class='ocrx_word' id='word_1_464' title='bbox 2034 5142 2195 5208; x_wconf 89' lang='lat' dir='ltr'>advocato</span> <span class='ocrx_word' id='word_1_465' title='bbox 2217 5144 2442 5228; x_wconf 90' lang='lat' dir='ltr'>mancipatam</span> <span class='ocrx_word' id='word_1_466' title='bbox 2579 5209 2580 5220; x_wconf 62' lang='grc'>,</span> 
     </span>
    </p>
   </div>
   <div class='ocr_carea' id='block_1_14' title="bbox 417 5246 2441 5546">
    <p class='ocr_par' dir='ltr' id='par_1_20' title="bbox 417 5246 2441 5546">
     <span class='ocr_line' id='line_1_42' title="bbox 417 5246 2440 5332; baseline -0 -17"><span class='ocrx_word' id='word_1_467' title='bbox 417 5250 474 5315; x_wconf 91' lang='lat' dir='ltr'>vel</span> <span class='ocrx_word' id='word_1_468' title='bbox 497 5249 717 5331; x_wconf 82' lang='lat' dir='ltr'>subiugatam,</span> <span class='ocrx_word' id='word_1_469' title='bbox 741 5250 923 5329; x_wconf 88' lang='lat' dir='ltr'>pensantes</span> <span class='ocrx_word' id='word_1_470' title='bbox 946 5248 1217 5330; x_wconf 90' lang='lat' dir='ltr'>importunitates</span> <span class='ocrx_word' id='word_1_471' title='bbox 1241 5251 1274 5313; x_wconf 91' lang='lat' dir='ltr'>et</span> <span class='ocrx_word' id='word_1_472' title='bbox 1296 5249 1499 5314; x_wconf 88' lang='lat' dir='ltr'>vastationes</span> <span class='ocrx_word' id='word_1_473' title='bbox 1523 5249 1673 5312; x_wconf 89' lang='lat' dir='ltr'>omnium</span> <span class='ocrx_word' id='word_1_474' title='bbox 1696 5246 1909 5312; x_wconf 88' lang='lat' dir='ltr'>eeclesiarum</span> <span class='ocrx_word' id='word_1_475' title='bbox 1933 5248 2052 5314; x_wconf 87' lang='lat' dir='ltr'>exinde</span> <span class='ocrx_word' id='word_1_476' title='bbox 2075 5249 2319 5332; x_wconf 90' lang='lat' dir='ltr'>provenientes,</span> <span class='ocrx_word' id='word_1_477' title='bbox 2342 5250 2440 5315; x_wconf 90' lang='lat' dir='ltr'>liber-</span> 
     </span>
     <span class='ocr_line' id='line_1_43' title="bbox 420 5353 2440 5438; baseline 0 -18"><span class='ocrx_word' id='word_1_478' title='bbox 420 5356 500 5420; x_wconf 90' lang='lat' dir='ltr'>tatis</span> <span class='ocrx_word' id='word_1_479' title='bbox 528 5355 678 5438; x_wconf 88' lang='lat' dir='ltr'>apicibus</span> <span class='ocrx_word' id='word_1_480' title='bbox 709 5353 830 5419; x_wconf 90' lang='lat' dir='ltr'>arctius</span> <span class='ocrx_word' id='word_1_481' title='bbox 863 5354 1157 5437; x_wconf 87' lang='lat' dir='ltr'>communivimus,</span> <span class='ocrx_word' id='word_1_482' title='bbox 1195 5354 1384 5421; x_wconf 87' lang='lat' dir='ltr'>inhibentes</span> <span class='ocrx_word' id='word_1_483' title='bbox 1407 5355 1482 5420; x_wconf 87' lang='lat' dir='ltr'>sub</span> <span class='ocrx_word' id='word_1_484' title='bbox 1510 5373 1599 5437; x_wconf 88' lang='lat' dir='ltr'>pena</span> <span class='ocrx_word' id='word_1_485' title='bbox 1629 5354 1996 5436; x_wconf 61' lang='lat' dir='ltr'>excommunicatione,</span> <span class='ocrx_word' id='word_1_486' title='bbox 2030 5374 2074 5420; x_wconf 91' lang='lat' dir='ltr'>ne</span> <span class='ocrx_word' id='word_1_487' title='bbox 2102 5356 2177 5438; x_wconf 92' lang='lat' dir='ltr'>quis</span> <span class='ocrx_word' id='word_1_488' title='bbox 2206 5376 2356 5438; x_wconf 87' lang='lat' dir='ltr'>unquam</span> <span class='ocrx_word' id='word_1_489' title='bbox 2382 5355 2440 5420; x_wconf 89' lang='lat' dir='ltr'>tali</span> 
     </span>
     <span class='ocr_line' id='line_1_44' title="bbox 421 5460 2441 5546; baseline 0 -19"><span class='ocrx_word' id='word_1_490' title='bbox 421 5461 557 5528; x_wconf 82' lang='lat' dir='ltr'>nourine</span> <span class='ocrx_word' id='word_1_491' title='bbox 580 5461 678 5526; x_wconf 90' lang='lat' dir='ltr'>bonis</span> <span class='ocrx_word' id='word_1_492' title='bbox 701 5460 790 5526; x_wconf 90' lang='lat' dir='ltr'>illius</span> <span class='ocrx_word' id='word_1_493' title='bbox 814 5460 951 5526; x_wconf 87' lang='lat' dir='ltr'>ecclesie</span> <span class='ocrx_word' id='word_1_494' title='bbox 975 5481 1064 5527; x_wconf 90' lang='lat' dir='ltr'>nunc</span> <span class='ocrx_word' id='word_1_495' title='bbox 1087 5462 1287 5546; x_wconf 89' lang='lat' dir='ltr'>comparatis</span> <span class='ocrx_word' id='word_1_496' title='bbox 1309 5462 1362 5528; x_wconf 90' lang='lat' dir='ltr'>vel</span> <span class='ocrx_word' id='word_1_497' title='bbox 1390 5462 1424 5526; x_wconf 91' lang='lat' dir='ltr'>in</span> <span class='ocrx_word' id='word_1_498' title='bbox 1448 5462 1596 5526; x_wconf 84' lang='lat' dir='ltr'>futurum</span> <span class='ocrx_word' id='word_1_499' title='bbox 1623 5461 1855 5544; x_wconf 83' lang='lat' dir='ltr'>comparandis</span> <span class='ocrx_word' id='word_1_500' title='bbox 1883 5480 2020 5525; x_wconf 90' lang='lat' dir='ltr'>manum</span> <span class='ocrx_word' id='word_1_501' title='bbox 2046 5461 2170 5526; x_wconf 89' lang='lat' dir='ltr'>iniiciat</span> <span class='ocrx_word' id='word_1_502' title='bbox 2197 5461 2377 5527; x_wconf 91' lang='lat' dir='ltr'>violentam</span> <span class='ocrx_word' id='word_1_503' title='bbox 2407 5465 2441 5527; x_wconf 87' lang='lat' dir='ltr'>et</span> 
     </span>
    </p>
   </div>
   <div class='ocr_carea' id='block_1_15' title="bbox 0 0 2592 6791">
    <p class='ocr_par' dir='ltr' id='par_1_21' title="bbox 0 0 2592 6791">
     <span class='ocr_line' id='line_1_45' title="bbox 0 0 2592 6791; baseline 0 0"><span class='ocrx_word' id='word_1_504' title='bbox 0 0 2592 6791; x_wconf 95' lang='lat' dir='ltr'> </span> 
     </span>
    </p>
   </div>
  </div>
 </body>
</html>
