5062 6776
463 433 528 499 342
1451 438 1518 494 1277

463 642 607 728 posteris
629 637 864 706 inviolabiliter
893 637 1121 716 observentur,
1145 635 1279 718 expedit
1302 635 1543 719 scripturarum
1566 632 1719 716 apicibus
1743 633 1896 698 etemari.
1943 633 2032 698 Sane
2056 636 2130 699 orta
2152 631 2241 698 inter
2264 634 2414 700 decanum
2433 641 2459 702 et

464 748 646 834 capitulum
678 745 815 811 maioris
850 763 890 808 ex
918 761 986 807 una
1013 744 1047 807 et
1075 741 1237 806 decanum
1265 743 1299 806 et
1327 739 1511 825 capitulum
1541 739 1645 805 sancti
1668 738 1801 804 Martini
1835 739 2050 805 ecclesiarum
2073 738 2297 805 Mindensium
2320 745 2457 824 exparte

462 855 566 922 altera
601 853 642 918 de
677 848 949 915 ministerialibus
984 846 1124 912 ecclesie
1158 845 1351 926 Mindensis,
1386 844 1444 930 qui
1474 844 1561 910 infra
1591 865 1705 910 muros
1728 845 1919 910 Mindenses
1947 845 1982 910 in
2004 845 2181 929 parrochia
2202 844 2350 928 predicte
2371 847 2459 913 sancti

461 958 592 1026 Martini
625 956 763 1022 ecclesie
794 956 1050 1033 commorantur,
1085 953 1223 1018 materia
1246 951 1433 1034 questionis
1456 971 1557 1034 super
1580 971 1620 1016 eo
1644 951 1808 1030 videlicet,
1843 952 1944 1034 quod,
1979 950 2057 1017 licet
2079 951 2222 1034 predicti
2246 951 2457 1017 ministeriales

460 1067 498 1131 in
527 1063 701 1149 parrochia
734 1060 883 1145 predicta
918 1061 1212 1135 commorarentur,
1248 1058 1466 1141 penitentiam
1500 1059 1613 1122 tamen
1641 1061 1675 1122 et
1701 1056 1845 1140 quedam
1873 1056 1937 1122 alia
1965 1058 2174 1122 sacramenta
2197 1057 2240 1121 ab
2265 1057 2337 1138 ipsa
2359 1057 2460 1123 maion'

461 1170 601 1237 ecclesia
625 1169 823 1252 receperunt
846 1170 938 1232 etse
962 1165 1052 1248 apud
1074 1163 1165 1230 illam
1188 1164 1387 1230 obtinebant
1411 1164 1512 1228 etiam
1536 1163 1685 1246 sepeliri3
1709 1182 1853 1245 cumque
1870 1181 1970 1245 super
1987 1163 2051 1227 hiis
2067 1161 2154 1228 inter
2170 1162 2307 1228 easdem
2323 1162 2459 1228 ecclesias

462 1280 550 1343 esset
573 1274 777 1358 aliquamdiu
800 1273 1016 1349 decertatum,
1041 1271 1174 1336 demum
1199 1289 1300 1353 super
1324 1268 1497 1352 premissis
1520 1290 1557 1334 se
1579 1271 1694 1335 nostro
1716 1269 1852 1335 arbitrio
1876 1269 2108 1334 subdiderunt.
2155 1268 2227 1333 Nos
2250 1267 2350 1350 igitur
2364 1269 2461 1334 habita

463 1381 702 1449 deliberatione
733 1382 769 1445 et
797 1377 1038 1444 communicato
1075 1375 1213 1442 consilio
1245 1377 1426 1458 peritorum
1461 1378 1495 1439 et
1523 1395 1688 1440 consensu
1723 1375 1899 1459 utriusque
1928 1377 2034 1457 partis
2063 1375 2105 1439 de
2128 1375 2306 1457 parrochia
2333 1375 2463 1457 predicta

463 1488 567 1554 sancti
594 1485 728 1553 Martini
762 1485 809 1550 sic
836 1485 991 1550 duximus
1025 1483 1258 1563 ordinandum,
1294 1482 1384 1564 quod
1413 1481 1502 1545 dicta
1530 1481 1669 1546 ecclesia
1698 1483 1805 1547 sancti
1833 1481 1968 1546 Martini
2003 1479 2185 1563 predictam
2216 1481 2416 1563 parrochiam
2435 1484 2462 1546 et

462 1594 582 1661 limites
605 1592 780 1676 parrochie
806 1591 893 1657 infra
915 1609 1029 1656 muros
1052 1593 1085 1655 et
1108 1592 1200 1654 extra
1222 1608 1336 1654 muros
1360 1587 1504 1652 civitatis
1520 1586 1704 1653 Mindensis
1728 1588 1860 1668 habeat,
1884 1605 1986 1669 quam
2002 1589 2035 1652 et
2050 1606 2137 1669 quos
2152 1586 2273 1651 babuit
2288 1606 2308 1650 a
2322 1591 2462 1669 tempore,

462 1703 557 1768 cuius
572 1698 732 1764 memoria
747 1718 815 1763 non
832 1695 953 1762 existit.
1001 1696 1050 1760 De
1072 1695 1136 1760 hiis
1159 1715 1249 1776 vero,
1273 1694 1331 1776 qui
1355 1694 1434 1758 sunt
1458 1694 1492 1757 in
1514 1693 1690 1776 parrochia
1713 1693 1760 1757 sic
1783 1691 1959 1758 statuimus
1982 1693 2241 1770 observandum,
2265 1692 2355 1775 quod
2369 1693 2462 1757 clerici

463 1807 579 1872 maiori
603 1804 741 1871 ecclesie
763 1802 913 1886 predicte
937 1803 1147 1880 adherentes
1169 1800 1203 1866 in
1227 1800 1316 1866 dicta
1339 1799 1473 1865 civitate
1497 1799 1677 1865 existentes
1701 1818 1759 1864 seu
1776 1819 1796 1864 a
1812 1798 1891 1863 ioris
1906 1797 2077 1864 venientes
2092 1797 2218 1864 ibidem
2235 1801 2463 1882 consequantur

463 1910 653 1977 huiusmodi
687 1913 897 1974 sacramenta
931 1911 966 1973 et
999 1909 1099 1972 etiam
1133 1905 1357 1989 sepulturam;
1393 1905 1504 1970 clerici
1537 1926 1617 1971 vero
1651 1906 1849 1970 adherentes
1879 1904 2017 1969 ecclesie
2047 1903 2153 1969 sancti
2176 1903 2311 1969 Martini
2342 1905 2382 1968 ab
2402 1905 2462 1986 ipsa

463 2019 603 2084 ecclesia
637 2014 744 2082 sancti
775 2013 907 2079 Martini
940 2012 1126 2096 percipiant
1147 2010 1340 2076 huiusmodi
1364 2015 1572 2076 sacramenta
1595 2015 1630 2076 et
1652 2010 1858 2094 sepeliantur
1881 2010 1981 2074 etiam
2005 2010 2095 2093 apud
2117 2009 2237 2093 ipsam,
2274 2009 2333 2075 sed
2362 2010 2462 2093 eligere

463 2127 623 2210 poterunt
657 2122 864 2206 sepulturam
899 2119 989 2202 apud
1013 2117 1169 2182 maiorem
1194 2116 1366 2182 ecclesiam
1390 2116 1483 2182 salva
1504 2117 1570 2199 ipsi
1594 2117 1732 2182 ecclesie
1754 2117 1861 2182 sancti
1885 2116 2018 2181 Martini
2042 2115 2202 2181 canonica
2225 2117 2385 2198 portione,
2416 2117 2462 2179 illa

463 2229 626 2310 videlicet,
663 2227 703 2292 de
726 2246 795 2309 qua
819 2225 941 2291 dicitur
963 2227 1011 2290 De
1035 2222 1216 2306 sepulturis
1240 2221 1388 2306 capitulo
1413 2221 1578 2287 Relatum.
1625 2222 1692 2288 Alii
1722 2225 1832 2287 autem
1861 2241 1976 2286 omnes
2000 2221 2150 2288 homines
2174 2223 2350 2305 utriusque
2370 2241 2461 2298 serus,

464 2336 702 2417 cuiuscumque
737 2331 937 2396 conditionis
972 2331 1125 2409 existant,
1160 2329 1215 2412 qui
1250 2329 1285 2394 in
1308 2329 1483 2412 parrochia
1511 2329 1660 2412 predicte
1683 2328 1820 2394 ecclesie
1844 2328 1950 2394 sancti
1973 2326 2105 2392 Martini
2130 2331 2208 2392 sunt
2233 2327 2286 2392 rel
2310 2329 2343 2391 in
2366 2345 2463 2390 eama

465 2441 544 2508 foris
568 2440 715 2518 veniunt,
738 2439 774 2502 in
796 2438 963 2520 baptismo
987 2438 1020 2500 et
1042 2435 1078 2500 in
1101 2435 1174 2500 aliis
1198 2436 1414 2500 sacramentis
1438 2434 1663 2517 percipiendis
1688 2437 1722 2498 et
1744 2435 1780 2499 in
1802 2434 1893 2498 omni
1909 2433 1980 2499 iure
1995 2432 2196 2516 parrochiali
2212 2433 2360 2515 predicte
2375 2431 2461 2496 sancti

465 2547 595 2614 Martini
620 2545 756 2611 ecclesie
779 2545 847 2608 sint
869 2543 1018 2624 subiecti,
1042 2543 1101 2607 sed
1124 2542 1356 2608 tantummodo
1380 2539 1615 2605 ministeriales
1639 2541 1776 2606 ecclesie
1799 2540 1991 2620 Mindensis
2016 2539 2073 2622 qui
2097 2539 2183 2604 inira
2205 2558 2320 2605 muros
2343 2537 2461 2602 civitatis

465 2653 648 2719 Mindensis
682 2671 742 2717 seu
775 2651 810 2715 in
845 2650 969 2715 fossato
1003 2648 1185 2714 Beldersen
1218 2647 1287 2712 sive
1314 2647 1351 2711 in
1382 2645 1459 2711 villa
1488 2647 1651 2730 Bastorpe
1681 2646 1716 2710 in
1739 2646 1813 2729 ipsa
1836 2646 2010 2729 parrochia
2034 2645 2140 2710 sancti
2162 2645 2298 2711 Martini
2322 2643 2461 2714 habitant,

465 2761 555 2843 apud
590 2760 747 2824 maiorem
782 2756 956 2822 ecclesiam
991 2755 1175 2838 predictam
1213 2752 1455 2820 confessionem
1494 2751 1627 2833 iaciant,
1666 2752 1898 2835 penitenciam,
1937 2751 2134 2816 eucharistie
2172 2754 2409 2816 sacramentum
2436 2751 2462 2812 et

465 2866 692 2932 inunctionem
727 2866 907 2928 extremam
943 2862 984 2926 ab
1015 2862 1089 2942 ipsa
1123 2859 1311 2942 percipiant
1341 2861 1374 2923 et
1401 2859 1491 2941 apud
1519 2857 1610 2923 illam
1644 2857 1819 2922 obtineant
1840 2857 2047 2940 sepulturam
2069 2859 2316 2940 perageturque
2337 2856 2369 2920 in
2391 2856 2462 2920 dicta

465 2971 582 3038 maiori
607 2970 747 3036 ecclesia
781 2988 857 3034 cum
881 2967 1107 3032 oblationibus
1132 2965 1250 3031 debitis
1286 2964 1384 3028 certis
1408 2967 1442 3029 et
1464 2964 1631 3029 consuetis
1654 2963 1861 3046 temporibus
1885 2962 2044 3028 memoria
2068 2961 2336 3027 ministerialium
2359 2961 2461 3025 ibidem

465 3078 682 3162 sepultorum.
729 3075 776 3139 De
800 3074 914 3156 pueris
937 3092 1016 3138 vero
1039 3071 1310 3137 ministerialibus
1332 3070 1466 3134 maioris
1489 3069 1628 3134 ecclesie
1651 3068 1834 3134 Mindensis
1857 3071 1931 3134 octo
1952 3087 2117 3133 annorum
2133 3071 2166 3133 et
2181 3067 2270 3133 infra
2286 3065 2460 3151 sepeliendis

464 3185 500 3248 in
516 3201 653 3247 suorum
677 3182 721 3245 sit
742 3181 879 3245 arbitrio
902 3181 1092 3260 parentum,
1116 3197 1159 3241 an
1182 3179 1274 3260 ipsos
1297 3176 1399 3240 velint
1424 3176 1514 3258 apud
1537 3177 1696 3239 maiorem
1720 3195 1762 3239 an
1787 3175 1877 3258 apud
1900 3173 2008 3256 ipsam
2031 3173 2137 3238 sancti
2154 3173 2289 3239 Martini
2312 3172 2460 3238 ecclesiam

466 3288 618 3372 sepelire.
665 3287 821 3376 Preterea
855 3285 1088 3350 ministeriales
1123 3283 1211 3348 dicte
1246 3282 1383 3347 ecclesie
1418 3281 1598 3346 Mindensis
1633 3281 1775 3364 virgines
1809 3281 1878 3346 sive
1913 3279 2049 3345 alterius
2083 3280 2285 3344 conditionis
2320 3279 2461 3343 nubentes

467 3413 680 3477 nequaquam
715 3392 805 3474 apud
834 3392 941 3474 ipsam
976 3390 1136 3454 maiorem
1171 3389 1345 3453 ecclesiam
1368 3392 1406 3454 ut
1429 3407 1552 3470 sponse
1575 3388 1684 3452 solent
1706 3387 1957 3467 benedicantur,
1989 3406 2051 3451 nec
2074 3386 2176 3450 missa
2199 3385 2235 3450 in
2260 3385 2345 3450 dicta
2367 3380 2461 3448 maiori

467 3499 606 3566 ecclesia
629 3519 690 3582 pro
713 3497 794 3582 ipsis
817 3496 1021 3562 nubentibus
1044 3496 1247 3574 decantetur,
1272 3513 1484 3578 nequaquam
1508 3493 1608 3559 etiam
1623 3493 1670 3558 ibi
1686 3492 1746 3557 fiat
1760 3492 1951 3575 purificatio
1967 3512 2027 3556 seu
2043 3493 2204 3573 inductio,
2228 3511 2313 3574 quas
2328 3490 2461 3554 mulieres

467 3603 699 3670 ministeriales
723 3605 757 3668 et
779 3602 914 3667 alterius
937 3600 1134 3666 conditionis
1157 3601 1193 3665 in
1215 3600 1366 3682 ingressu
1390 3599 1527 3664 ecclesie
1550 3599 1740 3681 observant,
1776 3601 1907 3680 etpost
1930 3599 2065 3682 nuptias
2088 3601 2223 3682 etpost
2246 3599 2385 3680 partum,
2408 3612 2461 3676 que

466 3712 556 3794 apud
578 3711 685 3793 ipsam
709 3708 884 3774 ecclesiam
906 3707 1013 3772 sancti
1037 3706 1170 3771 Martini
1191 3705 1283 3784 fient,
1308 3725 1368 3769 nec
1390 3705 1425 3770 in
1449 3705 1564 3769 maiori
1587 3724 1649 3770 uec
1672 3705 1749 3769 alibi
1772 3703 1843 3769 fieri
1867 3703 2112 3787 permittantur.
2159 3703 2203 3768 Ut
2226 3707 2340 3769 autem
2362 3704 2416 3766 hec
2434 3699 2461 3760 in

465 3819 638 3900 posterum
660 3813 894 3880 inviolabiliter
916 3815 1146 3893 observentur,
1171 3814 1285 3878 nostro
1309 3815 1343 3876 et
1367 3810 1505 3876 ecclesie
1529 3815 1642 3876 nostre
1658 3811 1841 3876 Mindensis
1863 3810 1979 3892 sigillis
1996 3829 2134 3894 presens
2150 3810 2312 3892 scriptum
2329 3808 2461 3873 duximus

466 3923 700 3990 roborandum.
749 3923 870 3986 Datum
894 3919 976 3985 feria
998 3919 1097 3984 tertia
1120 3919 1196 4000 post
1219 3917 1419 3984 dominicam
1444 3916 1633 3981 Palmarum
1657 3935 1744 3982 anno
1768 3915 1900 3981 Domini
1925 3915 2250 3980 M⁰.CG⁰.LXX⁰Vll⁰.

600 4025 655 4091 Or.
683 4029 728 4090 im
755 4024 828 4110 qu.
862 4023 967 4089 sc-A.
1002 4046 1041 4086 zu
1071 4023 1217 4100 Maniae,
1253 4045 1277 4086 a.
1308 4021 1429 4086 Martia
1458 4024 1493 4084 in
1516 4021 1642 4084 Minden
1676 4019 1738 4085 Ne.
1761 4019 1815 4085 20.
1863 4020 1959 4084 Ber'de
1984 4019 2087 4104 Siepel
2116 4042 2172 4084 von
2200 4021 2260 4084 den
2287 4019 2461 4104 Perponrent

679 4133 808 4208 stretton
831 4130 882 4195 ab.
929 4129 1024 4195 Gedr.
1061 4126 1256 4204 Wdrdtweim
1285 4125 1374 4192 Nova
1397 4125 1476 4190 ruba.
1502 4125 1561 4206 IX,
1589 4125 1632 4190 85
1642 4127 1676 4212 ff.
1705 4129 1753 4191 alr
1788 4125 1992 4212 Tranrsumpt
2019 4135 2102 4191 eamr
2137 4125 2285 4191 Urlrunde
2311 4147 2365 4188 con
2391 4117 2462 4184 1430

680 4238 772 4324 April
793 4236 824 4302 8.
870 4235 982 4321 Rapaci
1005 4237 1080 4301 Mac.
1105 4233 1150 4312 II,
1176 4231 1274 4312 1890,
1301 4231 1359 4296 Ne.
1382 4231 1458 4297 988.
1504 4234 1667 4318 Bastorpe
1691 4235 1744 4319 lap
1767 4233 1846 4296 noch
1869 4233 1923 4296 der
1943 4230 2021 4298 Ure.
2038 4254 2094 4296 ron
2111 4230 2198 4296 1283
2212 4230 2294 4296 duni
2306 4227 2350 4294 26
2372 4232 2459 4312 (unm

680 4342 738 4408 Ne.
766 4341 862 4427 1280)
885 4363 938 4406 vor
961 4342 1098 4419 maden,
1119 4340 1284 4420 jedenfolla
1307 4339 1438 4404 urertliclr
1462 4362 1504 4402 on
1527 4340 1582 4404 der
1605 4338 1738 4404 Bostare.

1419 4519 1535 4596 1089.

467 4651 566 4739 Grcf
594 4649 751 4722 Dietrich
784 4671 846 4719 ron
881 4647 1049 4737 Isecburp
1084 4647 1220 4718 schenkl
1252 4647 1328 4718 dem
1362 4646 1579 4733 Mortinstift
1620 4647 1657 4716 in
1692 4645 1841 4716 Minderr
1883 4646 1938 4716 ein
1974 4643 2070 4715 Erbe
2106 4645 2176 4714 aad
2210 4646 2285 4715 eine
2312 4639 2402 4729 Hufc
2433 4637 2461 4705 in

1040 4753 1250 4827 Nerretsrodr.
1306 4749 1404 4840 Bure
1429 4750 1599 4841 Limburp
1625 4750 1724 4822 1277
1752 4751 1856 4841 April
1882 4750 1917 4821 2.

572 4873 743 4940 Tidericus
767 4892 878 4936 comes
902 4872 943 4936 de
967 4871 1218 4954 Ysenberghe1)
1241 4873 1274 4934 et
1297 4871 1339 4935 de
1363 4870 1540 4934 Limborch
1565 4868 1773 4934 Coloniensis
1805 4869 1945 4934 diocesis
1977 4869 2107 4933 dilectis
2136 4867 2171 4931 in
2194 4866 2327 4931 Christo
2354 4865 2460 4928 decano

465 4984 499 5047 el
528 4980 672 5064 capitulo
707 4977 845 5044 ecclesie
879 4977 982 5042 sancti
1005 4977 1137 5042 Martini
1160 4976 1341 5040 Mindensis
1364 4995 1441 5040 cum
1464 4977 1593 5040 sincero
1617 4975 1737 5040 aflectu
1761 4976 1911 5039 salutem.
1958 4973 2193 5057 Devocionisl)
2216 4977 2327 5038 vestre
2349 4963 2459 5050 suppli-

466 5086 657 5153 cacionibus
688 5087 721 5150 et
750 5084 961 5167 quorundam
983 5083 1176 5166 specialium
1200 5082 1381 5146 amicorum
1405 5084 1594 5146 nostrorum
1617 5080 1772 5164 precibus
1795 5080 1945 5146 inclinati
1968 5080 2205 5163 proprietatem
2229 5079 2345 5144 domus
2367 5074 2459 5139 cuius-

465 5196 542 5260 dam
565 5195 599 5258 et
621 5191 717 5257 fundi
739 5191 845 5273 ipsius
869 5191 998 5269 domuS,
1022 5208 1087 5270 que
1111 5187 1174 5253 sita
1189 5190 1240 5252 est
1258 5187 1293 5252 in
1310 5187 1511 5252 mediavilla
1528 5187 1563 5252 in
1580 5186 1805 5271 Netelstedei)
1829 5185 2014 5252 Mindensis
2032 5184 2173 5251 diocesis
2189 5204 2227 5250 ac
2243 5183 2459 5267 proprietatem

466 5299 564 5364 unius
588 5297 695 5362 mansi
719 5297 761 5362 ad
785 5297 925 5360 eandem
948 5296 1084 5360 domum
1107 5293 1303 5377 pertinentis
1336 5313 1412 5358 cum
1434 5295 1575 5358 utilitate
1599 5291 1714 5377 silvet)
1738 5313 1776 5359 ac
1800 5293 1954 5358 omnibus
1977 5292 2106 5357 iuribus
2130 5295 2165 5356 et
2188 5289 2370 5356 attinenciis
2392 5282 2458 5354 suis,

461 5423 566 5488 quam
590 5406 724 5469 domum
749 5423 821 5467 cum
845 5419 962 5466 manso
986 5399 1136 5482 predicto
1152 5400 1309 5465 Albertus
1332 5399 1373 5463 de
1390 5399 1604 5481 Eylenhusen
1627 5401 1659 5463 et
1684 5419 1766 5466 uxor
1788 5419 1850 5465 sua
1872 5398 2067 5481 alheydistr
2091 5416 2130 5462 ac
2153 5397 2311 5462 Albertus
2332 5393 2411 5458 filius
2431 5387 2458 5449 et
