5062 6806
964 498 966 504 .
1046 458 1113 514 1251
2022 445 2084 509 159

81 777 247 867 Beitepccp
273 775 365 844 eines
392 771 533 843 Streites
558 768 620 840 des
648 767 905 856 Morieostifies
932 767 970 838 io
998 654 1148 838 riticio
1174 767 1238 837 mit
1266 765 1331 836 dec
1350 765 1486 838 Silvacae
1513 765 1574 838 des
1601 765 1764 856 Sipebodo
1792 789 1857 838 oon
1884 767 2087 861 Dereaburp

583 897 697 966 wepeo
725 874 858 947 (litero
885 875 922 945 irc
950 871 1163 962 Neuendorf.
1218 871 1424 962 Derecburp
1451 870 1563 944 1251.

170 999 237 1065 Nos
268 996 364 1062 Cono
392 997 425 1060 et
453 994 646 1059 Gerhardus
677 991 971 1057 Halberstadensis
1005 990 1144 1056 ecclesie
1179 989 1340 1072 canonici,
1375 989 1591 1055 Gevebardus
1625 1009 1736 1058 comes
1764 992 1806 1058 de
1834 993 2086 1077 Werningerod,

82 1108 239 1174 tlemerus
263 1101 386 1169 nobilis
410 1102 451 1166 de
472 1099 610 1178 Suseliz,
634 1097 808 1164 'lidericus
832 1099 873 1164 de
889 1096 1085 1179 Hartesrod,
1109 1096 1321 1162 Hermannus
1344 1097 1385 1162 de
1402 1095 1565 1163 Osterrod
1588 1097 1703 1163 arbitri
1725 1118 1827 1182 super
1851 1101 2085 1184 controversia,

83 1235 135 1299 que
164 1211 248 1276 inter
282 1206 455 1274 dominam
482 1207 704 1289 Margaretam
737 1204 942 1270 abbatissam
976 1206 1010 1268 et
1038 1205 1241 1268 conventum
1268 1203 1406 1268 ecclesie
1430 1206 1544 1268 sancte
1566 1203 1669 1269 Marie
1690 1203 1829 1288 virginis
1852 1205 1886 1270 in
1910 1206 2022 1272 Minda
2045 1228 2086 1273 ex

83 1339 136 1386 una
149 1319 179 1384 et
192 1314 449 1400 Sigebodonem,
473 1311 667 1379 Bertoldum
690 1313 724 1376 et
745 1311 934 1377 iohannem
956 1309 1042 1374 filios
1059 1309 1279 1393 Sigebodonis
1304 1310 1344 1374 de
1360 1308 1578 1375 Derneburcb
1594 1329 1634 1374 ex
1650 1313 1746 1392 parte
1763 1312 1868 1377 altera
1882 1314 2084 1396 vertebatur,

83 1427 117 1491 de
141 1441 300 1489 consensu
335 1421 482 1504 partium
515 1417 689 1484 constituti
724 1415 817 1500 ipsos
844 1418 980 1482 auctore
1002 1415 1145 1480 Domino
1169 1415 1441 1481 concordavimus
1464 1415 1500 1479 in
1522 1417 1612 1480 bunc
1635 1417 1772 1482 modum
1794 1418 1959 1500 videlicet,
1994 1421 2087 1503 quod
2121 1491 2124 1496 ,

80 1529 206 1598 iamdicti
227 1528 291 1594 viri
315 1530 350 1594 et
372 1545 489 1593 eorum
511 1524 649 1607 legitimi
673 1523 814 1588 heredes
837 1521 1072 1589 villicationem
1095 1523 1260 1588 bonorum
1282 1522 1319 1586 in
1335 1521 1508 1604 Niendorp
1533 1542 1609 1586 cum
1623 1522 1715 1588 omni
1729 1523 1871 1590 utilitate
1887 1525 1929 1590 ab
1947 1526 2086 1592 ecclesia

81 1635 258 1704 hereditario
281 1635 355 1699 iure
377 1632 541 1698 tenebunt
564 1633 597 1696 et
620 1629 752 1695 solvent
774 1628 894 1694 exinde
917 1629 1051 1694 domine
1074 1628 1254 1710 abbatisse,
1278 1648 1344 1711 que
1367 1647 1429 1712 pro
1451 1630 1601 1712 ternpore
1626 1630 1832 1713 successerit,
1855 1631 2007 1713 proximo
2032 1632 2085 1698 die

80 1746 153 1811 Luce
181 1740 339 1826 sequenti
361 1737 657 1804 Halberstadensis
688 1735 827 1822 argenti,
863 1736 905 1801 de
928 1755 996 1818 quo
1020 1755 1059 1800 ex
1083 1734 1233 1818 quinque
1256 1734 1441 1801 fertonibus
1463 1755 1548 1818 pura
1571 1755 1683 1801 marca
1706 1737 1813 1819 possit
1835 1737 1962 1820 haberi,
1996 1759 2084 1806 anno

78 1850 206 1936 quolibet
228 1848 362 1932 septem
383 1865 522 1926 marcas,
544 1845 608 1909 hac
631 1843 823 1910 conditione
847 1843 983 1924 statuta,
1007 1842 1108 1925 quod,
1132 1842 1161 1906 si
1183 1841 1333 1924 predicto
1351 1841 1403 1906 die
1423 1860 1492 1905 non
1509 1841 1666 1907 solverint
1682 1843 1716 1907 in
1733 1843 1864 1908 civitate
1882 1843 2086 1912 Halberstad

79 1956 189 2022 nunciis
211 1955 254 2020 ab
278 1953 421 2018 ecclesia
444 1950 622 2035 deputatis
646 1949 721 2034 ipso
744 1949 816 2014 iure
841 1949 961 2014 cadant
984 1969 1004 2014 a
1027 1947 1242 2030 possessione
1267 1947 1442 2030 bonorum,
1467 1948 1532 2013 nisi
1552 1969 1654 2015 causa
1670 1953 1702 2015 et
1718 1951 1917 2016 necessitate
1940 1950 2086 2034 legitima

79 2063 266 2129 excusentur.
316 2059 354 2126 Si
382 2058 483 2124 etiarn
516 2055 680 2140 generalis
713 2055 851 2122 vastitas
885 2057 973 2120 terre
1005 2054 1058 2119 vel
1088 2053 1245 2119 sterilitas
1276 2055 1458 2137 emerserit,
1481 2055 1529 2119 ita
1551 2057 1642 2138 quod
1666 2055 1832 2122 defectum
1855 2058 2028 2141 patiantur
2050 2059 2086 2123 in

78 2189 172 2250 censu,
205 2186 377 2252 supereo
405 2166 441 2230 in
469 2163 580 2249 gracia
614 2163 749 2228 domine
783 2160 952 2227 abbatisse
986 2162 1181 2227 manebunt.
1229 2159 1264 2226 Si
1291 2181 1370 2225 vero
1400 2182 1440 2227 ex
1469 2162 1567 2245 culpa
1602 2183 1718 2228 eorum
1748 2183 1959 2248 quocumque
1986 2166 2086 2232 modo

78 2276 204 2342 deiectus
238 2275 275 2339 in
308 2273 408 2339 bonis
438 2270 596 2352 evenerit,
634 2268 868 2335 nichilominus
899 2287 1037 2333 censum
1071 2267 1144 2333 sine
1172 2267 1390 2334 diminutione
1417 2268 1618 2352 persolvent.
1666 2270 1913 2336 Porrectionem
1946 2271 2086 2338 ecclesie

78 2402 137 2446 eum
157 2382 222 2446 suis
246 2377 462 2464 pertinentiis
486 2380 519 2443 et
542 2375 740 2442 locationem
763 2375 932 2440 bonorum
956 2374 1092 2440 domina
1115 2374 1286 2439 abbatissa
1308 2374 1412 2439 libere
1435 2374 1608 2442 obtinebit.
1656 2376 1767 2442 Huius
1790 2377 1838 2442 rei
1861 2380 1963 2443 testes
1988 2383 2086 2445 sunt:

77 2487 249 2553 Evervinus
273 2485 468 2571 prepositus
491 2483 598 2549 sancti
620 2482 789 2564 Bonifatii,
813 2481 975 2547 Ludolius
999 2481 1189 2566 prepositus
1213 2481 1319 2546 sancti
1342 2479 1503 2546 lobannis
1527 2481 1561 2546 in
1578 2482 1701 2565 Minda,
1725 2483 1881 2566 magister
1897 2483 2085 2566 Riobertus,

80 2603 236 2684 l'olpertus
261 2601 439 2678 sacerdos;
462 2598 537 2665 laici
557 2617 655 2664 vero:
680 2617 792 2662 eomes
808 2569 939 2662 tirricus
962 2596 1004 2661 de
1021 2597 1222 2678 Regensten,
1247 2595 1410 2662 Geroldus
1436 2597 1476 2661 de
1492 2598 1624 2680 Merica,
1648 2599 1819 2664 lohannes
1843 2599 1884 2664 de
1899 2599 2086 2684 Tstillinge,

79 2708 234 2773 Heinricus
265 2708 311 2773 de
343 2706 522 2771 Conenrod
556 2707 589 2770 et
619 2704 675 2770 alii
709 2723 811 2786 quam
844 2702 969 2786 plures.
1016 2704 1140 2768 Actum
1164 2702 1380 2768 Demeburoh
1411 2721 1499 2768 anno
1523 2704 1656 2769 Domini
1679 2704 1875 2772 M⁰.CC.LI⁰.
1921 2706 1963 2771 Et
1986 2726 2028 2771 ne
2050 2707 2086 2772 in

79 2817 226 2896 posterum
260 2831 369 2898 super
403 2812 468 2878 hiis
502 2810 641 2878 alicuius
670 2809 858 2894 calumpnie
887 2809 1065 2894 scrupulus
1092 2810 1201 2875 valeat
1228 2809 1383 2890 suboriri,
1419 2810 1502 2874 duas
1532 2811 1672 2893 paginas
1696 2830 1799 2876 unum
1822 2816 1856 2878 et
1878 2813 1967 2877 idem
1990 2813 2026 2878 in
2049 2832 2085 2878 se

77 2930 262 2994 continentes
299 2927 417 3010 sigillis
452 2926 577 2992 nostris
602 2929 639 2992 et
669 2925 797 3009 prefate
832 2925 970 2991 ecclesie
1005 2943 1136 2991 necnon
1177 2923 1306 2990 comitis
1337 2895 1440 2991 tllrici
1462 2926 1499 2991 in
1521 2926 1749 2993 testimonium
1775 2927 1924 2993 validum
1947 2927 2085 2993 fecimus

76 3035 216 3116 roborari,
239 3054 348 3100 unam
371 3034 511 3100 ecclesie
534 3036 567 3099 et
591 3053 691 3098 unam
714 3031 872 3116 predictis
896 3031 975 3096 viris
999 3032 1041 3097 ad
1064 3031 1278 3118 (veri)tatis¹)
1301 3032 1503 3099 evidentiam
1526 3036 1711 3116 erogantes,

269 3143 291 3209 ¹)
313 3139 387 3193 Loclr
404 3141 440 3192 im
459 3137 626 3210 Pergameni.

188 3229 242 3296 Or.
267 3235 315 3294 ἱνα
340 3229 413 3315 Kpt.
440 3226 545 3294 Sc-A.
576 3227 788 3306 solliciter,
827 3225 872 3292 Sc.
899 3227 1006 3290 litorio
1028 3230 1063 3290 io
1085 3226 1214 3290 Mindon
1243 3224 1302 3292 Nr.
1327 3225 1358 3292 4.
1406 3227 1497 3292 Recte
1520 3228 1576 3292 der
1600 3226 1703 3313 Siepet
1725 3229 1779 3293 des
1800 3227 1997 3313 Demonstro,
2033 3228 2087 3293 dec

268 3335 574 3422 Bonifatiooetcflerr,
609 3334 662 3398 dee
694 3331 819 3414 Grates
854 3331 959 3397 Uirici
992 3333 1059 3396 cod
1091 3332 1144 3396 dee
1171 3330 1213 3394 Η.
1241 3356 1269 3396 α.
1300 3330 1468 3411 Conenrod,
1503 3336 1579 3398 zwei
1606 3334 1720 3400 cadere
1750 3333 1938 3420 abpefoltec.
1988 3331 2084 3398 Gedr.

270 3439 382 3520 sl'roee,
413 3438 578 3515 Weatfclio
599 3436 644 3519 ΙΙ,
670 3438 704 3504 S.
727 3437 804 3505 342.
850 3437 1034 3525 Derenburp
1063 3437 1108 3505 W.
1133 3436 1349 3518 Helberetadt,
1376 3437 1561 3524 Neuendorf
1579 3439 1637 3505 Κν.
1664 3439 1842 3506 salzwedel.

73 3700 209 3785 ditissin
237 3712 411 3785 Adeiieid
436 3711 510 3782 aad
537 3712 601 3784 ctos
628 3710 772 3803 Βαναία
798 3733 863 3782 oon
898 3710 1083 3800 Wrnstors
1106 3711 1293 3800 νανΙαααΙαα
1321 3711 1398 3783 dem
1423 3709 1485 3784 Kl.
1505 3711 1654 3784 Locccm
1679 3714 1763 3784 arrei
1781 3712 1876 3801 Hife
1903 3715 1940 3784 io
1958 3709 2089 3786 Bieretc

73 3816 238 3914 (Birethe)
272 3820 352 3892 aod
380 3821 454 3891 eine
481 3818 581 3908 Hufe
606 3819 645 3889 irc
672 3816 870 3903 Osterlese,
904 3818 962 3889 die
989 3817 1105 3890 Ritter
1130 3819 1327 3889 Berreword
1352 3841 1418 3890 ooo
1445 3819 1611 3891 Heimceo
1637 3841 1713 3891 com
1739 3817 1798 3891 ΙΙΙ.
1835 3819 2025 3909 chstorf
2043 3843 2088 3893 να

800 3923 899 3996 Leia
922 3929 1085 4017 petrcpen
1112 3923 1180 3995 leot.
1237 3923 1348 4000 1251.

185 4043 283 4110 θεάν.
310 4043 395 4107 naci
417 4041 498 4128 Kop.
523 4040 585 4121 ΙΙΙ,
610 4039 684 4120 130,
711 4040 745 4106 S.
772 4041 812 4105 71
837 4039 895 4108 Νν.
920 4039 988 4105 372
1020 4045 1064 4106 im
1087 4039 1162 4127 Καὶ.
1190 4040 1295 4109 Sc-A.
1319 4064 1359 4106 ze
1383 4040 1552 4107 Ηααααυαν
1584 4043 1650 4106 ucd
1683 4043 1751 4108 dem
1773 4041 1943 4108 Loewmer
1964 4042 2088 4129 Kopior

269 4149 308 4215 S.
334 4147 402 4212 236
424 4146 484 4214 Νν.
507 4145 584 4226 376,
619 4171 646 4211 v.
671 4145 863 4233 Hodenberp,
903 4147 1109 4233 Celenderper
1135 4147 1208 4215 ΠΒ,
1233 4148 1328 4214 Aba.
1352 4146 1418 4225 ΙΙΙ,
1454 4147 1488 4214 S.
1514 4147 1578 4213 106
1601 4147 1661 4214 Νν.
1687 4148 1761 4229 151,
1796 4149 1910 4235 Rapaci
1938 4173 1969 4214 α.
1993 4173 2022 4216 α.
2048 4148 2086 4214 O.

266 4255 367 4320 Aba.
393 4253 453 4334 ΙΧ,
479 4253 513 4322 S.
536 4252 559 4317 9
582 4251 644 4318 Nr.
671 4251 722 4318 10.
773 4252 876 4319 Ueber
897 4255 1068 4321 Osterlese
1091 4278 1117 4318 a.
1141 4254 1218 4320 oben
1240 4253 1299 4321 Nr.
1326 4253 1400 4319 478.
1448 4253 1565 4320 Bierdc
1588 4253 1625 4320 0.
1653 4253 1870 4341 Petereboqen.

71 4526 156 4618 tiras
174 4528 355 4602 Heinrich
380 4549 443 4600 occ
470 4527 575 4619 Hopc
601 4503 773 4618 bekeadet,
801 4527 886 4599 does
913 4418 1175 4599 flamiriaca
1202 4526 1324 4598 Boctet
1352 4524 1558 4619 (Bothlete)
1587 4529 1661 4599 eice
1679 4528 1875 4602 Housstelte
1901 4531 1940 4600 in
1959 4530 2088 4602 Bierde

412 4635 485 4706 cod
510 4636 585 4707 eice
611 4635 649 4707 io
676 4634 752 4707 Itse
779 4634 856 4706 dem
885 4633 945 4705 Kl.
973 4633 1122 4706 Locrum
1148 4631 1309 4722 νανΙνααΙΙ
1336 4633 1402 4710 tot.
1461 4632 1498 4704 0.
1525 4634 1561 4706 J.
1590 4632 1732 4726 (1251).

186 4753 286 4820 Gedr.
311 4752 395 4817 occi
418 4753 486 4818 dem
508 4750 680 4817 Loccumer
702 4751 824 4838 Kopior
848 4749 882 4817 S.
906 4750 973 4815 235
996 4749 1056 4815 Nr.
1079 4748 1157 4830 372,
1180 4774 1207 4817 c.
1224 4748 1416 4837 Hodeoberp,
1444 4749 1650 4837 Cotercberper
1677 4750 1749 4818 UB.
1774 4749 1863 4818 Aba.
1882 4749 1948 4832 ΙΙΙ,
1971 4750 2004 4819 S.
2024 4751 2089 4819 106

269 4857 333 4924 Νν.
361 4857 435 4925 152.
482 4857 552 4922 Zur
574 4858 753 4943 Decimae
774 4859 837 4944 opi.
861 4858 911 4923 die
927 4857 1075 4942 yolpende
1097 4854 1160 4921 Νν.

1032 5000 1122 5080 558.

69 5111 190 5205 Herzog
220 5115 302 5188 orco
329 5135 394 5186 ooo
420 5069 693 5203 Broccselrweip
725 5112 919 5204 ibcrcipcet
950 5111 1026 5183 deoc
1061 5111 1121 5183 Ki.
1150 5112 1300 5184 Leccam
1332 5111 1416 5202 friat
1444 5111 1568 5202 Hcferc
1599 5091 1638 5184 ic
1670 5112 1868 5209 Meringen
1901 5115 1975 5186 aad
2007 5117 2090 5188 cwei

70 5215 280 5294 Honestetieo
307 5221 348 5292 ic
373 5219 514 5309 Bierde,
549 5219 605 5291 die
631 5222 693 5291 mit
720 5220 835 5290 seiocr
861 5218 934 5290 uod
960 5219 1072 5289 scices
1099 5218 1230 5291 Selenes
1257 5219 1377 5291 Alteri
1405 5219 1652 5311 Einwillioenp
1678 5221 1850 5293 Heinrich
1875 5243 1941 5293 ooo
1967 5221 2090 5294 Borrae

612 5325 689 5397 clem
717 5325 857 5398 Kloster
880 5324 1059 5416 pescteclct
1086 5325 1154 5399 leot.
1209 5325 1396 5417 [cincimo
1423 5324 1534 5399 1251.

187 5444 288 5511 Gedr.
306 5443 388 5508 coele
403 5443 472 5509 dein
487 5442 543 5510 Or.
560 5446 604 5507 im
620 5443 738 5508 Arellio
754 5443 807 5508 dee
822 5441 876 5510 Kl.
898 5441 1031 5507 Locrum
1045 5466 1072 5508 o.
1089 5441 1281 5529 Hodecberp,
1301 5441 1501 5530 Celenderper
1523 5443 1590 5512 Uo.
1607 5445 1701 5510 Abos.
1720 5442 1782 5524 ΙΙΙ,
1801 5443 1835 5511 S.
1856 5443 1920 5510 106
1935 5443 1994 5510 Νν.
2014 5443 2088 5511 163.
