5062 6776
437 423 502 490 286
1424 432 1491 488 taos

438 633 506 698 sint
528 631 737 712 beneficium,
761 633 794 694 et
817 648 893 694 curn
916 629 1124 695 scolastriam
1145 647 1262 693 vacare
1285 626 1468 710 contigerit,
1491 627 1584 708 quod
1607 645 1668 690 nos
1691 626 1745 690 vel
1767 644 1977 690 successores
2001 626 2117 708 nostri,
2141 627 2199 710 qui
2223 646 2283 709 pro
2304 631 2439 710 tempore

436 738 569 818 fuerint,
592 740 734 818 utraque
757 734 960 801 coniunctim
976 753 1037 817 pro
1052 752 1120 800 uuo
1135 733 1297 800 beneficio
1314 731 1532 799 conteremus.
1568 731 1723 798 Obeunte
1739 734 1849 796 autem
1867 729 2046 797 Godetrido
2061 733 2188 798 rectore
2205 731 2292 798 dicte
2307 735 2437 814 ecclesie,

438 841 632 908 scolasticus
661 841 802 923 receptis
836 840 1051 924 synodalibus
1082 839 1364 922 quemadmodum
1396 838 1496 905 faciet
1526 837 1562 903 in
1592 839 1701 917 antea,
1735 837 1771 900 in
1800 836 1873 920 ipsa
1903 836 2043 902 ecclesia
2074 840 2275 921 perpetuum
2305 839 2438 904 instituet

435 949 605 1028 vicarium,
638 946 695 1029 qui
722 965 837 1014 curam
865 947 1050 1012 animarum
1074 946 1116 1011 ab
1140 947 1298 1030 episcopo
1321 945 1459 1029 recipiet
1481 947 1514 1009 et
1538 942 1764 1009 obedientiam
1788 942 1818 1006 ei
1840 940 1938 1008 faciet
1961 935 2160 1008 manualem.
2208 943 2358 1008 Ceterum
2378 945 2438 1028 ipse

437 1053 630 1119 scolasticus
654 1053 697 1118 de
720 1050 905 1118 redditibus
927 1051 1034 1136 ipsius
1057 1051 1193 1117 ecclesie
1215 1054 1346 1117 tantum
1373 1050 1496 1115 vicario
1519 1049 1709 1132 assignabit,
1733 1050 1771 1113 ut
1794 1048 1912 1114 exinde
1937 1049 2111 1114 commode
2138 1051 2320 1114 sustentari
2346 1050 2440 1116 celest

436 1163 470 1225 et
492 1160 583 1243 quod
606 1159 744 1224 ecclesia
768 1157 889 1222 debitis
913 1157 1083 1240 obsequiis
1107 1177 1174 1223 uon
1199 1158 1380 1223 fraudetur.
1427 1155 1612 1221 Residuum
1634 1174 1726 1236 vero,
1756 1155 1846 1237 quod
1870 1153 2070 1238 superfuerit
2094 1154 2241 1237 deipsis
2265 1155 2439 1236 redditibus,

436 1265 627 1332 scolasticus
657 1266 694 1330 in
728 1264 994 1348 supplementum
1031 1262 1178 1328 defectus
1214 1263 1266 1326 sui
1288 1261 1388 1327 officii
1411 1261 1516 1326 libere
1539 1260 1704 1326 retinebit.
1751 1263 1908 1326 Preterea
1931 1259 2133 1344 nolumus1),
2165 1260 2257 1343 quod
2285 1262 2440 1328 occasione

434 1372 534 1437 huius
558 1371 750 1439 donacionis
774 1389 834 1435 seu
855 1370 973 1436 statuti
989 1369 1162 1436 scolastria
1177 1369 1357 1434 sectionem
1373 1367 1519 1450 aliquam
1534 1366 1585 1432 vel
1604 1367 1838 1433 detrimentum
1853 1366 1888 1430 in
1904 1366 2002 1430 bonis
2018 1368 2077 1431 aut
2092 1366 2280 1432 redditibus
2296 1368 2439 1432 hactenus

435 1477 556 1543 habitis
580 1477 739 1559 paciatur.
799 1476 870 1540 Hec
897 1474 1010 1558 itaque
1041 1474 1152 1539 omnia
1181 1474 1373 1558 supradicta
1400 1473 1442 1537 de
1471 1472 1621 1539 unanimi
1649 1473 1787 1539 consilio
1814 1476 1848 1538 et
1874 1472 2046 1537 voluntate
2083 1491 2122 1537 ac
2156 1492 2323 1538 consensu
2350 1475 2439 1538 nostri

436 1584 572 1667 capituli
606 1583 832 1649 ordinavimus
868 1583 901 1647 et
935 1582 1121 1662 statuimus,
1157 1601 1222 1663 que
1258 1580 1362 1644 eciam
1395 1579 1560 1662 presentis
1594 1579 1709 1662 scripti
1741 1578 1926 1662 patrocinio
1961 1577 2207 1644 confirmamus.
2261 1578 2349 1644 Nulli
2376 1599 2443 1662 ergo

434 1689 561 1754 homini
589 1690 685 1755 liceat
719 1691 806 1754 hanc
838 1691 950 1752 nostre
974 1686 1168 1752 donacionis
1191 1707 1250 1752 seu
1274 1685 1540 1751 confirmacionis
1563 1686 1719 1768 paginam
1741 1684 1920 1767 intringere
1944 1685 1997 1750 vel
2021 1684 2050 1748 ei
2075 1703 2159 1748 ausu
2179 1685 2355 1750 temerario
2374 1706 2441 1750 con-

435 1795 543 1860 traire.
591 1797 627 1861 Si
655 1795 730 1877 quis
754 1797 866 1858 autern
894 1794 958 1858 hoc
982 1795 1178 1876 attemptare
1201 1792 1452 1875 presumpserit,
1484 1791 1745 1874 indignationem
1769 1791 2006 1874 omnipotentis
2030 1791 2091 1856 Dei
2115 1793 2148 1854 et
2171 1791 2344 1857 beatorum
2366 1791 2440 1856 Petri

439 1904 472 1966 et
496 1901 591 1966 Pauli
613 1900 842 1984 apostolorum
859 1900 930 1964 eius
947 1921 982 1964 se
998 1899 1126 1965 noverit
1142 1899 1364 1965 incursurum.
1409 1897 1526 1963 Testes
1549 1897 1648 1962 huius
1672 1897 1719 1962 rei
1742 1900 1837 1962 sunt:
1863 1897 2030 1962 Gerardus
2053 1899 2212 1978 decenne,
2237 1897 2390 1962 Ludollus
2409 1899 2444 1961 de

437 2007 574 2086 Pedese,
610 2004 768 2070 Hinricus
803 2008 923 2087 custos,
959 2004 1119 2070 Ludolfus
1154 2006 1279 2084 cantor,
1313 2003 1452 2086 Widego
1486 2005 1592 2070 sancti
1626 2003 1759 2068 Martini
1793 2003 1996 2086 prepositus,
2030 2003 2144 2068 Bruno
2181 2005 2224 2068 de
2255 2004 2441 2085 Spenthore,

435 2113 605 2178 lohannes
640 2112 682 2176 de
716 2111 839 2190 Bucka,
874 2110 1046 2177 Conradus
1081 2111 1272 2193 prepositus
1308 2109 1414 2173 sancti
1448 2109 1620 2188 lohanniS,
1655 2108 1822 2173 Jordanus
1850 2108 1892 2174 de
1921 2109 2130 2192 Callendorp,
2163 2108 2322 2173 Albertus
2350 2109 2441 2191 Spric,

436 2217 650 2283 Reinherdus
680 2218 721 2281 de
744 2217 838 2298 Slon,
866 2216 1056 2281 Gerlrardus
1085 2216 1126 2281 de
1154 2214 1346 2294 Erevordia,
1377 2213 1546 2280 Arnoldus
1575 2216 1616 2279 de
1640 2213 1775 2296 Seiana,
1803 2215 1995 2280 Gerhardus
2024 2215 2065 2280 de
2089 2214 2248 2296 Bastorp‚
2276 2215 2442 2296 Volquinus

436 2325 477 2388 de
501 2323 750 2404 Schalkesberg,
779 2323 965 2387 Harbertus
993 2323 1034 2386 de
1058 2321 1237 2402 Mandeslo,
1268 2320 1418 2386 canonici
1447 2323 1559 2385 nostre
1587 2320 1736 2401 ecclesie,
1766 2324 1799 2386 et
1827 2320 1881 2384 alii
1913 2320 2160 2403 quamplures.
2210 2320 2254 2384 Ut
2277 2321 2370 2402 igitur
2391 2321 2442 2382 hoc

436 2429 570 2495 salubre
594 2431 755 2493 statutum
777 2428 813 2491 in
836 2448 898 2492 suo
921 2426 1049 2492 firmius
1073 2428 1193 2493 robore
1215 2429 1414 2510 perseveret,
1444 2430 1634 2509 presentem
1657 2426 1801 2491 litteram
1824 2445 1925 2510 super
1948 2446 1988 2491 eo
2012 2425 2239 2508 conscriptam
2261 2429 2329 2490 tarn
2352 2425 2443 2508 sigillo

436 2539 549 2600 nostro
573 2554 675 2617 quam
698 2535 802 2599 nostri
826 2533 959 2615 capituli
983 2534 1138 2597 duximus
1162 2532 1394 2597 roborandam.
1430 2531 1551 2596 Actum
1575 2535 1608 2596 et
1632 2531 1746 2596 datum
1769 2531 1916 2617 Minde2)
1939 2551 2027 2597 anno
2052 2531 2183 2598 Domini
2208 2531 2441 2610 Mtcctxnt,

437 2640 484 2706 Ill
506 2641 620 2706 Nonas
643 2639 722 2705 Julii
746 2639 959 2721 pontificatus
983 2639 1086 2704 nostri
1111 2657 1198 2702 anno
1223 2637 1380 2702 secundo.

652 2745 673 2816 ¹)
692 2745 813 2798 volumus
832 2745 866 2800 A.
906 2743 928 2814 ¹)
948 2745 1038 2798 blinda
1056 2745 1090 2796 A.

569 2832 733 2910 Abecdru'ft
755 2834 808 2898 des
832 2833 882 2898 14.
906 2833 1017 2898 Jalrlr.
1042 2835 1076 2896 r'rr
1100 2832 1175 2896 Mac.
1207 2828 1278 2908 VII,
1301 2828 1401 2912 2401,
1427 2829 1461 2895 S.
1486 2829 1530 2893 43
1552 2834 1596 2894 im
1619 2830 1691 2915 qu.
1719 2829 1824 2895 sc-A.
1848 2853 1888 2894 zu
1911 2831 2050 2895 Munater
2074 2831 2145 2916 (A),
2172 2829 2288 2916 Rryeet
2311 2831 2382 2894 illac.
2404 2825 2440 2906 ll,

651 2939 750 3019 189α,
779 2937 838 3003 Nr.
863 2935 938 3018 467,
983 2937 1086 3014 Weatf.
1112 2936 1372 3002 Prouinzr'ul-Bll.
1398 2934 1441 3014 II,
1468 2936 1497 3015 4,
1525 2935 1558 3003 S.
1583 2936 1627 3001 50
1651 2935 1710 2999 Nr.
1733 2935 1788 3001 97.
1838 2935 1934 3002 Gedr.
1967 2935 2160 3014 Wurdrwein,
2199 2935 2291 3001 suta.
2315 2937 2385 3020 dipl.
2407 2932 2442 3008 X,

651 3044 685 3112 S.
722 3044 775 3113 26.
836 3044 930 3109 Haila
972 3045 1020 3108 bei
1058 3043 1282 3108 Bodeuwerdar
1318 3047 1361 3107 im
1398 3041 1540 3128 Herzoqt.
1585 3042 1837 3127 Bracmatwerq,
1878 3043 1936 3127 apl.
1982 3041 2140 3119 Holsclrar,
2183 3041 2361 3106 Berclrrer'b.
2399 3041 2443 3103 der
2522 3073 2523 3076 ¹

650 3153 777 3216 uormal.
802 3151 881 3218 Bur.
906 3151 1036 3216 Minden
1060 3150 1093 3216 S.
1118 3148 1171 3215 87.

1401 3347 1493 3424 934.

434 3475 579 3565 Btsclref
615 3476 689 3547 ouo
722 3498 787 3546 verr
821 3474 969 3546 Mindon
1005 3473 1206 3564 verpsdrrdct
1237 3474 1303 3544 deu
1331 3475 1497 3544 Brrtderrr
1531 3474 1714 3544 Eberhard
1740 3475 1813 3544 arrd
1841 3473 1976 3544 Aruold
2009 3495 2074 3544 rou
2108 3474 2249 3560 Zersen,
2291 3473 2361 3544 arrd
2389 3473 2444 3541 dea

436 3583 601 3655 Brr'tdcru
628 3583 806 3654 Justucr'us
833 3581 905 3650 und
934 3580 1067 3652 Giseler
1093 3602 1158 3650 rou
1182 3580 1454 3668 Mrtrrclrlrurrseu,
1484 3581 1630 3669 Rittern,
1660 3581 1768 3652 Gr'r'w
1794 3582 1833 3652 in
1860 3579 2102 3668 Lauerlruperr,
2132 3579 2314 3666 Nordselrl,
2349 3577 2444 3650 Vora-

1023 3686 1131 3775 lupen
1157 3687 1231 3756 aad
1258 3686 1496 3762 Hubr'clrlzorst.
1552 3685 1653 3758 1269
1680 3687 1817 3775 August
1844 3685 1878 3757 2.

544 3808 658 3871 Frater
682 3807 761 3871 Otto
789 3808 849 3869 etc.
886 3805 1050 3869 Omnibus
1073 3807 1134 3869 etc.
1171 3803 1257 3882 Quia
1280 3804 1390 3869 labilis
1414 3807 1465 3868 est
1489 3804 1661 3868 hominum
1684 3804 1855 3883 memoria,
1883 3823 1949 3886 que
1972 3806 2146 3884 gleruntur
2168 3803 2202 3866 in
2226 3807 2375 3886 tempore
2397 3801 2445 3880 ne)

436 3915 593 3979 labantur
616 3931 690 3977 eum
713 3914 873 3992 ternpore,
898 3910 1030 3992 scriptis
1053 3910 1161 3976 solent
1184 3911 1245 3992 (et)
1268 3909 1427 3992 teet(ibus
1450 3909 1660 3994 perhennari.
1707 3910 1807 3991 Hinc)
1831 3914 1891 3989 est,
1916 3911 2007 3992 quod
2031 3910 2073 3973 ad
2090 3909 2247 3974 noticiam
2264 3912 2332 3973 tarn
2354 3907 2446 3986 tut(u·

438 4021 563 4101 rorum)
587 4037 688 4100 quarn
712 4017 935 4100 (presencium
960 4015 1112 4099 cupirnus
1135 4015 1336 4098 pervenire),
1369 4017 1461 4099 quod
1485 4036 1546 4080 nos
1570 4016 1612 4080 de
1636 4035 1801 4081 consensu
1825 4013 1971 4098 cap(ituli
1995 4015 2101 4080 nostri
2125 4017 2158 4078 et
2180 4015 2366 4096 voluntate)
2392 4031 2445 4093 pro

436 4125 574 4190 ecclesie
598 4127 709 4189 nostre
733 4123 957 4204 (necessitate)
982 4123 1172 4188 Everhardo
1195 4122 1291 4186 militi
1314 4121 1358 4205 (l)
1383 4124 1442 4204 (et)
1467 4122 1614 4186 Arnoldo
1637 4121 1761 4188 famulo
1785 4121 1942 4185 fratribus
1967 4121 2063 4185 dictis
2080 4121 2227 4185 Zernsne
2252 4123 2307 4204 (ac
2328 4118 2447 4198 eorum)

436 4231 531 4295 iustis
558 4229 749 4310 heredibus,
772 4228 919 4294 Justacio
944 4229 984 4292 de
1008 4228 1247 4293 Moninchusen
1275 4230 1308 4290 et
1331 4228 1416 4310 (suis
1444 4227 1639 4312 heredibus)
1663 4247 1793 4292 necnon
1822 4231 1855 4292 et
1879 4227 2027 4292 Giselero
2050 4227 2145 4291 militi
2168 4225 2262 4292 fratri
2286 4246 2345 4291 suo
2367 4225 2447 4288 bona

436 4336 484 4415 (in
501 4335 759 4418 Lewenha)gen,
776 4335 939 4414 Nortsele,
955 4334 1183 4416 Vorenhagen,
1200 4333 1409 4398 Hevechorst
1425 4353 1500 4397 cum
1516 4334 1698 4416 o(mnibus)
1715 4333 1844 4397 iuribus
1861 4333 1946 4398 sicut
1960 4335 2055 4396 tenet
2071 4331 2210 4397 ecclesia
2227 4351 2291 4414 pro
2308 4327 2446 4396 ducentis

440 4441 559 4505 marcis
581 4440 802 4522 Bremen(sis)
827 4441 953 4522 argenti
977 4441 1049 4505 loco
1080 4442 1112 4504 et
1139 4441 1272 4504 nornine
1301 4439 1451 4522 pignoris
1475 4439 1702 4521 obligavimus,
1730 4440 1776 4503 ita
1799 4441 1922 4520 tamen,
1949 4441 1996 4518 ut,
2029 4458 2104 4502 cum
2127 4438 2298 4520 contingat
2321 4456 2380 4502 nos
2401 4433 2446 4496 rel

437 4566 646 4611 successores
670 4548 803 4610 nostros
827 4547 943 4610 eedem
965 4547 1055 4611 bona
1077 4546 1251 4622 redimere,
1276 4546 1367 4626 quod
1390 4546 1467 4610 ante
1491 4547 1711 4610 monetarium
1735 4545 1770 4610 in
1794 4546 1906 4610 Minda
1928 4545 2071 4629 pecunia
2092 4544 2303 4628 persolvatur
2318 4545 2350 4608 et
2365 4538 2445 4623 quod

437 4652 518 4716 dicti
540 4651 662 4716 milites
685 4654 720 4716 et
741 4651 856 4716 famuli
874 4703 880 4714 .
900 4698 907 4715 .
925 4703 931 4716 .
949 4652 984 4715 in
1000 4651 1123 4716 ducatu
1139 4650 1275 4716 ecclesie
1291 4651 1401 4715 eundo
1419 4653 1452 4716 et
1467 4652 1637 4715 redeundo
1653 4671 1716 4734 pro
1731 4651 1898 4732 omnibus,
1923 4650 1981 4734 qui
1998 4650 2115 4715 nolunt
2129 4649 2300 4732 preceptis
2316 4643 2442 4712 ecclesie

437 4757 581 4822 obedire.
622 4757 777 4821 Ceterum
799 4757 834 4821 in
857 4758 941 4821 testu
958 4757 1089 4821 Martini
1113 4777 1203 4821 nunc
1224 4757 1380 4820 instantis
1403 4756 1489 4821 infra
1512 4760 1655 4838 quatuor
1678 4777 1785 4822 annos
1808 4757 1979 4838 proximos
2002 4759 2036 4820 et
2058 4756 2234 4820 continuos
2258 4755 2346 4820 dicta
2367 4753 2446 4816 bona

436 4862 619 4927 redimendi
643 4882 710 4926 non
734 4863 917 4927 habeamus
946 4864 1150 4941 facultatem3
1183 4863 1306 4945 quibus
1336 4863 1512 4927 transactis
1540 4861 1681 4927 liberum
1708 4863 1772 4928 erit
1799 4863 1888 4926 bona
1916 4862 2086 4944 sepedicta
2116 4860 2213 4925 nubis
2242 4860 2295 4924 vel
2325 4875 2445 4922 succes·

437 4969 569 5032 soribus
593 4969 717 5033 nostris
740 4969 933 5033 redimendi.
981 4969 1023 5033 Et
1045 4989 1087 5032 ne
1111 4968 1209 5033 alicui
1233 4968 1274 5031 de
1298 4969 1362 5031 hoc
1385 4968 1524 5032 dubium
1547 4969 1682 5048 oriatur,
1713 4987 1852 5051 presens
1875 4968 2038 5050 scriptum
2061 4967 2245 5049 sigillorum
2267 4967 2445 5030 nostrorum

434 5075 621 5138 munimine
645 5074 782 5139 lecimus
805 5075 963 5139 roborari.
1010 5074 1134 5138 Datum
1157 5093 1245 5138 anno
1269 5073 1400 5139 Domini
1424 5073 1726 5156 M⁰.CC⁰.LX⁰.IX⁰.,
1751 5077 1869 5157 quarto
1893 5073 2008 5139 Nonas
2031 5073 2185 5154 Augusti.

573 5177 625 5243 Or.
648 5183 693 5242 r'm
708 5179 780 5264 Kpt.
801 5179 906 5244 sr.-A.
930 5203 969 5243 zu
985 5180 1134 5258 Maiester,
1158 5177 1314 5242 Frirctent.
1334 5179 1460 5242 Minden
1484 5176 1542 5241 Nr.
1558 5177 1638 5256 roa,
1662 5179 1735 5243 celer
1755 5182 1893 5243 zaretdrt.
1935 5177 2038 5262 Sr'epel
2060 5199 2118 5241 von
2140 5177 2209 5240 darn
2231 5197 2287 5240 uon
2303 5175 2358 5238 der
2376 5168 2444 5234 Urt.

647 5286 871 5369 peactnittenen
889 5285 1199 5370 Paryamcntstreiten
1215 5283 1266 5347 ab.
1290 5285 1352 5348 Die
1367 5282 1598 5369 Erycinzurrpen
1614 5285 1755 5350 teilwcr'm
1769 5285 1848 5348 auctr
1863 5285 1932 5348 darn
1947 5283 2055 5347 Druck
2071 5283 2120 5346 bei
2141 5279 2339 5357 Wardrwein,
2357 5276 2442 5342 Subr.

649 5392 722 5476 dipl.
748 5390 808 5469 XI,
835 5390 867 5456 S.
893 5388 945 5454 49.
987 5389 1098 5474 Repest
1120 5391 1196 5452 Mac.
1223 5387 1267 5468 II,
1293 5387 1393 5468 189u‚
1418 5387 1478 5455 Nr.
1502 5389 1577 5468 440,
1610 5388 1837 5476 erpermarrn,
1861 5389 1959 5475 Repp.
1987 5388 2152 5456 selaune.
2180 5387 2213 5454 S.
2234 5386 2276 5452 91
2302 5383 2360 5449 Nr.
2379 5379 2442 5445 180.
