5062 6806
1066 493 1134 550 1240
1347 437 1355 458 ⁸
2062 481 2105 546 91

103 718 167 764 com
187 699 334 778 tempore
358 693 524 776 labantur,
548 691 671 775 scripto
694 711 761 758 non
784 689 938 757 inmerite
961 688 1245 754 commendantur.
1291 688 1454 756 Noverint
1475 689 1575 773 igitur
1598 689 1744 756 universi
1765 693 1835 757 tam
1857 689 1983 775 posteri
2005 711 2107 774 quam

101 799 246 883 moderni,
267 799 460 866 Brunonem
483 819 545 882 pro
569 817 638 863 uno
661 817 778 863 manso
803 795 941 862 ecclesie
963 798 1077 860 nostre
1101 795 1262 861 attinente
1285 794 1320 859 in
1336 795 1494 862 Horstein
1517 795 1582 862 sito
1605 815 1663 862 sex
1685 816 1815 862 marcas
1839 796 1972 862 dedisse
1995 799 2028 863 et
2044 816 2107 862 nos

101 913 136 978 ad
156 907 326 975 consilium
350 910 384 972 et
406 905 604 989 petitionem
639 903 765 970 domini
790 903 954 970 Gerhardi
979 903 1020 968 de
1043 901 1226 983 Bardelage
1255 903 1290 966 et
1312 901 1451 966 fratrum
1481 902 1587 984 ipsius
1617 902 1725 968 eidem
1749 902 1930 988 B(runoni)
1957 906 1991 969 et
2012 903 2108 970 uxori

101 1021 127 1082 et
147 1014 237 1080 matri
260 1013 410 1079 eiusdem
438 1011 668 1094 universisque
703 1011 772 1074 suis
802 1010 980 1076 heredibus
1003 1008 1155 1092 legitimis
1177 1008 1420 1092 possidendum
1443 1009 1515 1074 iure
1539 1008 1660 1074 feodali
1682 1010 1880 1092 porrexisse.
1928 1010 1972 1074 Ut
1995 1012 2108 1076 autem

100 1124 187 1188 buius
209 1121 256 1184 rei
277 1138 454 1202 processus
478 1137 498 1182 a
519 1117 665 1201 posteris
689 1135 756 1182 non
779 1116 886 1200 possit
907 1114 1088 1196 immutari,
1111 1117 1303 1198 presentem
1324 1115 1480 1198 paginam
1504 1115 1601 1197 sigilli
1618 1115 1756 1181 ecclesie
1772 1118 1885 1182 nostre
1902 1115 2108 1199 appensione

100 1228 349 1294 corroboramus.
396 1225 481 1289 Acta
504 1227 582 1289 sunt
604 1225 717 1287 autem
740 1224 801 1288 hec
825 1241 914 1287 anno
939 1221 1103 1287 dominice
1125 1220 1369 1286 incarnacionis
1393 1220 1630 1286 M⁰.G⁰C⁰.XL⁰.

221 1329 275 1397 Or.
298 1333 342 1394 im
364 1329 437 1416 qu.
464 1328 568 1394 sa-A.
603 1350 643 1392 zu
671 1329 821 1406 Minaten
855 1325 901 1392 St.
927 1326 1045 1390 Martia
1079 1329 1113 1390 ia
1141 1326 1268 1390 Mindon
1303 1325 1362 1389 Nr.
1391 1325 1422 1389 8.
1480 1326 1557 1406 Auf
1580 1328 1636 1392 der
1658 1325 1822 1392 Rdckeeite
1854 1349 1912 1392 oon
1934 1325 2033 1391 Haud
2054 1327 2110 1392 dea

298 1437 350 1500 15.
373 1435 444 1502 Jh:
478 1436 606 1503 Littera
633 1454 735 1517 super
763 1453 881 1500 manso
904 1435 940 1499 in
964 1433 1096 1498 Horste.
1154 1433 1208 1495 An
1235 1431 1551 1517 Perpameatatreifen
1585 1431 1781 1496 Baeterrae
1816 1433 1870 1498 dea
1902 1431 2020 1518 Siepela
2055 1433 2110 1498 dee

296 1542 448 1630 Kupitela.
473 1579 515 1590 -
540 1542 700 1607 Horstein
722 1543 766 1605 iet
787 1537 923 1605 Horeten
952 1535 997 1601 W.
1022 1536 1195 1624 Nenadorf
1212 1540 1257 1602 im
1279 1539 1455 1604 kemachen
1480 1537 1709 1625 deterrereturq,
1733 1540 1793 1625 opt.
1819 1539 1891 1606 oben
1912 1537 1972 1606 Nr.
1997 1537 2050 1605 87.

1057 1719 1147 1808 337.ι

101 1853 184 1942 drot
212 1852 287 1924 Otto
313 1873 378 1923 von
410 1848 637 1940 Techlcnburg
663 1847 866 1920 entechcidet
893 1848 991 1918 einen
1019 1847 1124 1918 Streit
1150 1847 1208 1917 des
1234 1843 1289 1920 Kl.
1318 1846 1454 1918 Levern
1482 1847 1542 1917 mit
1570 1845 1710 1918 Robodo
1736 1869 1802 1920 ooo
1830 1846 2109 1923 Wordinchove

748 1977 862 2042 weber
888 1954 949 2024 dee
977 1953 1088 2043 Hofes
1115 1954 1152 2023 in
1181 1953 1288 2024 Stella.
1344 1952 1451 2024 1240.

193 2077 270 2142 Otto
299 2095 410 2142 comes
439 2075 480 2139 de
503 2074 724 2140 'lekeneburh
751 2072 916 2138 universis
942 2073 1029 2136 hanc
1056 2070 1212 2155 paginam
1235 2071 1436 2154 inspecturis
1460 2071 1601 2135 salutem
1625 2071 1661 2135 in
1684 2071 1837 2138 Domino.
1885 2074 2011 2139 Notum
2034 2095 2110 2141 esse

100 2183 236 2268 cupimus
271 2185 340 2248 tam
370 2182 537 2249 modernis
568 2200 670 2264 quam
692 2179 843 2264 posteris,
879 2179 970 2262 quod
994 2197 1069 2244 cum
1092 2177 1179 2242 inter
1201 2180 1403 2242 conventum
1428 2177 1470 2242 de
1494 2176 1642 2242 Leveren
1667 2198 1707 2242 ex
1730 2181 1825 2260 parte
1850 2199 1918 2244 una
1940 2182 1973 2245 et
1995 2181 2109 2246 Rabo-

101 2292 208 2355 donem
229 2289 370 2354 militem
393 2290 434 2354 de
457 2287 702 2354 Wordinchove
726 2307 766 2351 ex
790 2285 893 2350 altera
915 2303 1017 2368 super
1041 2286 1167 2348 curtem
1190 2284 1227 2348 in
1250 2283 1353 2349 Stello
1378 2287 1411 2348 et
1434 2283 1504 2348 suis
1528 2283 1721 2362 attinentiis
1751 2306 1817 2368 que
1840 2286 1927 2352 bone
1952 2289 2110 2354 memorie

100 2396 249 2462 Henricus
273 2396 373 2461 Scole
396 2394 491 2461 miles
515 2413 535 2458 a
557 2394 653 2459 nobis
674 2394 784 2459 tenuit
806 2393 840 2456 in
864 2392 962 2458 feodo
987 2395 1021 2456 et
1044 2390 1230 2454 contulerat
1253 2389 1395 2455 cenobio
1421 2389 1611 2471 Leverensi,
1648 2393 1874 2458 controversia
1908 2393 2026 2460 luisset
2050 2395 2109 2459 ali-

100 2502 243 2586 quamdiu
271 2503 420 2582 actitata,
451 2502 587 2567 tandem
614 2501 656 2565 de
679 2500 860 2565 multorum
883 2498 1084 2582 prudentum
1108 2496 1286 2580 utriusque
1310 2496 1416 2578 partis
1441 2495 1622 2562 amicorum
1645 2498 1786 2563 consilio
1809 2499 1884 2564 talis
1907 2499 1995 2565 inter
2019 2501 2111 2584 ipsos

100 2607 280 2691 compositio
304 2607 509 2672 intercessit:
539 2607 632 2672 Idem
653 2607 793 2673 Rabodo
817 2605 961 2687 acceptis
985 2603 1206 2687 quadraginta
1229 2603 1349 2668 marcis
1374 2623 1394 2668 a
1416 2603 1546 2687 prefato
1570 2604 1709 2671 cenobio
1734 2606 1824 2669 omni
1848 2606 1921 2687 iuri,
1957 2608 2049 2690 quod
2073 2607 2109 2674 in

100 2715 175 2780 dicta
206 2717 299 2780 curte
327 2713 391 2778 sibi
419 2713 560 2794 dicebat,
595 2715 715 2796 sponte
745 2712 844 2778 cessit
867 2714 900 2776 et
924 2711 967 2775 ad
990 2712 1241 2776 habundantem
1266 2711 1431 2776 cautelam
1454 2710 1515 2774 filii
1540 2711 1666 2776 domini
1691 2710 1845 2776 Cristiani
1869 2712 1979 2778 fratris
2003 2714 2112 2797 ipsius

100 2820 278 2886 Rabodonis
314 2839 390 2886 cum
423 2819 497 2903 ipso
533 2819 722 2885 Rabodone
757 2821 882 2882 curtem
917 2817 1057 2881 eandem
1093 2836 1168 2881 cum
1200 2817 1270 2882 suis
1294 2818 1505 2900 pertinentiis
1529 2817 1686 2882 manibus
1711 2819 1834 2882 nostris
1858 2819 2111 2902 resignaverunt

100 2926 189 2992 libere
210 2931 242 2992 et
265 2927 418 2992 absolute
442 2925 533 2992 omni
555 2926 629 3008 iuri,
653 2926 745 3008 quod
766 2925 848 3008 ipsis
871 2924 924 2989 vel
948 2943 1063 2987 eorum
1086 2922 1265 2988 heredibus
1289 2923 1325 2987 in
1345 2924 1471 2988 eisdem
1488 2925 1585 2990 bonis
1598 2926 1792 3007 'competere
1807 2930 1933 3008 posset,
1958 2927 2110 2992 renunti-

100 3037 182 3098 antes
215 3053 379 3118 expresse.
438 3033 509 3098 Nos
544 3035 656 3098 autern
689 3030 801 3096 uxoris
836 3032 951 3096 nostre
973 3030 1140 3095 Methildis
1168 3032 1201 3094 et
1223 3029 1283 3094 filii
1307 3030 1413 3095 nostri
1437 3030 1572 3096 Henrici
1600 3032 1658 3114 pio
1682 3031 1862 3097 accedente
1885 3053 2053 3099 consensu
2077 3037 2111 3099 et

100 3141 215 3206 liberali
239 3140 411 3207 voluntate
438 3139 675 3223 proprietatem
705 3137 807 3204 curtis
835 3137 1003 3219 sepedicta
1037 3157 1113 3202 cum
1140 3137 1324 3220 mancipiis
1356 3137 1492 3220 mansis,
1522 3138 1688 3216 domibus,
1713 3137 1814 3219 silvia,
1837 3138 1953 3220 pratis,
1977 3141 2112 3221 pascuis

99 3251 127 3310 et
147 3247 296 3312 omnibus
331 3246 540 3329 pertinentiis
575 3243 644 3309 suis
674 3265 734 3328 pro
762 3244 908 3310 remedio
937 3243 1124 3308 animarum
1147 3245 1339 3308 nostrarmn
1362 3243 1543 3308 donatione
1567 3247 1731 3327 perpetua
1755 3245 1956 3311 contulimus
1979 3247 2110 3330 prefato

99 3353 223 3418 cenobio
247 3351 434 3418 Leverensi.
480 3351 519 3416 In
543 3351 638 3416 cuius
662 3351 709 3416 rei
732 3350 883 3416 notitiam
916 3350 1107 3433 presentem
1142 3350 1298 3434 paginam
1333 3352 1448 3416 nostro
1472 3352 1505 3415 et
1529 3351 1642 3416 uxoris
1667 3353 1778 3415 nostre
1802 3352 1970 3417 ltlethildis
1994 3353 2111 3436 sigillis

99 3459 325 3536 roboravimus
349 3462 382 3525 et
406 3459 449 3525 ad
470 3458 578 3524 maius
601 3457 702 3522 robur
724 3457 844 3523 nobilis
865 3456 915 3521 vir
931 3455 1010 3520 Otto
1034 3474 1145 3520 comes
1169 3457 1211 3520 de
1227 3456 1378 3521 Vlotowe
1405 3456 1549 3540 sigillum
1573 3477 1672 3522 suum
1696 3457 1795 3524 etiam
1820 3458 1914 3524 duxit
1936 3480 2111 3543 apponen-

99 3566 178 3630 dum.
221 3566 344 3630 Datum
368 3584 456 3630 anno
480 3565 583 3646 gratie
605 3564 779 3630 millesimo
803 3562 963 3630 cc⁰.xl.⁰.
1010 3563 1096 3627 Acta
1119 3565 1197 3628 sunt
1220 3563 1282 3628 hec
1305 3564 1519 3646 presentibus
1543 3563 1745 3629 Widekindo
1770 3565 1812 3629 de
1827 3565 2111 3650 Westerwinkele,

99 3671 261 3736 Thiderico
284 3675 319 3736 et
341 3671 487 3736 Henrico
511 3671 670 3736 iratribus
693 3670 735 3735 de
759 3670 968 3750 Callendorb‚
993 3669 1185 3734 Everhardo
1210 3669 1251 3734 de
1275 3669 1500 3754 Varendorpe,
1526 3669 1685 3736 Lutberto
1709 3670 1751 3736 de
1775 3671 1979 3756 Northorpe‚
2003 3672 2111 3738 Here-

98 3778 192 3841 bordo
215 3778 256 3842 de
279 3776 471 3860 Spredowe‚
503 3776 699 3842 Herebordo
722 3776 852 3841 iuniore
874 3775 943 3840 filio
966 3796 1039 3857 suo,
1071 3775 1242 3858 Ludegero
1266 3776 1308 3840 de
1331 3775 1454 3858 Werle‚
1479 3775 1657 3841 Lamberto
1682 3777 1870 3860 Gansespit‚
1896 3777 2039 3843 Ludolfo
2065 3779 2106 3844 de

98 3882 225 3965 ll'ihem,
248 3884 374 3949 Arturo
398 3883 440 3947 de
463 3883 605 3965 Broden‚
635 3882 783 3948 Amoldo
808 3883 849 3948 de
872 3883 1106 3964 Vorenholthe,
1130 3882 1286 3947 Bernone
1310 3883 1351 3947 de
1374 3882 1594 3966 Alderdorpe,
1620 3883 1793 3949 Gotscaloo
1817 3885 2004 3966 Balistario‚
2029 3885 2111 3950 Ger-

97 3988 190 4054 hardo
213 3991 254 4055 de
277 3989 447 4072 liettinge‚
470 3989 598 4055 Thema
621 3991 662 4055 de
685 3989 822 4054 Thitten
845 3990 878 4054 et
902 3989 1041 4055 Ludolfo
1066 3990 1107 4054 de
1132 3989 1355 4055 Sooldebroke
1379 3992 1413 4054 et
1436 3989 1509 4055 aliis
1534 4011 1637 4073 quam
1660 3991 1822 4074 pluribus,

217 4093 272 4160 Or.
299 4098 344 4158 im
367 4092 442 4181 qu.
469 4094 573 4162 Sa-A.
602 4117 641 4159 aa
663 4096 813 4174 Minister,
849 4093 967 4160 Larem
988 4093 1052 4163 Nr.
1076 4095 1129 4172 45,
1164 4097 1223 4158 mit
1255 4097 1321 4158 viee·
1347 4095 1580 4179 puterhaltenen
1605 4094 1730 4182 Siepetn
1756 4098 1791 4160 in
1813 4100 1950 4162 weiaeem
1979 4094 2111 4162 Wacde:
2185 4108 2188 4115 '

298 4200 330 4286 1)
354 4202 408 4267 dea
430 4200 555 4281 Grafen
578 4223 636 4267 von
662 4197 882 4288 Tecklenbury,
905 4200 941 4286 2)
966 4203 1022 4266 der
1045 4200 1158 4282 Grdfin
1180 4223 1238 4264 oon
1265 4197 1490 4287 Tecklenburp,
1517 4200 1603 4267 boida
1619 4225 1661 4266 aa
1676 4206 1966 4288 grin-weim-rotea
1983 4202 2110 4268 Seidea-

288 4309 402 4394 friden,
436 4308 472 4394 3)
497 4310 551 4372 dee
573 4307 695 4388 Grafen
719 4305 789 4371 ooo
810 4329 868 4372 von
891 4307 1090 4393 anmberg
1114 4307 1339 4392 (Reitereiegel)
1375 4307 1442 4371 und
1474 4308 1509 4394 4)
1535 4307 1591 4372 der
1616 4307 1729 4391 Greifin
1754 4308 1867 4396 Sophia
1889 4331 1947 4374 voa
1972 4308 2109 4374 Ravenn-

294 4413 376 4501 berp,
399 4413 483 4480 bride
505 4438 547 4478 on
569 4417 792 4500 plainweieeen
817 4412 1034 4498 Seidensridan.
1090 4411 1247 4479 Wdhrend
1276 4415 1325 4478 dira
1358 4413 1466 4479 beiden
1496 4427 1597 4480 ersten
1625 4416 1680 4495 fiir
1707 4417 1776 4500 airh
1798 4415 1929 4501 hdnpen,
1965 4417 2038 4480 sind
2060 4416 2110 4482 de

295 4519 400 4586 beiden
422 4523 529 4586 letzten
552 4521 692 4584 dadurch
714 4523 771 4584 mit
792 4519 941 4584 mnonder
961 4519 1145 4598 verbunden,
1177 4521 1253 4584 doce
1276 4523 1320 4586 rie
1343 4543 1386 4584 aa
1409 4521 1468 4586 deo
1493 4520 1600 4586 beiden
1623 4519 1734 4585 Endera
1757 4520 1914 4587 deraetben
1937 4523 2036 4586 durch
2059 4522 2110 4590 die

301 4623 382 4692 Ure.
405 4648 574 4713 gezopenen
595 4629 819 4712 weiss-grainan
844 4624 1051 4706 Seidenfdden
1073 4625 1214 4712 hefhatipt
1235 4627 1317 4690 sind.

1047 4789 1138 4869 338.

98 4912 188 5003 Graf
199 4916 368 4988 Heinrich
385 4939 450 4988 von
468 4917 572 5006 Hoyo
590 4915 752 4988 detondet
770 4916 836 4988 den
863 4917 1019 5006 Verlrouf
1033 4919 1124 4990 eines
1142 4919 1282 4990 Hocses
1300 4920 1337 4990 in
1358 4917 1531 4990 Borende
1551 4941 1597 4989 on
1615 4916 1671 4990 lo.
1690 4920 1834 4996 Levern.
1880 4921 1984 5011 Hoyo
2003 4925 2108 4997 1240.

192 5051 399 5137 H(einrious)
423 5073 533 5119 comes
556 5053 598 5118 de
623 5053 710 5118 Hoia
738 5053 892 5119 omnibus
915 5056 1001 5120 hanc
1025 5055 1167 5120 litteram
1194 5055 1445 5140 inspitientibus
1477 5054 1745 5140 inperpetuum.
1794 5056 1868 5134 Que
1893 5061 2050 5141 geruntur
2073 5059 2108 5124 in

96 5155 234 5239 tempore
256 5179 299 5224 ne
323 5158 481 5225 labantur
511 5179 586 5223 curn
608 5163 759 5242 tempore
781 5160 967 5225 litterarum
997 5160 1104 5227 solent
1127 5162 1286 5227 memorie
1310 5163 1547 5228 commendari.
1595 5163 1718 5228 Notum
1742 5161 1787 5229 sit
1808 5163 1908 5246 igitur
1931 5164 2107 5247 universis

97 5263 272 5342 quodcum
296 5264 465 5330 Arnoldus
489 5266 524 5330 et
548 5265 708 5332 Ludolfus
730 5266 852 5332 milites
875 5266 991 5332 iratres
1020 5267 1098 5332 dicti
1122 5269 1163 5333 de
1187 5268 1401 5351 Nigenboroh
1430 5271 1568 5336 domum
1590 5270 1760 5353 quandam
1782 5270 1817 5334 in
1841 5269 2005 5351 Borende,
2041 5291 2107 5353 que

96 5373 221 5436 roratur
242 5371 395 5454 Hemme,
430 5391 532 5454 quam
553 5392 573 5437 a
595 5373 693 5438 nobis
726 5374 886 5438 tenebant
919 5374 953 5438 in
988 5375 1097 5456 feodo,
1133 5375 1271 5440 ecclesie
1306 5379 1340 5440 et
1367 5377 1545 5442 conventui
1580 5377 1615 5441 in
1648 5375 1788 5441 Liveren
1821 5375 2051 5442 vendidissent
2073 5378 2107 5441 et

98 5476 225 5543 eandem
255 5498 332 5544 cum
356 5478 448 5543 omni
471 5479 552 5544 iuris
575 5479 771 5562 integritate,
803 5480 895 5562 quod
917 5480 952 5545 in
975 5481 1090 5546 eadem
1115 5481 1177 5546 sibi
1201 5482 1481 5568 competebant¹)‚
1512 5484 1548 5548 in
1571 5502 1690 5548 manus
1714 5485 1847 5548 nostras
1870 5483 2108 5566 resignassent,

1827 5614 1892 5677 re*
