5112 6768
440 404 509 471 492
1429 415 1497 473 1295

438 617 708 683 archidiaconum
732 615 883 681 similiter
905 615 1099 698 pertinebit,
1124 617 1156 680 et
1180 614 1348 696 sacerdos,
1372 615 1429 697 qui
1452 614 1562 680 eidem
1584 613 1722 679 ecclesie
1745 632 1808 696 pro
1830 616 1983 697 tempore
2006 615 2209 698 deservierit,
2233 617 2318 684 duas
2339 637 2457 687 marcas

438 723 630 788 Bremensis
661 722 789 805 argenti
820 721 946 787 decano
977 723 1010 786 et
1041 722 1187 805 capitulo
1217 721 1374 804 predictis
1405 721 1440 785 in
1472 720 1558 784 festo
1581 719 1753 786 Michaelis
1783 719 1923 803 singulis
1955 721 2053 786 annis
2082 742 2144 806 pro
2176 727 2458 812 temporalibusss)

439 827 640 894 ministrabit
673 829 775 910 prout
804 826 966 892 hactenus
990 828 1201 909 ministravit,
1233 826 1318 910 ut25)
1347 824 1454 909 per¹¹)
1485 825 1676 892 huiusmodi
1700 826 1842 890 duarum
1870 827 2085 893 ecclesiarum
2117 831 2343 912 predictarum
2369 837 2458 901 colla-

439 932 597 1019 tiones¹⁷)
627 934 860 1000 archidiacono
884 934 918 998 in
941 933 1096 1016 Alethen,
1128 934 1186 1017 qui
1217 933 1387 1018 quondam
1419 936 1498 998 ante
1527 935 1727 998 conventum
1757 931 1881 998 ibidem
1912 932 2037 999 lactum
2067 935 2231 1003 habuerat
2253 939 2459 1007 collationem

442 1041 583 1106 duorum
610 1040 859 1121 beneficiorum,
889 1039 1047 1105 videlicet
1074 1040 1212 1106 ecclesie
1239 1041 1274 1104 in
1298 1038 1444 1103 Alethen
1467 1041 1500 1103 et
1522 1038 1635 1103 altaris
1666 1039 1773 1104 sancti
1797 1039 1927 1105 Nicolai
1957 1039 2092 1124 ibidem,
2124 1043 2311 1127 dequibus
2336 1049 2459 1130 predic-

437 1150 552 1212 torum
580 1145 815 1212 canonicorum
850 1148 1033 1211 conventus
1068 1147 1176 1212 lactus
1210 1146 1328 1227 fuerat,
1363 1144 1423 1209 fiat
1452 1147 1616 1227 perpetua
1643 1164 1868 1228 recompensa.
1915 1145 2066 1212 Eundem
2095 1148 2194 1214 etiarn
2222 1157 2460 1220 conventuma

439 1251 748 1336 proclamatione²⁸)
785 1252 1009 1321 archidiaconi
1041 1252 1082 1317 de
1113 1271 1279 1318 consensu
1310 1251 1415 1336 ipsius
1446 1251 1683 1331 archidiaconi,
1722 1251 1811 1316 facta
1839 1251 1904 1316 sibi
1936 1272 2163 1337 recompensa,
2201 1256 2234 1321 in
2264 1265 2461 1344 perpetuum

439 1359 629 1425 liberamus
674 1359 725 1424 Ne
753 1359 854 1442 igitur
878 1378 980 1443 super
1002 1359 1168 1442 premissa
1190 1358 1387 1441 scrupulosa
1410 1356 1540 1440 questio
1563 1357 1673 1422 valeat
1697 1357 1843 1422 suboriri
1866 1358 1902 1422 in
1925 1361 2108 1442 posterum,
2139 1382 2279 1445 presens
2302 1367 2460 1450 scriptum

438 1465 566 1549 indeit)
583 1466 770 1531 confectum
787 1471 915 1546 nostro,
932 1465 1068 1549 capituli
1084 1465 1201 1545 nostri,
1219 1463 1384 1546 Ludolphi
1402 1463 1625 1528 archidiaconi
1641 1463 1676 1528 in
1694 1463 1861 1540 Lubbeke‚
1880 1465 2012 1530 Gisonis
2030 1467 2253 1534 archidiaconi
2268 1471 2301 1534 in
2318 1471 2460 1539 Alethen

439 1575 474 1638 et
503 1573 639 1655 capituli
671 1573 841 1655 quondam
864 1573 959 1637 Nove
984 1571 1133 1636 Civitatis
1164 1571 1198 1636 in
1222 1570 1382 1635 Lubbeke
1412 1569 1567 1635 translati
1599 1569 1713 1650 sigillis
1737 1569 1875 1634 fecimus
1900 1572 2105 1637 communiri.
2152 1575 2273 1641 Datum
2295 1583 2328 1643 et
2355 1583 2461 1646 actum

442 1680 553 1745 Minde
577 1698 666 1743 anno
689 1679 822 1744 Domini
844 1677 963 1743 M⁰CC⁰
986 1677 1199 1760 nonagesimo
1223 1677 1352 1758 quintu,
1375 1677 1479 1741 tercio
1504 1675 1619 1739 Nonas
1643 1675 1809 1740 Octobris.

655 1801 676 1870 ¹)
696 1801 853 1870 liudolphus
874 1800 910 1856 l).
949 1801 971 1871 ¹¹)
991 1801 1157 1870 Volqwinum
1181 1799 1209 1853 G.
1248 1800 1270 1870 ³)
1289 1800 1389 1852 iniuria
1407 1799 1475 1853 AB.
1513 1798 1536 1864 ¹)
1556 1803 1583 1850 et
1600 1799 1725 1852 utilitatis
1744 1814 1806 1851 vero
1826 1799 1862 1856 I).
1901 1800 1924 1869 ¹)
1944 1800 2078 1855 Lutbecke
2098 1801 2162 1854 BI)
2180 1805 2235 1856 aad
2244 1805 2344 1862 barren
2384 1810 2460 1876 ⁸)11ee

758 1906 813 1943 non
831 1889 900 1945 AB.
940 1890 960 1960 ¹)
981 1885 1240 1958 siquidemselrltC.
1279 1891 1300 1956 8)
1319 1887 1454 1957 Tonniche
1474 1885 1540 1954 AB,
1560 1887 1698 1956 Tenningo
1718 1886 1755 1942 D.
1793 1887 1814 1954 ⁹)
1832 1885 1912 1940 Ferre
1932 1888 1960 1941 C.
2000 1888 2035 1959 ¹⁰)
2055 1891 2195 1944 Wencesle
2214 1893 2280 1949 AB.
2318 1895 2358 1962 ¹¹)
2378 1908 2460 1950 nostre

758 1979 868 2031 ecclesie
889 1977 924 2030 D.
973 1977 1008 2044 ¹¹)
1028 1983 1133 2046 potarat
1151 1975 1219 2031 AB.
1268 1975 1304 2046 ¹¹)
1324 1975 1417 2028 domus
1439 1973 1467 2031 C.
1511 1975 1546 2044 ¹¹)
1565 1975 1701 2045 perfugiat
1721 1975 1757 2030 D.
1801 1974 1836 2045 ¹⁶)
1855 1981 1946 2030 nostre
1965 1977 2033 2034 AB.
2079 1980 2114 2048 ¹⁸)
2134 1997 2185 2048 qna
2207 1979 2235 2036 Ο.
2277 1983 2310 2048 ¹¹)
2329 1981 2412 2037 Fero
2430 1985 2460 2041 b.

760 2067 796 2135 ¹⁸)
814 2068 951 2135 contingat
970 2065 1006 2118 D.
1046 2065 1081 2134 ¹⁰)
1101 2065 1252 2120 etsincad.
1275 2065 1302 2117 C.
1342 2063 1378 2134 ¹⁴¹)
1398 2065 1444 2132 qui
1463 2063 1530 2119 AB.
1568 2062 1605 2133 ¹¹)
1624 2065 1652 2116 in
1672 2063 1777 2118 Christo
1789 2063 1912 2134 fetltl).
1950 2065 1986 2135 ¹¹)
2006 2068 2183 2124 existeratI).
2221 2069 2257 2139 ¹⁸)
2276 2071 2384 2124 Bottem
2399 2073 2460 2137 AB,

758 2156 858 2208 Botsen
873 2155 908 2207 D.
947 2155 983 2225 ¹¹)
1002 2155 1167 2223 temporibus
1189 2153 1217 2209 C.
1255 2154 1291 2223 ¹³)
1311 2158 1338 2205 at
1357 2152 1423 2204 AB.
1462 2153 1498 2220 ¹¹)
1518 2167 1566 2221 pro
1588 2152 1617 2206 C.
1655 2151 1692 2222 ¹⁷)
1712 2153 1853 2207 collatione
1874 2153 1902 2212 0.
1942 2155 1978 2224 ¹¹)
1992 2156 2141 2224 prolatione
2155 2157 2192 2209 D.
2230 2157 2460 2228 ¹¹)indefedltt'.

576 2260 674 2328 Unter
701 2263 848 2326 Andreae
877 2265 911 2326 t'n
936 2261 1102 2326 In'iddeclce
1130 2259 1188 2327 Nr.
1213 2259 1236 2323 3
1269 2264 1313 2323 int
1336 2259 1408 2344 Kpl.
1435 2257 1540 2324 Sc-A.
1565 2281 1603 2322 zu
1627 2259 1768 2322 dldnotcr
1805 2259 1943 2341 definden
1971 2261 2037 2325 aiod
2068 2263 2137 2327 drei
2163 2264 2376 2344 Abacdffften,
2413 2289 2461 2330 con

651 2369 747 2434 duran
777 2369 827 2433 die
856 2372 922 2434 eine
950 2367 1008 2451 (A)
1044 2368 1127 2431 nach
1155 2367 1224 2431 den
1255 2365 1310 2431 Or.
1335 2365 1526 2450 anpgfern'pt
1557 2365 1624 2428 nnd
1653 2363 1741 2428 1682
1773 2363 1848 2432 Noc.
1880 2364 1984 2456 23)13
2017 2369 2117 2432 durch
2148 2367 2309 2456 Christopd
2338 2371 2461 2436 dodum

657 2473 836 2540 Vuatclcbcn
861 2474 1041 2559 degionbipt
1061 2478 1118 2549 isa·
1153 2474 1203 2538 dra
1225 2470 1411 2557 zweitc'ffl)
1436 2474 1478 2535 ist
1500 2471 1653 2556 ebenfalb
1675 2475 1720 2534 ain
1744 2468 1796 2536 17.
1819 2472 1872 2537 Jh.
1896 2474 2048 2558 pandent,
2077 2475 2127 2539 die
2149 2477 2242 2541 dane
2265 2475 2316 2561 (C)
2340 2491 2462 2542 slommt

654 2605 712 2646 oua
740 2581 807 2648 dcrn
832 2582 964 2667 Anjanq
992 2581 1045 2645 dea
1075 2578 1126 2646 16.
1151 2578 1202 2644 Jt.
1237 2580 1304 2643 and
1332 2579 1448 2643 senam
1474 2578 1523 2642 die
1550 2589 1714 2662 personante
1742 2600 1782 2641 zu
1808 2581 1883 2644 rein
1930 2579 2098 2665 Abacdnft
2121 2579 2306 2646 warram
2328 2587 2365 2646 in
2390 2585 2458 2648 Mac.

656 2686 691 2752 Τ.
714 2687 769 2766 25,
803 2689 858 2754 vol.
889 2686 915 2765 I,
953 2686 986 2752 S.
1012 2685 1080 2750 352
1113 2691 1157 2750 im
1187 2685 1259 2771 Kpl.
1293 2684 1399 2749 Sc-A.
1432 2706 1472 2748 zu
1502 2681 1669 2748 Hannouer
1701 2683 1774 2770 (D).
1821 2684 1916 2750 Gedr.
1956 2683 2151 2766 Wdrdtwein,
2185 2685 2278 2751 Saba.
2302 2689 2381 2774 dipl.
2406 2689 2459 2766 IX,

655 2791 688 2859 S.
718 2793 793 2872 404,
832 2792 1076 2871 Scilicdtdaber,
1113 2793 1213 2860 Mind.
1238 2790 1473 2876 Kirclrenpeccd.
1499 2787 1518 2851 I
1524 2786 1558 2867 V,
1597 2788 1630 2853 8.
1657 2788 1761 2874 unffi
1810 2790 1924 2877 Repeot
1951 2815 1978 2856 o.
2006 2791 2158 2878 Spilclcer,
2198 2792 2309 2858 Geacd.
2332 2797 2364 2861 d.
2391 2795 2459 2860 Grr.

651 2925 678 2964 u.
710 2898 812 2986 Wdlpc
836 2898 870 2965 S.
894 2898 970 2963 262.
1016 2900 1154 2965 Boitzen
1176 2903 1219 2962 irc
1241 2897 1469 2962 Kircdboitzcn.

1401 3164 1515 3242 1548.

440 3298 637 3371 Erndltlter
664 3295 799 3382 landet(
824 3316 886 3364 oon
916 3293 1066 3365 Mindon
1093 3292 1256 3364 detondet
1283 3293 1350 3364 den
1384 3292 1546 3380 Verlunf
1565 3291 1820 3364 verschiedencr
1845 3293 2076 3384 Besitnnnpcn
2104 3295 2211 3366 durch
2239 3297 2304 3368 dus
2329 3295 2460 3368 Kloster

439 3407 477 3476 in
511 3402 681 3476 Ncnslodt
722 3401 809 3472 noch
849 3402 961 3471 seiner
1000 3400 1188 3490 Verlepnnp
1221 3401 1309 3470 noch
1342 3398 1603 3577 Ιὸῗὸἷσῖιεθαη
1638 3398 1753 3470 Riticr
1787 3398 1948 3470 Herdord
1987 3422 2052 3472 von
2085 3401 2314 3474 Mandelslod.
2369 3403 2460 3475 1295
2541 3455 2542 3510 3

1406 3512 1497 3575 incr
1548 3559 1555 3575 .
2541 3511 2542 3520 ’

547 3645 709 3712 Ludolfus
734 3645 794 3707 Dei
824 3643 935 3725 gracia
957 3643 1139 3706 lllindensis
1171 3641 1308 3706 ecclesie
1337 3642 1461 3706 electus
1487 3640 1702 3706 confirmatus
1726 3641 1881 3706 omnibus
1905 3641 1968 3708 hoc
1992 3643 2153 3725 scriptum
2176 3645 2299 3709 usuris
2322 3645 2459 3710 salutern

440 3755 475 3818 in
500 3753 653 3818 Domino.
701 3749 880 3830 Noveritis,
912 3749 1003 3831 quod
1031 3748 1219 3813 constitutis
1250 3768 1361 3813 coram
1392 3747 1489 3812 nobis
1521 3748 1650 3812 dilectis
1683 3746 1717 3811 in
1743 3747 1876 3814 Christo
1900 3748 2065 3828 Heynrico
2089 3750 2214 3815 decano
2238 3754 2272 3815 et
2297 3752 2460 3818 canonicis

441 3861 610 3944 quondam
634 3859 729 3922 Nove
753 3856 904 3921 Civitatis
933 3876 974 3920 ex
1003 3857 1098 3938 parte
1128 3875 1196 3919 una
1227 3857 1259 3919 et
1288 3854 1464 3919 Herbordo
1488 3855 1529 3918 de
1553 3855 1724 3919 Mandeslu
1754 3853 1855 3920 milite
1879 3875 1919 3919 ex
1941 3856 2035 3938 parte
2060 3856 2168 3920 altera
2190 3856 2292 3921 iidem
2314 3859 2460 3922 canonici

441 3987 516 4031 cum
547 3967 659 4029 essent
688 3962 841 4028 translati
875 3963 916 4027 de
939 3962 1033 4027 Nova
1056 3961 1196 4025 Ciritate
1228 3963 1270 4025 ad
1294 3961 1432 4042 opidum
1457 3960 1607 4026 Lutbeke
1641 3961 1731 4025 bona
1754 3979 1816 4024 sua
1838 3961 1995 4026 videlicet
2018 3961 2143 4025 curiam
2165 3962 2200 4026 in
2224 3961 2366 4044 Boysem
2389 3983 2460 4028 curn

441 4072 596 4136 omnibus
632 4069 701 4134 suis
737 4069 948 4152 pertinentiis
977 4069 1049 4132 iure
1080 4070 1278 4150 patronatus
1306 4067 1443 4131 ecclesie
1472 4067 1644 4131 dumtaxat
1674 4069 1823 4149 exceptu,
1859 4067 1983 4131 curiam
2013 4067 2046 4131 in
2075 4067 2226 4150 Antiquo
2254 4069 2363 4134 Alden
2389 4089 2461 4132 cum

441 4179 596 4245 omnibus
630 4175 699 4240 suis
730 4173 950 4257 pertinentiis,
983 4173 1144 4238 decimam
1175 4173 1209 4236 in
1233 4173 1544 4255 Vellingesborstele
1575 4173 1663 4238 ultra
1693 4173 1801 4237 rivum
1831 4193 1947 4238 versus
1970 4173 2166 4238 Walesrode
2189 4177 2223 4238 et
2246 4175 2405 4240 decimam
2429 4177 2460 4238 in

442 4284 520 4349 Ecle
542 4287 612 4349 tam
635 4282 793 4346 maiorem
818 4301 917 4363 quam
941 4279 1113 4360 minutam,
1139 4279 1300 4344 decimam
1324 4281 1358 4343 in
1382 4273 1544 4345 Bordeslo
1567 4282 1601 4343 et
1617 4279 1886 4344 Frankenevelde
1908 4279 2062 4344 similiter
2078 4280 2239 4346 maiorem
2255 4284 2288 4346 et
2304 4283 2461 4346 minutam

443 4390 668 4456 vendiderunt
704 4388 811 4452 eidem
846 4387 949 4466 militi,
985 4387 1081 4450 uxori
1116 4406 1175 4450 sue
1210 4389 1244 4449 et
1278 4386 1347 4448 suis
1381 4385 1477 4450 iustis
1511 4385 1691 4450 heredibus
1725 4405 1787 4469 pro
1823 4386 1977 4450 ducentis
2011 4386 2131 4450 marcis
2161 4389 2195 4451 et
2221 4387 2460 4471 quinquaginta
2541 4379 2542 4470 l

441 4497 633 4562 Bremensis
662 4495 798 4578 argenti,
827 4497 863 4557 ul
891 4494 955 4577 ipsi
983 4495 1073 4558 bona
1101 4493 1232 4558 utiliora
1262 4513 1337 4557 cum
1365 4494 1423 4557 tali
1447 4493 1589 4574 pecunia
1612 4492 1676 4556 sita
1699 4493 1790 4574 apud
1812 4491 1962 4557 Lutheke
1985 4491 2048 4556 sibi
2073 4495 2106 4557 et
2129 4512 2190 4556 sue
2213 4493 2351 4558 ecclesie
2373 4513 2459 4558 com-

441 4605 607 4686 pararent.
647 4602 689 4665 Et
711 4621 773 4665 nos
797 4599 1022 4682 resignacione
1045 4601 1211 4665 bonorum
1233 4599 1445 4664 venditorum
1468 4601 1601 4688 recepta
1625 4600 1667 4663 ab
1691 4598 1772 4681 ipsis
1796 4597 1973 4680 canonicis,
1997 4618 2097 4682 quam
2114 4600 2351 4682 proprietatem
2367 4619 2460 4682 sepe-

441 4711 521 4774 dicti
547 4709 694 4773 canonici
719 4709 755 4772 in
779 4726 840 4772 nos
864 4711 898 4772 et
922 4709 1070 4772 nostram
1093 4706 1267 4770 ecclesiam
1292 4707 1379 4769 dono
1402 4709 1435 4769 et
1453 4705 1633 4769 liberaliter
1649 4704 1870 4783 contulerunt,
1895 4704 2020 4769 dictum
2036 4705 2174 4771 militem
2189 4706 2459 4790 inpheodarimus

442 4817 483 4882 de
513 4817 611 4880 bonis
636 4815 790 4896 superius
813 4813 1004 4878 nominatis.
1051 4813 1089 4876 ln
1114 4811 1207 4876 cuius
1231 4812 1280 4875 rei
1304 4811 1534 4875 testimonium
1557 4811 1619 4874 hoc
1642 4811 1804 4893 scriptum
1827 4814 1951 4891 nostro,
1983 4811 2120 4894 capituli
2144 4813 2249 4877 nostri
2273 4817 2306 4876 et
2328 4811 2459 4894 capituli

442 5029 558 5112 quinta
581 5028 732 5111 proxima
755 5030 831 5109 post
853 5026 973 5091 festum
998 5025 1150 5107 Remigii.

575 5151 631 5214 Or.
654 5155 698 5214 im
721 5149 793 5234 Kpl.
820 5148 923 5213 Sc-A.
947 5171 985 5212 zu
1008 5147 1157 5226 Minatur,
1182 5145 1337 5212 lav-stent.
1360 5147 1488 5210 blindan
1512 5145 1572 5208 Nr.
1589 5144 1643 5209 64.
1692 5144 1795 5231 Sarped
1817 5146 1870 5211 dea
1887 5145 2033 5226 Biaobofa
2056 5145 2129 5212 sehr
2150 5147 2250 5230 wenip
2274 5143 2456 5226 beroldum,

654 5261 712 5322 wic
734 5255 914 5340 Adbildnnp
942 5259 975 5318 in
1005 5251 1110 5339 Wcrtf.
1137 5253 1240 5338 Siepel
1265 5251 1342 5334 Hert
1363 5252 1395 5332 2,
1425 5251 1496 5331 Tof.
1519 5251 1565 5316 53
1588 5250 1648 5316 Nr.
1670 5253 1703 5330 5,
1734 5253 1793 5315 dos
1818 5250 1921 5336 stapel
1942 5251 1995 5316 dea
2017 5250 2232 5338 Dontkopitctr
2254 5253 2385 5316 carlom
2410 5247 2458 5309 dia

656 5363 720 5442 anf
742 5363 791 5426 die
815 5361 1026 5446 Besectipnnp,
1062 5363 1120 5424 dar
1148 5361 1201 5424 dea
1223 5357 1363 5444 Kapitels
1385 5381 1442 5423 non
1465 5357 1621 5424 Nenstadt
1644 5381 1727 5444 pam
1750 5357 1801 5422 ab.
1849 5355 1964 5443 Regnat
1992 5358 2070 5424 Meo.
2096 5354 2140 5440 ll,
2173 5355 2273 5434 1890,
2303 5353 2358 5420 Nr.
2384 5351 2455 5416 750.
