5168 6798
1087 507 1154 563 1253
2080 499 2139 563 171

121 722 220 788 gener
248 703 362 766 noster
390 719 503 766 comes
532 700 691 766 Hinricus
719 702 761 766 de
792 700 1004 767 Oldenborch
1036 701 1209 767 cometiam
1245 705 1392 767 nostram
1420 703 1454 766 in
1479 703 1666 769 Stemwede
1689 724 1709 769 a
1733 704 1828 770 vobis
1851 706 2089 790 deobligaverit
2111 709 2147 774 et

122 807 296 892 pecuniam
325 809 485 887 nostram,
519 825 580 890 pro
610 825 676 889 qua
704 806 800 872 robis
824 809 875 872 est
897 807 1118 892 inpignorata,
1154 807 1312 874 refuderit
1334 809 1389 875 vel
1412 808 1530 891 aliquis
1553 830 1593 874 er
1616 812 1711 892 parte
1735 830 1806 892 sua,
1843 812 1906 876 hoc
1927 812 2011 877 adeo
2036 815 2146 879 ratum

122 912 317 980 habebimus
337 911 439 996 acsi1)
462 912 527 976 hoc
549 911 769 996 personaliter
791 911 844 977 vel
867 932 927 995 per
949 914 1100 978 nostrum
1124 913 1311 996 dapiferum
1335 914 1529 980 faceremus.
1568 915 1607 980 In
1623 916 1716 980 cuius
1734 917 1780 981 rei
1796 915 1988 982 testimonio
2005 937 2144 1000 presens

122 1019 279 1102 scriptum
314 1017 410 1102 sigilli
445 1018 550 1084 nostri
584 1017 768 1082 munimine
802 1018 897 1083 vobis
926 1018 1088 1084 mittimus
1117 1018 1354 1104 roboratum2).
1401 1019 1524 1084 Datum
1548 1020 1830 1103 Reinoldesberge
1860 1041 1948 1086 anno
1979 1023 2143 1091 dominice

124 1123 361 1190 incarnationis
383 1121 523 1188 M⁰.CC⁰.
549 1123 825 1206 quinquagesimo
849 1125 965 1198 terci0,
988 1124 1087 1190 xss10.
1112 1125 1280 1190 Kalendas
1304 1125 1521 1209 Septembris.

335 1229 358 1299 ¹)
376 1229 451 1282 hacsi
470 1228 505 1281 im
523 1226 590 1298 Kop.
630 1226 653 1298 ⁸)
676 1227 834 1282 Verbcsccrt
852 1246 900 1281 oue
920 1229 1107 1284 roborandum.

251 1316 413 1396 nanae
433 1317 487 1382 aa
511 1313 562 1380 rc.
587 1315 641 1383 cr.
664 1320 699 1380 a
722 1316 797 1380 naa.
828 1314 899 1393 Vn,
923 1315 1022 1395 2438,
1045 1315 1078 1382 s
1103 1316 1126 1380 2
1147 1321 1192 1381 cm
1213 1315 1286 1402 Kal·
1313 1273 1419 1384 sca,
1442 1341 1482 1383 a
1505 1319 1654 1386 Mamor.
1704 1318 1799 1386 ceci.
1831 1317 2028 1399 acrama,
2054 1319 2145 1386 sua.

334 1423 411 1508 dipl.
441 1420 494 1502 Vl,
520 1420 554 1488 S.
580 1420 655 1502 429,
679 1446 706 1487 a.
731 1423 866 1508 Aspera,
893 1420 965 1486 Coc.
989 1424 1063 1508 dipl.
1091 1421 1267 1488 Schouenb.
1293 1421 1327 1490 8.
1354 1423 1419 1487 163
1443 1421 1502 1488 Nc.
1526 1423 1605 1490 97a.

1089 1567 1182 1644 594.

120 1695 186 1766 Dic
216 1691 357 1782 Grofen
383 1693 523 1765 Johaan
552 1691 627 1763 und
655 1691 816 1764 Gerhurd
841 1713 906 1764 uon
933 1691 1345 1783 Hoatein-Scmcmcrp
1372 1692 1586 1784 ccrpfdndcn
1612 1695 1668 1766 dic
1698 1693 1908 1786 Grofschost
1936 1693 2148 1770 Stemwede

435 1797 512 1869 dem
541 1797 676 1887 Grofen
703 1797 873 1869 Heinrich
900 1820 966 1871 con
994 1799 1197 1890 oldenburg.
1251 1799 1458 1888 chdshurp
1486 1797 1587 1872 1253
1614 1799 1750 1892 August
1776 1801 1835 1873 20.

223 1915 396 1982 lohannes
420 1917 453 1981 et
469 1915 659 1982 Gerhardus
683 1914 743 1980 Dei
766 1916 871 1998 gratia
892 1916 1030 1981 comites
1046 1916 1213 1998 Holsacie,
1237 1917 1380 2001 wagris,
1405 1917 1588 1983 Storman'e
1605 1918 1688 1983 etin
1705 1918 1972 1984 Schowenborch
1989 1919 2144 1984 omnibus

122 2023 205 2088 hanc
226 2022 376 2087 litteram
398 2022 599 2106 inspecturis
622 2022 763 2088 salutem
787 2021 822 2086 in
846 2041 895 2103 eo,
920 2021 979 2106 qui
1003 2025 1055 2088 est
1071 2022 1161 2088 salus
1186 2023 1344 2088 omniurn.
1392 2023 1442 2088 Ne
1459 2043 1499 2088 ea
1514 2043 1581 2106 que
1596 2027 1756 2107 geruntur
1771 2025 1806 2089 in
1822 2028 1973 2107 ternpore
1989 2025 2144 2090 labantur

121 2148 192 2194 curn
219 2130 383 2212 tempore,
420 2128 528 2194 solent
560 2127 657 2194 dictis
680 2127 815 2195 testium
838 2130 872 2194 et
895 2129 1060 2211 scripture
1082 2129 1275 2193 testimonio
1298 2127 1509 2211 perhennari.
1558 2129 1719 2194 Noverint
1742 2149 1819 2211 ergo
1828 2129 1854 2215 ¹)
1877 2130 2022 2196 universi
2045 2131 2144 2196 huius

121 2235 237 2318 pagine
266 2234 488 2317 inspectores,
524 2235 615 2318 quod
643 2253 705 2300 nos
734 2233 911 2299 cometiam
938 2237 1087 2299 nostram
1111 2234 1146 2299 in
1171 2232 1396 2318 Stemwede2)
1431 2235 1620 2300 cumomni
1645 2235 1727 2317 iure,
1763 2253 1830 2317 quo
1853 2236 1961 2319 ipsam
1984 2238 2146 2302 haetenus

120 2339 340 2422 possedimus
364 2340 485 2406 dilecto
508 2360 631 2423 genero
655 2341 771 2406 nostro
794 2341 905 2405 comiti
929 2340 1065 2407 Hinrico
1094 2341 1136 2406 de
1166 2339 1423 2422 Oldenborch3),
1459 2341 1554 2406 uxori
1584 2360 1644 2405 sue
1668 2344 1702 2405 et
1729 2341 1841 2424 pueris
1870 2341 1938 2405 suis
1965 2341 2149 2406 heredibus

119 2445 270 2529 legitimis
295 2465 355 2530 pro
380 2447 544 2511 sexcentis
568 2447 688 2511 marcis
712 2446 905 2511 Bremensis
930 2446 1056 2529 argenti
1080 2448 1139 2511 aut
1160 2467 1223 2529 pro
1246 2447 1350 2511 tantis
1374 2446 1529 2529 denariis,
1554 2449 1591 2512 ut
1614 2465 1677 2529 pro
1700 2446 1838 2512 totidem
1862 2447 1980 2512 marcis
1996 2466 2146 2512 commu-

120 2551 178 2616 tari
202 2552 413 2634 contingunt,
448 2551 733 2635 inpignoravimus
756 2550 816 2617 tali
840 2551 957 2633 forma,
992 2551 1084 2634 quod
1108 2571 1184 2618 cum
1206 2551 1271 2635 ipsi
1293 2553 1347 2616 vel
1371 2551 1464 2617 uxori
1488 2571 1548 2617 sue
1572 2550 1664 2636 aut4)
1693 2551 1873 2617 heredibus
1896 2552 1965 2617 suis
1989 2551 2147 2636 legitimis

121 2657 237 2724 dictam
261 2657 443 2740 pecuniam
467 2656 731 2739 retuderimus⁶)‚
759 2659 943 2723 memorata
965 2659 1107 2722 cometia
1130 2658 1226 2722 nobis
1250 2661 1287 2722 ut
1310 2676 1449 2741 presens
1472 2658 1576 2724 libera
1599 2658 1748 2723 manebit
1774 2658 1807 2722 et
1830 2657 1949 2724 soluta.
1990 2660 2145 2724 Pmterea

120 2767 331 2848 pretaxatam
364 2763 518 2829 comitem
547 2762 613 2829 lide
638 2764 715 2828 data
739 2765 772 2827 et
794 2763 932 2828 honoris
956 2763 1062 2828 nostri
1085 2768 1239 2847 respectu
1263 2766 1390 2828 certum
1413 2762 1559 2842 fecimus,
1595 2764 1687 2846 quod
1711 2783 1772 2828 nec
1796 2762 1869 2846 ipse
1892 2783 1953 2828 nec
1977 2784 2060 2829 uxor
2083 2783 2145 2830 sua

121 2888 177 2934 nec
195 2870 340 2934 heredes
363 2868 415 2934 sui
438 2869 473 2933 in
496 2868 667 2953 sepedicta
689 2869 832 2934 cometia
855 2868 1015 2950 quamdiu
1038 2869 1146 2952 ipsam
1170 2871 1233 2934 sub
1257 2889 1293 2935 se
1315 2871 1441 2935 habent
1464 2888 1484 2934 a
1507 2869 1605 2934 nobis
1629 2873 1687 2934 aut
1710 2889 1730 2933 a
1752 2870 1873 2934 nostris
1896 2870 2075 2936 heredibus
2091 2869 2144 2937 vel

121 2975 286 3060 aliquibus
309 2974 383 3058 ex⁶)
407 2975 528 3039 nostris
552 2974 587 3039 in
603 2975 715 3058 aliquo
732 2976 876 3040 debeant
892 2975 1069 3041 molestari.
1117 2975 1162 3040 Ut
1178 2977 1292 3040 autem
1306 2975 1378 3055 hec,
1402 2994 1467 3057 que
1484 2975 1638 3058 superius
1656 2974 1849 3058 dictasunt,
1872 2975 1969 3040 firma
1984 2980 2143 3041 maneant

121 3084 152 3146 et
180 3101 199 3145 a
226 3081 328 3148 nobis
363 3083 396 3145 et
425 3100 445 3144 a
474 3081 598 3145 nostris
633 3081 812 3146 heredibus
846 3079 1085 3146 inviolabiliter
1118 3080 1309 3161 observata,
1347 3099 1487 3163 presens
1527 3081 1690 3163 scripturn
1730 3080 1914 3162 sigillorum
1952 3085 2145 3146 nostrorum

121 3187 301 3252 munimine
332 3188 489 3254 duximus
520 3185 756 3252 roborandum.
803 3187 921 3252 Testes
944 3187 1067 3268 autem,
1102 3187 1160 3269 qui
1183 3187 1259 3250 huie
1282 3185 1482 3251 ordinationi
1505 3185 1739 3266 interfuerunt,
1774 3191 1852 3251 sunt
1874 3187 1938 3252 hii:
1972 3186 2142 3253 lohannes

121 3291 349 3372 Fleckeschilt,
373 3291 565 3372 Hinricush
583 3291 831 3374 Hollendere⁸),
851 3292 1038 3376 Volquinus
1056 3295 1098 3360 de
1114 3290 1370 3377 Linenbroke9),
1388 3293 1584 3357 Lodewicus
1600 3292 1692 3373 Post,
1709 3292 1928 3374 Engelbertus
1945 3294 1986 3358 de
2002 3291 2143 3373 Lenthe,

122 3397 247 3464 Olricus
275 3399 317 3465 de
339 3396 625 3483 Aderdorppew),
661 3399 851 3465 Gerhardus
875 3400 917 3465 de
940 3399 1079 3482 Engere,
1107 3399 1291 3465 Rotbertus
1315 3400 1356 3465 de
1380 3398 1615 3478 Westerholte,
1640 3398 1828 3464 Richardus
1850 3401 1927 3480 Vos,
1952 3397 2145 3464 Gerhardus

122 3505 300 3586 Segehardi
323 3504 423 3587 iilius,
448 3505 608 3592 Gisico¹¹)
631 3505 673 3570 de
696 3505 804 3591 Apen,
840 3506 1018 3571 Swederus
1042 3506 1083 3571 de
1107 3505 1330 3588 Holutdorpe‚
1354 3505 1536 3570 Rotbertus
1559 3505 1665 3585 Friso,
1689 3504 1908 3588 Engelbertus
1925 3505 1967 3569 de
1983 3503 2143 3588 werew),

121 3607 312 3696 Hinricus⁷)
329 3612 371 3676 de
386 3611 571 3692 Wersibbe,
595 3611 727 3694 milites,
752 3616 785 3678 et
802 3611 980 3676 Gerrasius
1004 3611 1172 3695 plebanus
1193 3610 1228 3675 in
1243 3609 1360 3690 Flore,
1383 3612 1499 3675 noster
1522 3611 1603 3676 tunc
1625 3609 1787 3692 temporis
1810 3610 2013 3694 capellanus.
2060 3609 2148 3676 Acta

122 3718 194 3780 sunt
215 3718 282 3783 hec
305 3735 393 3782 anno
418 3717 583 3783 dominice
606 3717 845 3784 incarnationis
869 3716 1006 3782 M⁰.CC⁰.
1032 3717 1307 3801 quinquagesimo
1330 3715 1445 3797 tercio,
1467 3715 1717 3782 terciodecimo
1741 3716 1910 3780 Kalendas
1927 3714 2147 3800 Septembris.

123 3822 239 3888 Datum
262 3823 301 3887 in
324 3823 456 3888 civitate
480 3824 781 3889 Reinoldesburch.

334 3928 357 3998 ¹)
378 3929 461 3998 igitur
485 3927 517 3980 B.
567 3927 591 3998 ¹)
614 3928 762 3982 Steinwede
785 3927 841 3980 und
861 3929 952 3982 immr
975 3927 1006 3980 B.
1057 3927 1080 3998 ¹)
1103 3929 1274 3998 Aldenbergh
1300 3927 1330 3982 B.
1382 3927 1404 3999 ⁴)
1424 3933 1450 3980 et
1470 3927 1501 3979 B.
1551 3927 1574 3998 ⁵)
1594 3927 1759 3980 refundimus
1780 3927 1814 3982 A.
1865 3926 1888 3998 ⁶)
1907 3943 1921 3980 a
1941 3926 1972 3978 B.
2025 3926 2047 3995 ²)
2067 3926 2147 3979 Hein-

439 4017 509 4070 ricus
530 4015 561 4068 B.
599 4015 623 4086 ⁸)
643 4016 803 4070 Hollandere
827 4015 859 4072 B.
897 4014 921 4086 ⁹)
939 4016 1105 4070 Livenbrolre
1124 4016 1156 4069 B.
1196 4017 1230 4086 ¹⁰)
1252 4017 1392 4086 Adedorpe
1412 4015 1443 4069 B.
1484 4016 1519 4085 ¹¹)
1539 4016 1624 4069 Gilico
1647 4018 1679 4073 A.
1720 4014 1755 4086 u)
1774 4016 1854 4068 Weze
1873 4015 1905 4066 B.

251 4102 416 4183 Abachrist
438 4105 491 4169 dcc
516 4101 568 4166 16.
592 4103 647 4167 Jh.
670 4107 705 4167 ia
727 4104 804 4167 Mac.
836 4100 906 4182 VII,
929 4101 1027 4182 2438,
1054 4101 1088 4168 S.
1112 4103 1135 4166 2
1156 4107 1200 4168 im
1223 4103 1297 4191 Kyc.
1325 4103 1428 4171 sc-A.
1452 4127 1491 4167 au
1515 4103 1654 4168 Marmar
1677 4104 1745 4189 (A),
1781 4104 1834 4168 dec
1860 4099 1911 4166 19.
1935 4101 1986 4169 Jh.
2011 4104 2045 4166 in
2068 4099 2145 4164 Mac.

336 4206 401 4273 173
424 4207 485 4274 Nr.
511 4209 551 4272 11
576 4212 611 4272 in
632 4209 688 4274 der
712 4207 859 4274 Bibliocl.
883 4209 937 4274 dee
959 4209 1031 4274 iot.
1054 4206 1123 4275 Ver.
1140 4210 1166 4288 f.
1184 4207 1430 4276 Nicdercacham
1452 4213 1487 4273 in
1509 4207 1678 4275 Honaooer
1703 4209 1773 4295 (B).
1821 4207 1915 4274 Gedr.
1946 4205 2144 4283 Vsa-drocen,

333 4313 427 4382 Saba.
452 4316 528 4401 dipl.
558 4311 611 4394 VI,
638 4313 673 4380 S.
698 4313 773 4393 133,
798 4315 980 4400 omziglich
1001 4339 1028 4379 a.
1051 4315 1185 4400 Aspera,
1211 4313 1283 4379 Cod.
1308 4316 1382 4401 dipl.
1409 4313 1582 4381 Schoucnb.
1611 4313 1643 4382 S.
1663 4313 1728 4378 153
1751 4311 1811 4381 Nr.
1828 4311 1872 4378 97
1881 4313 1909 4379 b.
1957 4311 2149 4397 Rcrrdeburg

332 4423 366 4484 in
382 4418 533 4500 Halmio,
558 4422 662 4487 Plone
685 4425 727 4485 iat
747 4419 843 4497 Ρίὃπς
869 4418 1041 4485 Geraaeiue
1062 4441 1131 4484 war
1153 4419 1344 4507 humberga·
1359 4418 1549 4498 Kanonikcr,
1574 4421 1634 4505 apl.
1659 4444 1685 4484 v.
1704 4420 1831 4504 Aspera
1855 4443 1884 4484 a.
1903 4442 1932 4482 α.
1954 4416 1989 4480 O.
2013 4415 2073 4483 Nr.
2089 4414 2147 4482 93.

1035 4607 1039 4615 ’
1092 4581 1186 4660 595.

124 4707 190 4779 Dic
219 4709 361 4797 Grofcn
387 4709 527 4782 Johona
554 4709 627 4781 und
654 4708 816 4781 Gerhord
842 4731 905 4780 uon
931 4707 1341 4800 Holstcin·Schoumhurp
1365 4707 1469 4798 peteo
1496 4708 1572 4780 dem
1594 4707 1731 4797 Grofca
1750 4707 1920 4779 Heinrich
1937 4729 2001 4778 coa
2021 4705 2145 4779 Oldca·

123 4813 203 4905 lmrp
237 4814 433 4905 Vollmocht,
475 4814 532 4886 die
572 4814 643 4886 ihm
677 4814 901 4906 vcrpfdndclc
937 4811 1392 5010 Gpggsphzsswipeppede
1432 4815 1549 4886 inciter
1588 4836 1632 4884 zo
1665 4813 1883 4904 vcrpfir‘ndca.
1940 4811 2149 4902 chdshurp

224 5038 394 5103 lohannes
411 5039 444 5102 et
461 5037 653 5102 Gerhardus
669 5035 730 5102 Dei
754 5037 864 5120 gracia
886 5037 1023 5102 comites
1047 5037 1213 5118 Holsacie,
1238 5037 1379 5120 Wagric,
1404 5037 1587 5103 Stonnarie
1603 5039 1636 5101 et
1651 5036 1687 5101 in
1703 5036 1973 5102 Sehowenborch
1989 5035 2145 5099 omnibus

124 5141 204 5208 hanc
227 5143 372 5209 litteram
394 5143 515 5208 visuris
539 5141 682 5207 salutem
703 5142 739 5206 in
761 5142 914 5207 Domino.
960 5142 1122 5208 Noverint
1149 5143 1296 5209 universi
1318 5143 1417 5209 huius
1441 5143 1548 5208 littere
1571 5143 1789 5224 inspectores,
1824 5143 1914 5224 quod
1936 5160 1999 5206 nos
2023 5140 2146 5207 dilecto

125 5267 244 5328 genero
278 5252 395 5315 nostro
429 5247 542 5314 conriti
571 5247 708 5313 Hinrico
743 5249 784 5314 de
820 5248 1034 5314 Oldenborch
1068 5250 1204 5332 plenam
1238 5250 1469 5315 auctoritatem
1504 5267 1543 5313 ac
1576 5250 1775 5332 potestatem
1811 5247 1964 5313 dedimus
1996 5249 2146 5312 nostram

125 5354 305 5419 comeciam
320 5355 354 5418 in
372 5355 560 5420 Stemwede
582 5373 644 5438 pro
668 5355 833 5420 sexcentis
855 5354 975 5420 marcis
999 5355 1188 5419 Bremensis
1212 5356 1340 5437 argenti
1363 5356 1421 5419 aut
1443 5374 1505 5438 pro
1522 5354 1624 5420 tantis
1648 5353 1802 5433 denariis,
1826 5353 1912 5419 sicut
1928 5371 1989 5436 pro
2005 5351 2145 5418 totidem

124 5460 239 5524 marcis
274 5461 471 5527 commutari
506 5462 715 5545 contingunt,
754 5461 807 5526 cui
840 5461 983 5527 voluerit
1017 5461 1174 5545 obligare,
1213 5480 1275 5525 nos
1311 5479 1446 5543 quoque
1477 5460 1616 5526 eandem
1650 5459 1889 5541 obligacionem
1920 5459 2003 5524 adeo
2039 5459 2146 5522 ratam

1864 5581 1933 5646 hh*
