5058 6792
406 445 472 511 202
1388 455 1455 510 1258

407 655 557 721 monium
579 657 768 737 presentem
792 652 948 737 paginam
971 651 1077 734 sigillo
1100 653 1216 715 nostro
1245 652 1278 715 et
1302 649 1439 715 ecclesie
1470 651 1503 714 et
1532 649 1708 715 consulum
1735 650 1889 715 duximus
1918 650 2149 717 roborandam.
2195 652 2313 718 Actum
2338 673 2427 718 anno

409 761 543 826 Domini
566 757 887 837 M⁰.C⁰C⁰.L⁰.Vlll⁰.,
911 757 1160 840 quartodecimo
1183 756 1351 823 Kalendas
1373 755 1460 820 Julii.

549 864 602 928 Or.
626 868 670 928 im
692 862 765 949 Kyl.
793 862 896 930 sc-A.
920 885 959 926 zu
982 862 1132 941 Melitam,
1156 861 1269 948 Depos.
1294 862 1350 925 dar
1371 857 1464 925 stadt
1486 861 1614 926 Mindon
1636 859 1695 927 Nr.
1719 861 1751 924 5.
1789 861 1844 926 Au
1866 863 1925 926 den
1947 885 2005 926 uon
2026 863 2082 927 der
2101 861 2180 930 Ura.
2204 864 2429 948 pecclnittenen

623 969 940 1056 Pergameae-eison
961 969 1010 1033 die
1032 968 1260 1054 pumltolteneu
1284 965 1387 1053 Sicpel
1415 969 1469 1032 das
1498 965 1657 1046 Biacliofa,
1690 969 1744 1033 dec
1771 966 1985 1054 Dornkapitala
2011 969 2077 1033 und
2102 969 2158 1034 der
2186 967 2284 1036 stadt.
2332 970 2428 1038 Gedr.

627 1072 733 1159 Wesff.
759 1073 1017 1140 Proclamat-Bit.
1043 1073 1070 1156 l,
1094 1072 1172 1153 Hcft
1192 1071 1215 1135 2
1239 1072 1273 1140 S.
1297 1071 1329 1138 9.

1373 1254 1464 1331 696.

440 1383 592 1472 Bisclwf
620 1382 806 1457 Widelriud
832 1404 897 1453 von
927 1381 1074 1453 Miudcu
1100 1381 1257 1470 ocrkuufl
1284 1382 1360 1453 dem
1387 1381 1606 1472 'Domlcopitel
1633 1383 1733 1452 auca
1760 1383 1834 1471 Hos
1859 1385 1898 1454 iu
1926 1383 2034 1471 Ellis.
2090 1382 2400 1458 1258111122.

517 1501 744 1567 Wedekindus
767 1500 828 1565 Dei
855 1499 965 1582 gracia
993 1500 1170 1584 episcopus
1199 1503 1232 1565 et
1259 1501 1449 1585 prepositus
1474 1500 1611 1566 ecclesie
1635 1499 1816 1566 Mindensis
1844 1501 2007 1566 universis
2034 1503 2098 1567 hoc
2125 1501 2283 1585 scriptum
2309 1503 2430 1569 iisuris

408 1609 443 1674 in
469 1612 677 1693 perpetuum.
726 1607 823 1685 Quod
846 1607 907 1672 rite
930 1607 1038 1689 agitur
1061 1627 1129 1672 non
1152 1608 1195 1672 ab
1211 1627 1247 1672 re
1264 1607 1396 1690 scriptis
1413 1606 1638 1672 commendari
1662 1606 1846 1688 consuevit,
1870 1627 1912 1672 ne
1936 1609 2032 1692 lapsu
2055 1609 2215 1691 temporis
2239 1629 2299 1692 per
2314 1611 2431 1676 olivio·
2525 1651 2526 1664 1

407 1736 483 1780 nem
512 1714 667 1779 irritetur.
715 1713 842 1778 Notum
865 1732 942 1794 ergo
968 1713 1012 1778 sit
1036 1713 1201 1795 omnibus,
1232 1714 1333 1795 quod,
1363 1733 1437 1778 cum
1460 1713 1681 1794 Eugelbertus
1705 1712 1813 1778 dictus
1837 1715 1924 1778 Saxo
1953 1714 2077 1780 curiam
2108 1715 2144 1779 iu
2166 1715 2299 1796 Bisada,
2328 1736 2430 1798 quam

409 1821 549 1887 anobis
572 1821 708 1886 tenebat
731 1820 766 1885 in
789 1821 933 1904 phe0d0,
958 1820 1134 1886 Frederico
1158 1821 1200 1885 de
1224 1820 1328 1884 Hasle
1352 1819 1557 1884 vendidisset
1587 1822 1621 1882 et
1643 1818 1751 1901 ipsam
1783 1839 1858 1884 cum
1882 1819 2037 1884 omnibus
2060 1820 2273 1903 pertinenciis
2296 1823 2366 1886 suis
2391 1823 2431 1888 de

408 1946 574 1992 consensu
597 1928 758 1992 heredum
782 1947 918 1992 suorum
943 1928 1041 1991 nobis
1066 1926 1220 1991 absolute
1234 1951 1239 1960 ·
1252 1926 1463 2009 resignasset,
1487 1944 1549 1988 nos
1573 1925 1714 1989 eandem
1742 1926 1870 1990 curiam
1898 1925 1962 2008 ipsi
1985 1925 2159 1993 Frederico
2190 1931 2222 1992 et
2250 1927 2431 1994 heredibus

410 2035 480 2098 suis
504 2033 705 2098 contulimus
728 2033 763 2096 in
785 2033 932 2098 feudum.
979 2033 1045 2097 Sed
1070 2033 1159 2097 idem
1182 2032 1378 2097 Fredericus
1405 2031 1621 2116 postmodum
1649 2031 1774 2096 curiam
1797 2033 1938 2097 eandem
1960 2031 2111 2097 vendidit
2138 2033 2285 2116 capitulo
2314 2039 2430 2099 nostro

407 2161 470 2224 pro
498 2139 710 2223 septuaginta
734 2139 853 2203 marcis
876 2159 944 2204 una
966 2139 1087 2216 minus,
1123 2157 1222 2220 quam
1254 2138 1296 2202 ab
1331 2138 1404 2220 ipso
1434 2136 1639 2218 F(redericol
1675 2140 1709 2202 et
1740 2138 1920 2203 heredibus
1949 2139 2018 2202 suis
2047 2139 2142 2204 nobis
2166 2141 2365 2224 resignatam
2390 2143 2432 2206 ad

408 2246 610 2330 peticionem
634 2245 770 2328 capituli
796 2245 1014 2326 Volcmundo,
1044 2245 1101 2328 qui
1124 2244 1259 2309 terciam
1282 2247 1412 2327 partem
1435 2242 1591 2326 pecunie,
1624 2262 1692 2324 qua
1715 2244 1886 2309 emebatur
1913 2244 2020 2325 curia,
2050 2246 2204 2326 exsolvit,
2235 2247 2432 2330 Reimburgi

410 2372 544 2435 quoque
574 2352 668 2415 uxori
696 2372 756 2416 sue
787 2353 820 2415 et
851 2371 968 2416 eorum
995 2351 1174 2416 heredibus
1202 2350 1427 2416 concessimus
1463 2369 1537 2414 cum
1561 2349 1717 2414 omuibus
1745 2350 1959 2432 pertinenciis
1988 2352 2058 2415 suis
2093 2351 2189 2416 titulo
2213 2352 2351 2432 feodali,
2388 2355 2431 2417 ita

408 2460 532 2539 tamen,
556 2457 648 2541 quod
670 2460 738 2522 tres
762 2457 966 2540 plaustratas
990 2476 1133 2538 annone,
1157 2477 1260 2521 unam
1287 2456 1437 2520 videlicet
1465 2455 1603 2536 siliginis
1627 2458 1661 2518 et
1684 2475 1785 2520 unam
1809 2457 1902 2521 ordei
1927 2459 1960 2521 et
1983 2477 2084 2521 uuam
2109 2477 2229 2537 avene,
2257 2459 2430 2524 annuatim

411 2563 581 2628 exsolvent
605 2563 750 2646 capitulo
774 2563 974 2646 supradicte.
1022 2563 1176 2628 Ceterum
1201 2563 1373 2628 Conradus
1397 2564 1542 2627 decanus
1567 2562 1672 2626 sancti
1696 2562 1828 2626 Martini
1852 2562 1989 2627 ecclesie
2012 2565 2127 2628 nostre
2151 2564 2346 2644 eanonicuS,
2375 2565 2431 2648 qui

409 2671 492 2734 duas
516 2673 632 2753 partes
656 2669 836 2735 solucionis
865 2670 907 2734 de
935 2669 1038 2734 felicis
1070 2669 1313 2733 recordacionis
1337 2668 1506 2752 G(erwici)
1535 2669 1705 2753 quondam
1738 2668 1854 2733 decani
1879 2668 2166 2734 Hildensemensis
2195 2673 2228 2734 et
2251 2670 2432 2736 Alexandri

412 2775 648 2841 canonicorum
684 2777 823 2840 ecclesie
847 2779 959 2841 nostre
983 2777 1182 2840 testamento
1206 2775 1338 2857 collegit
1361 2776 1394 2839 et
1418 2775 1508 2857 quod
1537 2773 1648 2838 minus
1672 2773 1798 2838 invenit
1821 2773 1981 2856 persolvit
2004 2775 2046 2838 de
2076 2794 2151 2856 suo,
2182 2776 2307 2840 curiam
2335 2798 2432 2860 sepe·
2527 2827 2528 2856 ,

412 2883 536 2946 dictam
559 2881 696 2946 habebit
729 2881 765 2946 in
789 2883 966 2946 commisso
993 2882 1104 2964 quoad
1127 2881 1260 2960 vixerit,
1290 2882 1337 2946 ita
1361 2881 1452 2964 quod
1480 2881 1564 2945 duas
1587 2898 1733 2960 marcas,
1767 2899 1869 2944 unam
1897 2879 1930 2944 in
1960 2881 2185 2947 anniversario
2215 2883 2333 2947 decani
2367 2884 2433 2948 iam
2527 2893 2528 2956 1

408 2989 487 3053 dicti
512 2989 545 3052 et
568 3007 670 3052 uuam
693 2987 728 3050 in
753 2987 979 3052 anniversario
1002 2987 1193 3068 Alexandri,
1217 3007 1279 3070 pro
1303 2987 1534 3052 consolacione
1559 2986 1653 3050 dabit
1670 2986 1840 3050 annuatim
1866 2988 1964 3050 modo
1981 2990 2152 3066 consueto,
2176 2987 2261 3052 sicut
2283 2989 2319 3052 in
2336 2991 2432 3054 anni·
2527 2985 2528 2996 ’

363 3111 367 3122 ·
408 3094 558 3158 versario
581 3094 669 3158 bone
693 3095 853 3158 memorie
877 3093 1037 3176 prepositi
1062 3092 1209 3158 Bodonis
1234 3095 1267 3157 et
1290 3093 1430 3158 aliorum
1454 3091 1525 3156 fieri
1549 3093 1740 3170 consuevit,
1765 3111 1909 3174 congrue
1933 3091 2139 3158 dividendas.
2187 3095 2266 3159 Post
2289 3099 2432 3158 mortem

407 3220 488 3263 vero
513 3199 631 3264 decani
654 3199 721 3264 iam
746 3200 825 3263 dicti
850 3199 1018 3281 sepedicta
1042 3200 1132 3263 curie
1155 3198 1301 3283 provisio
1330 3199 1365 3261 in
1390 3197 1604 3262 ordinacione
1629 3197 1764 3280 capituli
1788 3197 1945 3276 manebit,
1970 3198 2016 3262 ita
2039 3202 2167 3281 tamen,
2191 3201 2280 3283 quod
2303 3200 2432 3283 prefate

409 3305 474 3369 due
498 3325 606 3370 marce.
635 3306 669 3369 in
693 3305 927 3369 anniversariis
962 3305 1177 3387 supradictis,
1213 3305 1300 3368 sicut
1327 3305 1393 3369 iam
1418 3303 1625 3383 dictumest,
1662 3305 1703 3366 de
1732 3303 1893 3384 pensione
1925 3303 2016 3368 curie
2051 3308 2213 3388 perpetuo
2243 3309 2431 3389 erogentur.

410 3412 533 3475 Actum
557 3431 645 3475 anno
669 3411 800 3477 Domini
826 3409 1060 3491 M.CC.LVIH.‚
1085 3410 1121 3475 X.
1145 3409 1314 3474 Kalendas
1338 3409 1427 3474 Julii.

544 3515 678 3580 Abcclir.
710 3516 764 3579 dea
796 3514 847 3578 11.
870 3515 984 3580 Jahrb.
1019 3518 1054 3578 iu
1083 3515 1159 3577 Mac.
1191 3512 1263 3593 VII,
1287 3512 1374 3578 2401
1406 3515 1440 3580 S.
1462 3514 1509 3578 56'
1541 3517 1586 3577 im
1612 3513 1684 3599 qu.
1711 3512 1814 3578 Sa-A.
1850 3537 1889 3577 zu
1913 3515 2060 3580 Minater.
2107 3515 2202 3584 θεάν.
2236 3515 2432 3596 Wiirdtzcein,

624 3621 717 3688 Saba.
743 3623 819 3706 dipl.
850 3618 904 3700 VI,
927 3619 960 3685 S.
987 3620 1065 3698 445,
1101 3621 1214 3706 Repetit
1234 3645 1261 3684 o.
1285 3619 1485 3706 Hodaadery,
1522 3619 1627 3707 Hoyer
1657 3619 1724 3684 ΠΒ.
1753 3619 1843 3683 Abit.
1875 3617 1964 3698 VIII,
1991 3619 2025 3685 S.
2048 3619 2093 3685 69
2121 3622 2180 3688 Nr.
2207 3621 2258 3700 70,
2283 3625 2363 3687 urse.
2390 3623 2432 3702 II,

625 3726 688 3791 189
712 3726 772 3790 Nr.
796 3726 871 3792 508.
920 3725 1009 3790 Bodo
1042 3749 1111 3791 war
1144 3725 1259 3812 Propat
1293 3728 1346 3791 des
1370 3726 1641 3808 Jotanneatifua
1677 3725 1762 3790 nicht
1785 3725 1979 3811 Dornpropet.
2027 3726 2113 3806 Elfte
2149 3729 2198 3793 bei
2221 3728 2435 3814 Rothmmffeln

622 3832 678 3898 Kr.
704 3833 841 3896 Minden.
891 3831 954 3896 Der
981 3831 1046 3896 Tou
1070 3834 1123 3898 des
1143 3832 1319 3898 Dantem
1344 3834 1520 3898 Ateaanda·
1542 3835 1624 3897 udrd
1645 3837 1679 3896 in
1704 3832 1778 3897 Mac.
1808 3829 1881 3910 VII,
1906 3829 1996 3895 2602
2019 3832 2053 3898 S.
2080 3833 2143 3897 111)
2169 3858 2209 3899 zu
2229 3833 2368 3899 Oktober
2390 3835 2431 3898 21

623 3939 753 4022 (Vitalis
776 3940 909 4022 Rogati)
933 3939 1117 4025 angepeben.

1372 4121 1463 4197 697.

407 4246 562 4335 Bisclcof
592 4247 777 4320 Widekiud
809 4246 882 4316 und
909 4247 973 4318 dus
1002 4246 1218 4338 Domlcupitcl
1251 4247 1371 4336 treffeu
1398 4243 1674 4338 Bestimmuupeu
1705 4248 1788 4319 uber
1815 4248 1871 4319 die
1899 4247 2089 4336 Eiulcduste
2122 4249 2318 4320 uusserliclb
2346 4252 2435 4322 resi-

972 4353 1153 4424 diercuder
1180 4352 1392 4424 Konouilccr.
1447 4351 1550 4426 1258
1577 4354 1654 4442 (vor
1680 4354 1768 4425 Juui
1795 4354 1872 4445 23).

517 4470 742 4536 Wedekindus
767 4471 828 4536 Dei
851 4471 957 4553 gratia
980 4470 1162 4553 episcopus
1189 4473 1222 4535 et
1245 4471 1450 4553 prepositus,
1474 4471 1681 4536 Wernherus
1705 4474 1851 4537 decanus
1882 4476 2056 4554 totumque
2085 4472 2265 4554 capitulum
2293 4473 2436 4538 ecclesie

415 4578 598 4643 Mindensis
622 4577 778 4641 omnibus
801 4577 865 4641 hoc
896 4576 1055 4658 scriptum
1087 4577 1208 4641 visuris
1239 4578 1275 4641 in
1303 4580 1512 4660 perpetuum.
1560 4577 1706 4642 Ecclesia
1733 4582 1847 4645 nostre
1875 4581 2000 4644 statuta
2027 4579 2060 4642 et
2088 4579 2348 4643 consuetudines
2373 4581 2435 4644 hb-

416 4686 528 4748 nestas
552 4685 585 4746 et
609 4684 811 4767 approbatas
835 4682 1107 4765 irrefragabiliter
1131 4682 1297 4747 observari
1322 4683 1493 4765 cupientes
1516 4702 1585 4747 non
1607 4684 1769 4748 mutando
1794 4685 1972 4767 quicquam
1996 4683 2047 4748 vel
2070 4685 2204 4749 statutis
2226 4685 2377 4768 pristinis
2401 4687 2437 4750 in

417 4790 530 4871 aliquo
554 4788 755 4870 derogando,
779 4790 839 4854 sed
863 4788 1017 4870 ambigua
1040 4789 1152 4872 potius
1175 4789 1419 4872 explanandol)
1443 4793 1581 4872 propter
1604 4809 1725 4868 rerum,
1749 4809 1968 4873 personarum
1992 4809 2029 4854 ac
2051 4791 2240 4874 temporum
2256 4790 2436 4856 varietates

409 4894 544 4959 statutis
576 4894 800 4959 anterioribus
830 4893 1019 4959 addicioues
1047 4896 1211 4990 quasdam
1241 4895 1419 4961 statuendo
1447 4894 1601 4961 duximus
1633 4896 1869 4962 annectendas.
1916 4897 2045 4960 Harum
2068 4897 2193 4980 quippe
2222 4896 2436 4962 addiciouum

413 5019 513 5064 eausa
537 5001 587 5063 est
610 4998 768 5080 efficiens,
794 5001 885 5083 quod
906 4999 1020 5082 plures
1044 5003 1156 5084 preter
1178 5000 1312 5066 solitum
1341 5001 1376 5064 in
1400 5001 1539 5066 ecclesia
1563 5004 1677 5067 nostra
1704 5001 1818 5084 sunta)
1843 5001 2008 5082 canonici,
2045 5003 2102 5082 qui
2133 5001 2214 5067 alias
2238 5002 2377 5067 meliora
2402 5006 2437 5068 et

416 5105 571 5172 uberiora
595 5104 783 5170 obtinentes
816 5105 977 5171 beneficia
1008 5106 1221 5171 residentiam
1253 5107 1399 5172 debitam
1426 5109 1460 5172 et
1491 5109 1682 5172 consuetam
1710 5107 1883 5173 nobiscum
1911 5107 2019 5172 faeere
2050 5127 2118 5172 non
2146 5110 2305 5190 possunt,
2335 5127 2436 5190 quos,

412 5211 493 5293 quia
515 5210 666 5296 plerique
690 5211 819 5276 nobiles
835 5214 915 5277 sunt
937 5215 970 5277 et
992 5211 1054 5276 viri
1070 5211 1218 5292 litterati,
1241 5212 1432 5277 indecorum
1451 5216 1539 5277 esset
1555 5213 1682 5278 crebris
1706 5213 1893 5278 claustralis
1918 5213 2091 5295 discipline
2107 5213 2248 5278 stimulis
2271 5215 2436 5278 coarctari

413 5319 447 5381 et
484 5337 524 5382 ex
558 5322 655 5400 parte
690 5317 795 5382 altera
828 5337 897 5382 non
925 5317 997 5382 lere
1025 5317 1249 5383 residentibus
1284 5318 1326 5382 sit
1356 5338 1469 5383 eorurn
1495 5318 1681 5382 absentiam
1704 5319 1925 5402 equanimiter
1949 5319 2165 5385 dissimulare.
2211 5319 2435 5385 Attendentes

412 5442 624 5505 summopere
651 5421 721 5486 sore
750 5423 973 5488 necessarium
1002 5423 1183 5488 turbationi
1214 5426 1247 5486 et
1281 5423 1446 5488 discordie
1482 5425 1659 5506 utrobique
1689 5444 1749 5507 pro
1778 5445 1879 5509 posse
1909 5445 2041 5507 cavere,
2073 5430 2205 5491 maturo
2235 5425 2373 5490 consilio
2403 5429 2435 5490 et
