5168 6798
1057 483 1124 538 1253
2062 473 2125 538 173

103 677 227 742 dictam
261 674 424 740 redimere
458 673 633 753 voluerint,
668 676 731 741 boc
757 675 881 740 iaciant
909 677 944 741 in
972 677 1057 742 festo
1084 679 1191 743 sancti
1219 677 1362 759 Martini,
1397 679 1460 742 hoc
1489 677 1628 760 adiect0,
1664 679 1755 760 quod
1783 679 1943 762 quicquid
1970 680 2053 746 iuris
2085 700 2125 745 ex

106 780 300 846 vadimoniis
321 780 375 846 vel
396 780 620 863 peticionibus
643 779 770 864 anter)
793 781 966 864 promissis
982 787 1015 848 et
1030 783 1132 866 nonl)
1154 782 1273 848 solutis
1290 783 1423 848 domino
1439 783 1545 848 electo
1562 787 1621 848 aut
1636 783 1822 848 successori
1838 785 1873 850 in
1889 786 1963 870 ipsa
1978 787 2125 852 comecia

101 886 264 971 competit
297 885 361 950 hoc
395 886 468 951 sine
503 885 765 952 contradictione
796 887 946 970 qualibet
972 888 1190 971 extorquebit.
1236 888 1414 954 Adiectum
1437 890 1489 953 est
1512 889 1621 971 etiam,
1645 890 1737 972 quod
1760 890 1917 955 dominus
1940 890 2067 958 electus
2091 895 2125 956 et

107 991 242 1058 ecclesia
258 990 386 1056 litteras
402 1009 481 1058 suas
505 993 658 1076 patentes
674 991 768 1058 dabit
783 992 960 1059 comitibus
976 994 1166 1078 sepedictis,
1188 995 1225 1058 nt
1240 993 1404 1076 prefatam
1421 995 1599 1060 comeciam
1615 994 1757 1078 pecunia
1772 997 1944 1078 pretaxate
1960 997 2124 1061 sexcentis

105 1097 259 1162 videlicet
281 1096 402 1163 marcis
426 1097 695 1180 quandocunque
718 1098 885 1164 voluerint
907 1099 943 1164 in
966 1098 1051 1164 testo
1068 1100 1157 1164 beati
1173 1098 1306 1165 Martini
1323 1099 1506 1165 redimendi
1522 1099 1662 1164 liberam
1678 1101 1825 1165 habeant
1841 1100 2042 1166 facultatem.
2082 1102 2126 1167 Ut

102 1205 213 1268 autem
249 1202 471 1288 quadraginta
505 1222 615 1269 marce
647 1204 689 1268 de
718 1204 860 1289 pecunia
888 1203 1057 1288 sepedicta
1088 1204 1254 1287 H(inrico)
1290 1205 1401 1270 comiti
1430 1207 1471 1271 de
1495 1205 1708 1271 Oldenborch
1730 1207 1964 1288 persolvantur
1986 1206 2069 1271 locis
2093 1209 2126 1271 et

107 1309 257 1373 terminis
275 1308 472 1391 prenotatis,
496 1309 651 1374 dominus
667 1307 924 1394 W(edelrindus)
941 1311 1079 1392 electus,
1093 1311 1235 1376 Werner
1249 1309 1386 1376 maioris
1402 1315 1437 1376 et
1453 1310 1626 1376 Conradus
1643 1311 1748 1377 sancti
1764 1311 1896 1376 Martini
1913 1311 2126 1378 ecclesiarum

104 1413 229 1496 decani,
254 1413 413 1480 Hinricus
437 1416 479 1481 de
501 1414 593 1496 Sion,
618 1413 808 1482 Gerbardus
833 1419 866 1480 et
876 1414 916 1500 17)
939 1416 1130 1482 Alexander
1153 1415 1352 1500 canonicilss)
1376 1416 1536 1494 eiusdem,
1560 1416 1775 1483 Bernhardus
1799 1417 1919 1483 nobilis
1942 1417 1993 1482 vir
2009 1419 2050 1484 de
2067 1419 2126 1500 Lo,

103 1519 289 1604 Lippoldus
308 1521 350 1586 de
365 1521 550 1602 Mandesn,
566 1519 767 1588 Rembertus
783 1522 825 1588 de
841 1523 1103 1605 Mounelrhusem
1120 1523 1253 1604 milites,
1277 1521 1345 1588 tide
1361 1520 1488 1607 data19)
1503 1523 1740 1606 promiserunt,
1756 1525 1789 1588 et
1805 1523 1915 1588 adhuc
1930 1523 2127 1607 promittent

103 1645 221 1690 novem
246 1626 370 1691 milites
394 1625 596 1714 similiter²⁰)
617 1625 684 1694 tide
705 1627 792 1694 data.
839 1628 893 1694 Ad
909 1628 1009 1694 huius
1025 1648 1104 1694 vero
1119 1629 1167 1694 rei
1183 1628 1340 1694 noticiam
1356 1647 1495 1711 presens
1511 1628 1633 1713 pagina
1648 1628 1773 1694 domini
1789 1629 2014 1714 Wledelrindi)
2031 1631 2126 1697 electi

101 1730 524 1815 llindensisetH(in1ici)
559 1733 692 1798 comitis
715 1733 757 1798 de
781 1733 995 1799 Oldenborch
1028 1734 1211 1800 munimine
1234 1735 1421 1800 roboratur.
1468 1735 1554 1800 Sunt
1578 1738 1688 1800 autem
1711 1735 1758 1800 hii
1780 1737 1897 1802 testes:
1931 1736 2127 1802 Fredericus

101 1836 220 1900 nobilis
247 1835 299 1902 vir
315 1838 356 1902 de
373 1838 640 1919 Grummessche,
663 1839 879 1904 Wilbrandus
902 1840 1010 1922 Mane,
1033 1841 1247 1907 Hermannus
1270 1842 1375 1906 Brant
1398 1840 1532 1922 milites3
1555 1842 1726 1908 Arnoldns
1750 1842 1883 1909 maioris
1907 1844 1940 1907 et
1964 1842 2126 1908 Ludolfus

99 1941 203 2008 sancti
218 1942 356 2008 Martini
378 1943 592 2008 ecclesiarum
606 1943 831 2010 Mindensium
854 1946 1016 2024 canonici,
1040 1947 1198 2030 magister
1214 1946 1405 2013 Gerbardus
1421 1948 1531 2012 rector
1546 1947 1685 2012 ecclesie
1700 1947 1735 2012 in
1751 1948 1948 2030 Twistinge3
1972 1948 2126 2015 Nicotaus

101 2047 141 2112 de
156 2047 342 2131 Mansigge,
366 2048 563 2115 Wilbelmus
588 2051 629 2115 de
646 2049 855 2135 Landiehtl),
879 2052 1068 2118 Fn'dericus
1092 2053 1134 2118 de
1150 2052 1266 2134 Glane,
1290 2053 1461 2117 lohannes
1477 2053 1519 2118 de
1538 2052 1734 2136 Holtorppe‚
1758 2052 1889 2136 milites,
1914 2054 2126 2119 Hermannus

98 2151 301 2218 domicellus
321 2155 371 2242 ¹de
394 2154 575 2237 Blanlreua,
603 2155 798 2222 Thidericus
826 2157 868 2221 de
892 2156 1058 2239 Orsholte,
1088 2157 1250 2222 liudolfus
1274 2159 1316 2223 de
1338 2157 1558 2241 Nigenborch,
1590 2157 1715 2240 famuli,
1744 2160 1778 2224 et
1801 2159 1856 2224 alii
1879 2160 2126 2242 quamplures

320 2261 340 2324 ¹)
351 2259 426 2327 seltt
445 2257 474 2312 C.
512 2260 535 2330 ς)
555 2261 679 2328 quoniam
699 2261 732 2312 A.
772 2260 796 2331 ⁸)
815 2261 1010 2315 clarificatione
1032 2262 1060 2317 0.
1099 2263 1122 2333 ι)
1141 2263 1194 2316 duo
1214 2263 1247 2318 A.
1286 2262 1310 2333 ὓ)
1330 2264 1511 2332 persolvendis
1534 2264 1561 2316 0.
1601 2263 1624 2333 ⁶)
1638 2264 1739 2316 solvere
1751 2264 1816 2317 velit
1832 2264 1860 2317 C.
1901 2263 1922 2332 ⁷)
1935 2265 2078 2317 anteiesto
2092 2266 2127 2330 A,

422 2349 451 2400 in
469 2348 538 2400 testo
559 2346 587 2400 C.
627 2347 650 2419 θ)
670 2350 715 2401 sed
736 2350 807 2416 quod
823 2349 899 2419 seltt
918 2347 947 2404 C.
985 2350 1008 2420 ⁹)
1028 2351 1089 2404 libri
1107 2350 1142 2406 A.
1181 2351 1216 2421 ¹⁰)
1235 2367 1284 2404 nec
1303 2355 1374 2405 exire
1395 2349 1423 2404 0.
1463 2349 1499 2421 ιι)
1519 2351 1655 2404 habebunt
1674 2351 1707 2403 A.
1748 2351 1782 2422 Η)
1802 2353 1954 2405 retinebunt
1973 2351 2007 2418 A,
2046 2351 2081 2423 ι1)
2100 2355 2128 2406 in
2214 2369 2220 2381 ·

404 2435 561 2489 'nativitate
583 2435 611 2489 C.
652 2436 687 2505 ¹⁴)
706 2438 858 2505 persolvent
877 2436 910 2490 A.
950 2437 985 2509 ιι)
1004 2443 1122 2494 consent.
1144 2437 1173 2494 G.
1213 2439 1248 2508 ιο)
1268 2446 1314 2492 eut
1335 2437 1363 2492 C.
1403 2440 1438 2509 ι1)
1450 2439 1525 2508 seltt
1541 2439 1575 2496 A.
1616 2441 1648 2506 ¹⁸)
1667 2438 1699 2492 In
1717 2440 1742 2492 A
1762 2439 1836 2493 siclt
1851 2458 1887 2492 eo
1906 2441 1986 2506 lesem
2018 2439 2130 2494 Wrat'

424 2521 510 2577 laben
528 2524 587 2579 loci.
627 2523 663 2595 ¹⁹)
683 2525 745 2578 dato
765 2524 800 2578 A.
837 2525 874 2596 ¹⁰)
893 2527 945 2579 sibi
966 2523 995 2579 0.
1034 2525 1070 2598 Ἰ)
1089 2526 1209 2580 Landcot
1228 2524 1259 2584 0.

235 2609 406 2692 Abrcdre'ft
427 2612 480 2676 des
505 2610 556 2675 16.
580 2612 633 2679 Jl.
657 2616 692 2676 e'rr
716 2614 794 2677 Mac.
824 2610 895 2692 VII,
918 2611 1008 2677 2438
1032 2611 1067 2680 8.
1085 2613 1107 2677 8
1127 2619 1171 2678 r'm
1194 2614 1267 2701 th.
1288 2613 1394 2683 Sc-A.
1417 2638 1458 2680 err
1480 2616 1620 2680 Mdraster
1645 2617 1714 2698 (A).
1763 2615 1922 2702 Abaedre'ft
1945 2616 2129 2682 manna

316 2719 351 2780 ira
374 2717 450 2780 Mac.
478 2715 512 2783 T.
537 2716 582 2781 38
605 2719 661 2784 ool.
688 2717 782 2795 Ifol.
806 2717 875 2784 302
895 2721 939 2783 im
962 2717 1035 2806 Kyt.
1062 2720 1166 2786 sc-A.
1190 2743 1230 2785 zu
1251 2717 1419 2787 Hcancoer
1448 2721 1641 2807 monpellaft
1665 2720 1729 2806 (C).
1776 2721 1996 2808 Fellerlafter
2018 2721 2128 2788 Druck

325 2819 522 2901 Wrirdtwer'rr‚
550 2821 643 2889 Sabe.
668 2821 743 2910 dipl.
766 2822 820 2902 VI,
846 2823 880 2892 S.
897 2823 962 2888 434
986 2821 1068 2911 (VO,
1093 2825 1215 2890 weced
1237 2850 1265 2890 o.
1283 2825 1415 2912 Aspero,
1442 2825 1515 2892 Cod.
1532 2827 1606 2912 dipl.
1626 2826 1800 2893 Sclaeenb.
1827 2825 1862 2894 S.
1881 2828 1946 2892 155
1969 2825 2030 2894 Nr.
2046 2825 2092 2893 97
2097 2827 2128 2892 d.

318 2927 430 3013 Reqeer
451 2927 564 3008 Haase,
592 2927 1006 2998 eorummet-Leaena
1031 2931 1130 3018 Repe.
1154 2955 1186 2998 rr.
1216 2929 1316 2998 Urlrlr.
1343 2931 1386 3011 H,
1410 2930 1443 2998 8.
1467 2932 1510 2995 21
1536 2931 1597 2997 Nr.
1620 2933 1674 2997 53.

98 3181 236 3255 Joleoorr
270 3182 374 3271 Grof
393 3204 457 3254 vora
484 3182 896 3276 Hoereosclaamtery
928 3075 1248 3278 versprr'c5lrt9,8·dass
1281 3207 1320 3258 er
1352 3186 1425 3256 aad
1451 3186 1525 3256 sein
1553 3183 1767 3258 obweserrder
1795 3185 1938 3257 Brcder
1966 3184 2129 3258 Gerlord

99 3287 186 3377 oden
214 3287 305 3377 falls
334 3288 445 3360 dieser
472 3289 605 3362 sterben
632 3288 735 3380 sollte,
763 3290 884 3362 desserr
910 3287 1046 3364 Klrder
1073 3290 1150 3362 dere
1170 3289 1319 3380 Bisclvof
1341 3312 1404 3362 vore
1432 3291 1582 3362 Mlederr
1610 3290 1666 3362 dte
1685 3289 1893 3380 Grofscloft
1920 3288 2130 3364 Stemwede

593 3395 809 3488 verpfdrederr
835 3396 981 3470 wodor.
1036 3395 1242 3487 Rerdsburp
1270 3394 1376 3470 1253
1404 3395 1592 3468 November
1619 3401 1649 3467 1.

203 3513 414 3596 lornannes)
438 3513 498 3578 Dei
522 3515 632 3596 gracie
659 3533 771 3580 comes
795 3515 952 3581 Holsacie
975 3513 1066 3578 etin
1089 3513 1359 3580 Schowenborch
1383 3513 1539 3580 omnibus
1563 3513 1649 3578 banc
1672 3512 1814 3578 litteram
1838 3513 1985 3596 vis(uris)
2009 3515 2129 3578 notum

100 3637 170 3684 esse
199 3618 372 3696 volumus,
407 3619 499 3701 qood
534 3637 595 3686 nos
630 3619 776 3685 dominis
811 3622 845 3684 et
874 3619 1036 3686 militibus
1063 3619 1201 3686 Nicolao
1232 3619 1274 3686 de
1301 3619 1505 3702 Mansengen
1536 3620 1569 3683 et
1593 3617 1789 3702 (Richardo)
1813 3618 1921 3683 Parvo
1943 3619 1987 3682 ad
2010 3638 2128 3687 manus

101 3723 224 3788 domini
266 3723 373 3788 nostri
395 3725 544 3809 episcopi
567 3725 750 3792 llindensis
774 3727 807 3790 et
830 3726 968 3792 ecclesie
991 3725 1097 3809 ipsius
1120 3723 1188 3791 tide
1212 3725 1291 3790 data
1313 3723 1539 3807 promisimus,
1575 3723 1698 3807 (quod)
1722 3743 1783 3789 nos
1807 3727 1840 3789 et
1863 3722 2003 3789 dilectus
2026 3723 2129 3790 irater

102 3833 213 3895 noster
237 3848 356 3896 comes
380 3830 571 3896 Gerbardus
606 3835 789 3898 memorato
814 3831 951 3897 domino
975 3832 1133 3915 episcopo
1168 3832 1202 3896 et
1225 3850 1286 3896 sue
1309 3829 1447 3896 ecclesie
1479 3829 1584 3912 (cum)
1608 3828 1715 3912 primo
1739 3828 1782 3894 ad
1805 3829 1916 3914 ipsum
1942 3829 2128 3894 venerimus
2250 3885 2253 3893 .

101 3939 158 4000 ant
179 3935 277 4000 fideli
301 3936 434 4016 nuncio,
471 3956 572 4019 quem
600 3936 697 4002 nobis
725 3938 798 4002 vice
821 3957 883 4002 sua
891 3939 918 4022 ¹)
941 3937 1168 4020 destinaverit,
1202 3936 1308 4019 b(0na
1328 3938 1459 4021 nostra)
1481 3935 1517 4000 in
1540 3935 1728 4001 Stemwede
1759 3934 2044 4018 inpignorabimus
2066 3955 2127 4018 pro

100 4039 270 4106 sexcentis
294 4042 413 4106 marcis
430 4041 622 4106 Bremensis
647 4043 773 4125 argenti
795 4042 863 4122 (vel
879 4045 954 4126 pro)
977 4042 1079 4106 tantis
1096 4041 1242 4106 denariis
1258 4041 1470 4120 Westtalicis‚
1494 4039 1581 4106 sicut
1596 4058 1658 4122 pro
1678 4039 1805 4104 eisdem
1821 4039 1940 4104 marcis
1956 4039 2126 4124 contingit.

100 4145 135 4210 Si
166 4166 262 4228 vero,
298 4147 387 4230 quod
416 4148 513 4228 absit,
549 4147 737 4232 (dilectum)
766 4147 903 4213 tratrem
934 4149 1086 4212 nostrum
1120 4147 1204 4212 mori
1239 4145 1424 4229 contigerit,
1459 4146 1555 4230 pueri
1579 4144 1630 4209 sui
1653 4143 1776 4210 facient
1798 4146 1868 4210 rice
1892 4165 1963 4210 sua.
2009 4147 2128 4212 Testes

101 4252 154 4332 qui
177 4254 359 4334 presentes
382 4255 478 4318 erant
500 4254 611 4339 (sunt)
635 4254 695 4318 hii:
721 4273 832 4320 comes
857 4253 1013 4320 Hinricus
1038 4253 1080 4317 de
1103 4252 1327 4330 Oldenborch,
1351 4252 1584 4317 Waldemarus
1607 4253 1672 4316 dux
1693 4250 1796 4332 lucie,
1821 4252 2015 4317 Lodewicus
2036 4254 2128 4334 Post,

101 4355 322 4440 Gervasius2)
344 4357 465 4423 Nasius
488 4361 639 4424 notarius
662 4361 776 4426 noster
799 4363 833 4425 et
856 4359 912 4426 alii
929 4357 1169 4442 quamplures.
1218 4358 1339 4422 Datum
1356 4357 1649 4440 Reinoldesb(erg)
1669 4375 1757 4423 anuo
1773 4357 1880 4440 gracie
1896 4356 2127 4438 M⁰CC⁰LIII⁰.‚

101 4463 252 4527 omniurn
279 4466 481 4528 sanctorum.

321 4567 343 4636 ¹)
362 4584 410 4620 sue
428 4568 463 4620 A.
502 4567 525 4639 ²)
544 4569 697 4622 Gerbardus
716 4569 750 4622 A.

236 4653 401 4741 Abeclrr'ft
423 4656 476 4722 dee
501 4655 551 4721 16.
568 4656 621 4720 Jlr.
644 4662 679 4721 c'rr
695 4657 771 4723 Mac.
793 4655 866 4738 VII,
889 4654 987 4736 2438,
1014 4655 1087 4722 8.3
1109 4661 1152 4721 im
1175 4655 1248 4742 qu.
1275 4654 1380 4722 Se-A.
1403 4679 1443 4720 zu
1465 4656 1616 4735 Mrtneter,
1641 4679 1693 4719 am
1716 4655 1826 4721 Raude
1849 4659 2035 4742 einperissen
2059 4655 2127 4740 (A).

318 4759 381 4826 Die
402 4757 635 4848 Erydnzunperr
656 4764 736 4828 nacla
759 4765 827 4830 dem
849 4763 957 4828 Dmde
986 4761 1198 4842 Weirdtroer'rrs,
1225 4759 1314 4828 salla
1337 4762 1412 4849 dipl
1442 4759 1496 4840 Vl,
1523 4760 1557 4826 8.
1575 4759 1640 4825 428
1662 4762 1728 4826 uod
1748 4785 1776 4828 o.
1794 4761 1928 4848 Aspero,
1955 4757 2027 4826 Cod.
2051 4761 2127 4846 dipl.

322 4865 493 4934 dedocent.
523 4864 568 4948 II,
604 4867 639 4933 S.
669 4866 734 4932 158
770 4867 827 4932 Nr.
855 4867 930 4938 97⁶.
976 4853 1099 4936 Alere
1124 4867 1236 4932 Druck
1274 4863 1411 4954 (irrepere,
1451 4865 1539 4953 Orio.
1573 4865 1721 4932 German.
1752 4863 1795 4945 II,
1828 4865 1861 4931 8.
1891 4863 1967 4932 363.
2015 4864 2130 4951 Repeat

322 4970 436 5051 Haase,
462 4965 882 5040 Selleew.-Holet.-Lauerrb.
907 4973 1005 5062 Repo.
1028 4997 1060 5040 e.
1090 4972 1181 5037 Urklc.
1206 4969 1250 5052 II,
1273 4970 1306 5038 8.
1329 4967 1374 5034 22
1396 4969 1455 5038 Nr.
1478 4972 1532 5039 55.

101 5206 242 5298 Herrop
271 5206 391 5280 Albert
417 5229 483 5280 von
510 5207 782 5298 Broeneclrwetp
808 5208 983 5299 monroyr
1009 5099 1289 5298 sufficerem
1315 5229 1380 5280 vora
1406 5209 1480 5280 cler
1504 5207 1627 5296 Hcferl
1655 5206 1797 5278 Loredes
1823 5207 1862 5278 le
1888 5203 1925 5280 N
1926 5203 2128 5294 orthlothe‚

100 5312 223 5384 welche
253 5311 370 5386 Ritter
405 5313 551 5388 Werrrer
576 5336 642 5386 corr
668 5313 790 5386 Lclde
817 5313 968 5408 (Lethe)
997 5316 1063 5388 dere
1089 5314 1257 5389 Brtlderrr
1283 5314 1421 5386 delerare
1439 5312 1512 5386 aad
1531 5313 1693 5385 Gerlord
1722 5311 1859 5401 Graferc
1882 5332 1945 5384 oen
1964 5310 2127 5384 Sclorrm-

99 5416 195 5508 berp,
225 5417 301 5488 und
327 5418 461 5490 letztere
487 5421 614 5492 wieder
640 5419 711 5490 illm
737 5421 918 5511 resiprriert
943 5419 1059 5510 leber,
1092 5420 1169 5492 dem
1197 5421 1257 5493 Kl.
1285 5419 1443 5492 Leonem.
1498 5418 1702 5492 Loeerrode
1728 5421 1828 5492 1253
1855 5416 2042 5490 December
2068 5415 2129 5490 28.
