5058 6792
439 375 507 442 250
1428 391 1496 448 1265

439 592 554 653 tamen
578 589 732 670 tempore
757 586 925 652 interdicti
947 586 1056 652 ianuis
1079 586 1211 668 clausis,
1246 587 1431 654 interdictis
1454 591 1487 654 et
1510 590 1802 656 excommunicatis
1825 592 1978 674 exclusio,
2008 614 2089 660 voce
2112 596 2278 663 submissa
2300 617 2363 662 non
2384 603 2445 683 pul·

439 695 520 759 satis
551 693 721 778 campanis
756 693 872 759 audire
906 692 1027 758 missas
1059 696 1092 759 et
1121 692 1268 759 officium
1299 694 1446 760 divinum
1470 715 1639 779 peragere,
1674 699 1775 780 prout
1797 718 1838 762 ex
1861 699 2038 765 devotione
2048 700 2076 784 ³)
2100 701 2235 786 spiritus
2258 710 2388 771 sanctus
2407 709 2444 772 eis

438 800 652 883 inspiraverit
675 799 874 864 iaciendum.
923 797 1174 882 Archidyacono
1198 820 1278 864 vero
1302 801 1375 881 loci,
1400 821 1474 866 cum
1498 802 1670 866 ecclesiam
1693 803 1729 868 in
1753 802 1893 870 Lodhen
1917 807 2031 888 quoad
2053 808 2198 890 regimen
2215 810 2332 892 populi
2348 831 2445 878 vacare

439 907 624 990 contigerit,
649 907 804 971 clericum
830 908 889 970 aut
910 906 1019 971 virum
1043 906 1233 990 religiosum
1255 911 1461 990 presentent,
1489 912 1527 973 ut
1550 909 1592 974 ab
1617 929 1655 976 eo
1679 929 1792 975 curam
1816 912 1955 995 recipiat
1977 913 2164 979 animarum
2187 917 2222 980 et
2243 916 2445 984 obedientiam

435 1013 560 1078 intuitu
584 1033 663 1078 cure
687 1013 796 1094 iaciat,
821 1013 865 1078 ad
888 1013 1053 1096 synodum
1075 1013 1189 1078 veniat
1212 1016 1244 1078 et
1267 1015 1378 1098 ipsum
1402 1015 1680 1098 archidyaconum
1704 1036 1779 1081 cum
1802 1018 1966 1100 populum
1989 1019 2100 1086 visitat
2123 1021 2157 1085 in
2174 1023 2329 1106 expensis
2351 1024 2445 1089 debito

436 1121 536 1185 modo
560 1122 729 1204 procuret,
765 1123 799 1186 et
829 1120 890 1201 si4)
924 1119 1064 1184 clericus
1088 1119 1246 1184 secularis
1270 1121 1415 1186 extiterit
1437 1141 1548 1187 curam
1572 1123 1700 1188 habens
1724 1123 1925 1196 huiusmodi.
1950 1125 2211 1208 archidyaconus
2236 1130 2278 1194 ab
2302 1149 2342 1194 eo
2364 1149 2445 1208 syno-

437 1227 530 1293 dales
546 1227 682 1293 exuvias
698 1229 774 1310 post
790 1229 932 1291 mortem
954 1225 1104 1308 accipiat,
1128 1225 1213 1291 sicut
1236 1228 1278 1290 ab
1301 1226 1374 1292 aliis
1399 1227 1525 1292 clericis
1549 1229 1756 1294 secularibus
1780 1231 2011 1314 archidyaconi
2036 1232 2185 1316 recipere
2209 1241 2445 1302 consueverunt.

435 1334 471 1400 Si
503 1353 581 1399 vero
613 1334 766 1417 provisor
802 1333 866 1398 loci
890 1333 1065 1416 religiosus
1100 1332 1221 1416 aliquis
1256 1333 1376 1398 obierit
1405 1334 1545 1416 predicti
1568 1335 1683 1419 populi
1706 1355 1817 1401 curam
1841 1337 1980 1416 habens,
2013 1358 2073 1420 pro
2098 1341 2313 1422 synodalibus
2337 1344 2445 1408 exuviis

434 1441 594 1525 priorissa
624 1440 681 1504 XX
714 1441 841 1505 solidos
878 1439 1003 1504 usualis
1038 1442 1171 1504 monete
1206 1439 1447 1518 archidyacono
1478 1444 1688 1525 representet
1715 1444 1747 1505 et
1772 1443 1872 1507 nichil
1909 1442 2052 1527 amplius
2076 1465 2096 1509 a
2118 1448 2324 1514 monasterio
2346 1449 2445 1514 veleb

435 1548 549 1630 aliquo
583 1547 782 1629 requiratur.
830 1547 976 1628 Insuper
1000 1545 1112 1610 nullus
1136 1549 1293 1629 exparte
1317 1566 1469 1612 sororum
1504 1548 1592 1611 bona
1615 1549 1721 1613 nostri
1744 1549 1880 1632 capituli
1904 1551 2060 1634 deinceps
2084 1571 2104 1615 a
2127 1572 2331 1636 quocunqne
2353 1575 2445 1620 emere

435 1673 495 1718 seu
528 1673 721 1736 comparare
756 1659 927 1735 presumat
958 1652 1022 1716 nisi
1046 1652 1208 1735 requisito
1233 1655 1346 1718 nostro
1369 1673 1533 1718 consensu
1557 1654 1709 1737 primitus
1734 1658 1766 1721 et
1789 1657 1936 1721 obtento.
1984 1657 2078 1721 Bona
2100 1678 2179 1722 vero
2203 1659 2238 1723 in
2263 1659 2446 1738 Quedelsem

437 1780 512 1824 cum
548 1758 617 1824 suis
652 1760 837 1825 attinentiis
868 1763 901 1824 et
924 1760 1014 1824 omni
1046 1759 1128 1824 iuris
1159 1760 1360 1841 integritate,
1395 1760 1479 1825 sicut
1511 1763 1631 1825 sunta
1655 1760 1797 1826 Cesarea
1829 1763 1934 1828 milite
1958 1764 2094 1846 suisque
2118 1764 2274 1832 iratribus
2299 1768 2343 1832 ad
2364 1787 2445 1832 usum

436 1869 638 1950 perpetuum
662 1887 815 1934 sororum
839 1865 1031 1931 huiusmodi
1054 1868 1257 1949 comparata,
1292 1885 1366 1930 cum
1389 1866 1441 1931 ius
1465 1866 1678 1949 proprietatis
1701 1869 1737 1932 in
1760 1867 1843 1950 ipsis
1867 1869 2093 1952 habuerimus,
2128 1870 2233 1937 libera
2256 1874 2374 1939 damus
2394 1875 2445 1956 ipsi
2517 1941 2518 1950 ,

434 1972 638 2038 monasterio
661 1977 799 2055 propter
823 1973 939 2036 Deum.
986 1973 1037 2036 Ne
1066 1973 1141 2055 quis
1169 1972 1270 2055 igitur
1297 1973 1332 2036 in
1359 1974 1531 2056 posterum
1565 1971 1652 2038 facto
1689 1977 1755 2038 tam
1784 1974 1840 2057 pio
1868 1975 2004 2058 tamque
2036 1975 2206 2043 favorabili
2234 1980 2445 2044 contradicere
2517 1951 2518 1998 Τ

434 2100 494 2145 seu
528 2079 692 2144 contraire
727 2080 910 2163 presumat,
945 2098 1084 2161 presens
1116 2079 1276 2162 scriptum
1303 2099 1404 2162 super
1426 2081 1490 2144 hoc
1514 2079 1699 2144 confectum
1724 2081 1858 2162 negotio
1882 2081 1997 2162 sigillis
2021 2083 2142 2147 nostris
2166 2085 2291 2150 scilicet
2316 2085 2446 2168 episcopi

436 2192 471 2252 et
497 2185 634 2251 ecclesie
662 2185 845 2251 Mindensis
876 2189 909 2249 et
931 2186 1070 2250 fratrum
1095 2187 1347 2250 Predicatorum
1375 2186 1486 2250 Minde
1510 2186 1710 2252 morantium
1734 2186 1871 2252 fecimus
1896 2189 2100 2254 communiri.
2148 2192 2271 2256 Datum
2295 2195 2331 2255 et
2353 2195 2446 2254 actum

437 2293 549 2358 Minde
573 2311 661 2357 anno
685 2293 818 2357 Domini
842 2292 1082 2373 M⁰CC⁰LXV⁰.,
1106 2293 1144 2356 X.
1168 2293 1337 2358 Kalendas
1361 2292 1449 2358 Julii.

649 2415 671 2485 ¹)
690 2415 884 2484 archidyconus
904 2417 950 2470 Or.
989 2416 1010 2482 ⁹)
1039 2414 1085 2468 l'or
1104 2421 1115 2468 t
1133 2416 1168 2467 im
1187 2415 1233 2468 Or.
1252 2433 1269 2468 n
1288 2416 1390 2486 petilyt.
1429 2414 1452 2486 ³)
1472 2415 1613 2468 dovotione
1631 2416 1666 2468 tm
1685 2415 1730 2468 Or.
1770 2416 1792 2486 ⁴)
1812 2422 1838 2469 et
1856 2419 1879 2469 si
1898 2417 1949 2486 nus
1965 2416 2063 2470 Bucar.

571 2520 625 2587 Or.
649 2525 694 2586 im
716 2522 834 2587 Archiv
857 2523 910 2588 des
934 2521 986 2588 Kl.
1013 2520 1156 2588 Locrum.
1207 2520 1310 2608 Sr'rpel
1331 2523 1385 2587 des
1410 2521 1557 2606 Beatos
1579 2523 1646 2586 und
1666 2521 1883 2608 Domlrapr'tels
1913 2547 1955 2586 aa
1977 2525 2167 2590 rotaeiderren
2188 2523 2299 2589 laum
2338 2525 2447 2589 berchd-

645 2629 719 2714 (ligr,
755 2629 814 2692 dna
849 2630 904 2693 der
941 2627 1209 2713 Prediperbrrlder
1241 2633 1298 2693 ure
1330 2628 1514 2714 Abbitdcnp
1555 2627 1660 2709 Westf.
1689 2627 1790 2715 Siepel
1823 2627 1900 2704 Hct't
1932 2627 1996 2711 III,
2035 2628 2107 2712 Taf.
2140 2629 2202 2694 120
2237 2629 2299 2696 Nr.
2334 2629 2381 2710 10,
2413 2653 2447 2693 aa

646 2747 731 2800 roten
746 2737 812 2799 arrd
825 2734 930 2821 pclbert
948 2735 1156 2818 Seideofddea
1180 2737 1247 2812 fast
1261 2758 1319 2799 zur
1334 2733 1444 2819 Hdljte
1459 2736 1533 2813 sort.
1580 2734 1675 2801 Gedr.
1700 2760 1725 2800 c.
1744 2733 1935 2820 Hodenbery,
1962 2735 2168 2822 Calenbcrper
2189 2735 2258 2804 UB.
2284 2737 2378 2803 Attt.
2394 2734 2445 2812 111,

651 2841 685 2906 S.
713 2840 777 2905 172
800 2839 860 2906 Nr.
885 2839 962 2906 255.
1010 2840 1143 2922 Quotam
1169 2841 1233 2906 80.
1257 2840 1476 2928 Petcralroperr.

1399 3092 1491 3170 825.

427 3225 507 3296 Das
534 3222 750 3312 Domlrnpitel
776 3244 839 3292 ron
870 3221 1019 3292 Mtndcrr
1050 3222 1241 3310 pcnehmipt
1272 3221 1359 3291 auctr
1392 3221 1587 3291 sciaersctts
1615 3222 1671 3292 dic
1707 3221 1962 3312 [lebera-tyriaca
1994 3222 2057 3292 der
2083 3223 2235 3293 Zetnterr
2262 3225 2303 3292 tn
2331 3221 2445 3301 Lotide,

858 3328 934 3399 Loh
962 3329 1032 3399 aad
1061 3326 1188 3399 Bicrdc
1215 3351 1261 3398 aa
1289 3327 1352 3398 Kl.
1382 3327 1511 3398 Lotide.
1570 3327 1719 3398 Mirrdcn
1747 3328 1842 3399 1265
1868 3329 1957 3398 Juar'
1984 3331 2059 3405 23,·

539 3464 765 3547 Ge1·hardus¹)
795 3465 855 3529 Dei
885 3465 990 3547 gratia
1018 3467 1163 3530 decanus
1193 3467 1226 3530 et
1249 3463 1386 3530 maioris
1410 3463 1547 3528 ecclesie
1570 3463 1752 3528 Mindensis
1775 3463 1956 3548 capitulum
1980 3464 2140 3546 religiosis
2163 3484 2201 3528 ac
2223 3485 2305 3529 vere
2329 3464 2446 3530 dilectis

428 3574 465 3638 in
488 3571 557 3636 filio
581 3572 641 3637 Dei
666 3570 845 3654 ..priorisse
870 3575 903 3636 et
926 3571 1097 3636 sororibus
1119 3571 1155 3635 in
1179 3571 1319 3635 Lodhen
1343 3569 1468 3634 ordinis
1492 3570 1630 3634 fratrum
1654 3571 1908 3635 Predicatorum
1930 3571 2072 3636 salutem
2096 3590 2135 3636 ac
2158 3571 2308 3637 sincerec
2331 3571 2446 3636 avilath

431 3681 597 3745 affectum.
646 3679 740 3744 Licet
770 3679 960 3762 ignorantes
988 3677 1031 3743 ad
1057 3680 1191 3760 tempus
1222 3677 1388 3741 modicum
1422 3675 1622 3760 plantationi
1645 3680 1755 3741 vestre
1779 3678 1909 3742 novelle
1932 3677 2042 3741 minus
2066 3677 2215 3742 faventes
2239 3678 2446 3755 extiterimus,

429 3790 542 3852 tamen
577 3786 657 3869 quia
691 3786 860 3850 mediante
895 3782 1153 3869 sollicitudinel)
1187 3783 1328 3848 fratrum
1355 3783 1580 3848 Mindensium
1609 3781 1806 3866 compositio
1834 3804 1894 3848 seu
1917 3783 2082 3850 ordinatio
2105 3785 2250 3867 quedam
2274 3783 2448 3849 amicabilis

430 3893 629 3975 intercessit,
653 3895 695 3959 ab
717 3894 780 3957 hoc
804 3895 956 3974 tempore
979 3910 1069 3955 nunc
1092 3890 1126 3954 in
1150 3892 1249 3954 antea
1267 3893 1415 3954 vestrum
1431 3891 1578 3954 salutare
1594 3890 1805 3973 propositum
1820 3890 1933 3955 favore
1950 3889 2109 3974 deinceps
2125 3891 2285 3974 prosequi
2304 3891 2448 3975 cupimus

428 4000 578 4083 speciali.
624 3999 771 4082 Ideoque
781 3997 810 4084 3)
833 3999 929 4063 vobis
954 3998 1116 4081 quasdam
1141 3996 1365 4062 amiciciarum
1387 3996 1556 4080 primicias
1578 3997 1817 4080 prelibavimus
1833 3997 2075 4080 proprietatem
2090 3998 2302 4080 quorundam
2321 3995 2450 4062 ecclesie

429 4111 541 4172 vestre
576 4107 776 4172 conferendo
811 4107 977 4171 bonorum
1013 4104 1112 4168 salvis
1143 4103 1261 4169 litteris
1284 4103 1390 4168 nostri
1412 4102 1582 4187 pontificis
1606 4123 1824 4186 quascunque
1848 4103 1940 4168 vobis
1965 4103 2130 4168 concessit
2151 4101 2332 4186 maxime⁴J
2357 4122 2451 4184 super

427 4212 566 4277 decimis
590 4211 625 4276 in
649 4212 824 4296 Byredhen
848 4217 882 4276 et
905 4211 940 4274 in
963 4214 1105 4294 utraque
1128 4209 1206 4275 villa
1230 4209 1381 4290 Lodhen,
1417 4209 1510 4274 cuius
1534 4210 1657 4276 factum
1682 4209 1802 4275 amodo
1830 4229 1898 4273 non
1920 4209 2201 4293 impugnabimus,
2236 4211 2298 4275 sed
2328 4213 2450 4294 gratum

430 4318 528 4384 nobis
561 4321 622 4400 est,
656 4321 694 4383 ut
717 4318 787 4384 eius
811 4319 920 4383 littere
944 4319 1045 4383 robur
1067 4318 1214 4382 habeant
1235 4318 1396 4400 perpetue
1419 4315 1595 4380 firmitatis
1643 4315 1808 4380 Personas
1832 4314 1944 4400 ergol)
1968 4319 2098 4382 nostras
2126 4319 2158 4381 et
2181 4316 2322 4383 ecclesie
2346 4319 2451 4382 nostre

427 4429 556 4492 statum
589 4425 708 4491 vestris
736 4425 1045 4490 recommendamus
1073 4423 1281 4489 orationibus
1313 4426 1468 4504 rogantes
1477 4422 1515 4506 6),
1551 4425 1718 4505 quatenus
1742 4426 1895 4487 nostrum
1918 4423 2129 4488 attendentes
2153 4423 2321 4504 affectum,
2358 4442 2452 4506 quem

431 4533 631 4617 aliquotiens
667 4533 761 4597 vobis
794 4531 1023 4596 demonstrare
1057 4529 1241 4613 poterimus
1275 4529 1310 4593 in
1341 4528 1472 4610 effectu,
1507 4527 1676 4593 orationes
1703 4547 1764 4611 pro
1787 4528 1884 4594 nobis
1913 4528 1956 4592 ad
1978 4528 2086 4594 Deum
2109 4530 2249 4594 tundere
2272 4526 2451 4614 dignemini

427 4639 604 4723 speciales.
650 4640 772 4710 Datum
795 4638 908 4704 Minde
931 4657 1020 4702 anno
1044 4635 1177 4702 Domini
1200 4634 1463 4716 M⁰.CC⁰.LXV⁰.,
1487 4633 1543 4700 lX.
1567 4634 1735 4700 Kalendas
1758 4635 1845 4700 Julii.

646 4762 667 4833 ¹)
691 4762 862 4815 Gherhardus
887 4760 919 4817 Α.
976 4759 999 4830 ²)
1023 4759 1180 4812 sollicudina
1204 4757 1236 4810 B.
1293 4757 1316 4828 ³)
1338 4759 1444 4826 iamque
1470 4757 1501 4814 B.
1558 4756 1580 4829 ⁴)
1606 4758 1873 4812 maxime-Lodhen
1893 4759 1969 4828 sctit
1991 4759 2022 4812 B.
2077 4758 2101 4830 ὅ)
2121 4760 2203 4830 igitur
2221 4759 2254 4812 B.
2312 4761 2337 4830 ⁸)
2357 4766 2451 4814 attente

749 4856 871 4921 rogantes
891 4851 923 4903 B.

563 4957 617 5023 Or.
649 4960 684 5022 ia
712 4961 788 5024 zwer'
815 4957 1084 5043 Auafertipurrqea
1116 4956 1161 5038 (A
1186 4979 1216 5021 u.
1240 4954 1282 5038 B)
1313 4958 1358 5018 tm
1384 4954 1503 5017 Archiv
1533 4955 1586 5018 des
1618 4952 1665 5021 Kl.
1692 4952 1836 5018 Loccum.
1890 4951 1954 5019 Von
1978 4955 2008 5017 A
2036 4957 2079 5018 iat
2105 4955 2165 5018 das
2189 4952 2294 5040 Sreyet
2321 4977 2381 5019 oon
2402 4953 2452 5016 der·

641 5068 767 5130 musaea
790 5063 993 5150 §ptochicam
1009 5061 1214 5146 Hanfachuur
1235 5062 1382 5143 verterer,
1407 5083 1448 5124 aa
1471 5058 1502 5122 B
1525 5060 1584 5123 das
1607 5059 1699 5125 halba
1717 5059 1820 5146 Siepel
1842 5060 1895 5125 dea
1918 5060 2059 5148 Kapitels
2082 5084 2124 5125 arr
2139 5073 2224 5126 roten
2242 5059 2452 5146 Scidenfddeu

641 5172 719 5236 rroclr
742 5171 890 5235 ribatter.
936 5168 1031 5235 θεᾶν.
1055 5193 1082 5235 v.
1107 5166 1297 5253 Hortenbery,
1324 5165 1529 5252 Caleaberper·
1557 5165 1625 5232 ΠΒ.
1648 5166 1745 5231 Abel.
1769 5165 1832 5251 ΙΙΙ,
1858 5165 1893 5232 S.
1921 5166 1983 5231 173
2005 5165 2067 5231 Nr.
2089 5165 2166 5233 256.
