5506 6826
1136 452 1204 506 raes
2141 430 2205 498 u51

1143 650 1223 728 826

194 786 253 859 Die
278 783 428 870 Herque
452 779 570 851 Arum
597 779 669 852 und
695 779 834 851 roman
860 802 925 851 uon
943 779 1213 868 Braumchweiy
1239 778 1403 851 acheahen
1430 779 1506 849 dem
1532 800 1576 849 aa
1607 776 1843 848 errichtendea
1867 777 1925 853 Kl.
1945 775 2067 848 Lahde
2096 776 2207 849 Giter

193 894 223 964 iu
239 887 363 978 mode,
392 887 467 960 boh
493 887 567 960 und
594 885 732 975 Bierde,
761 885 817 958 dic
843 887 947 958 thuere
956 886 1057 1064 {1235
1065 886 1268 1084 λῗῗέἰυοὲιαθ
1267 884 1452 1084 ἵῖἀὲοῶιά
1481 907 1554 956 vom
1580 884 1694 974 Berge
1719 883 1901 974 resipuere
1927 883 1996 955 hut.
2044 881 2200 972 Hortata

284 1131 320 1196 ln
347 1130 483 1194 nomine
513 1131 626 1194 sancte
655 1132 689 1194 et
715 1129 886 1195 individue
915 1129 1086 1197 trinitatis,
1134 1129 1194 1195 Dei
1221 1129 1327 1212 gratia
1349 1129 1509 1193 Albertus
1532 1129 1567 1192 et
1590 1127 1761 1192 lohannes
1791 1128 1893 1192 duces
1923 1127 1964 1190 de
1987 1126 2209 1193 Bruneswich

194 1238 332 1305 omnibus
356 1235 479 1302 Christi
502 1234 659 1303 fidelibus
682 1236 717 1301 in
740 1256 818 1302 vero
842 1236 980 1302 salutari
1003 1236 1153 1302 salutern.
1202 1236 1368 1314 Quoniam
1391 1236 1519 1300 iustum
1542 1235 1592 1298 est
1608 1252 1724 1299 rerum
1740 1233 1827 1298 bene
1843 1233 2011 1317 gestarum
2029 1235 2209 1299 memorias

193 1345 271 1411 nulla
294 1343 461 1409 oblivione
484 1343 598 1421 deleri,
622 1363 738 1409 earum
760 1343 912 1422 maxime,
937 1363 1002 1426 que
1026 1343 1069 1407 ad
1092 1343 1253 1409 honorem
1276 1341 1517 1425 omnipotentis
1535 1341 1595 1406 Dei
1611 1339 1754 1422 provida
1770 1339 2010 1406 deliberatione
2028 1339 2211 1405 salubriter

193 1452 412 1534 disponuntur,
446 1469 508 1516 nos
537 1450 659 1515 devota
692 1449 933 1533 supplicatione
967 1449 1088 1514 nobilis
1118 1448 1180 1513 viri
1204 1449 1394 1514 Widelrindi
1426 1448 1579 1512 advocati
1606 1447 1647 1511 de
1674 1446 1786 1512 Monte
1809 1445 2034 1512 favorabiliter
2057 1447 2209 1512 inclinati

192 1577 244 1641 pro
271 1557 377 1621 salute
408 1559 524 1621 nostra
557 1556 873 1640 progenitorumque
907 1560 1097 1623 nostrorum
1122 1555 1294 1622 ecclesiam
1316 1555 1352 1618 in
1376 1554 1517 1620 Lodhen
1540 1552 1724 1619 Mindensis
1748 1553 1897 1636 dyocesis
1922 1553 2063 1618 et‘duas
2088 1553 2211 1619 domus

192 1663 220 1728 in
241 1663 352 1728 eadem
376 1661 455 1728 villa
489 1665 522 1727 et
550 1682 652 1727 unam
679 1663 816 1727 domurn
850 1664 883 1728 in
906 1663 1010 1727 altera
1033 1663 1113 1729 villa
1137 1661 1312 1744 adiacenti,
1348 1682 1414 1745 que
1438 1661 1539 1726 etiam
1563 1661 1680 1725 Lodhe
1706 1663 1928 1744 nuncupatur,
1961 1660 2099 1743 insuper
2122 1658 2210 1724 duas

192 1771 294 1834 domus
316 1768 351 1833 in
367 1767 501 1850 Birede‚
525 1788 610 1852 quas
633 1769 885 1851 prenominatus
909 1769 1089 1834 advocatus
1112 1771 1274 1834 hactenus
1299 1769 1340 1833 de
1366 1788 1466 1833 manu
1491 1768 1603 1834 nostra
1627 1767 1699 1832 iure
1723 1768 1833 1832 tenuit
1856 1766 1990 1848 feodali,
2015 1766 2208 1832 cumomni

193 1876 263 1940 iuris
284 1875 474 1958 integritate
496 1875 650 1941 videlicet
673 1876 775 1956 silviS,
800 1875 896 1959 agris,
922 1877 1000 1941 rivis
1025 1879 1057 1940 et
1080 1877 1224 1960 pascuis
1255 1878 1296 1941 ad
1320 1878 1466 1941 nostram
1490 1874 1730 1959 proprietatem
1754 1877 1955 1957 spectantes
1979 1875 2022 1939 ad
2045 1875 2207 1938 honorem

192 1980 418 2064 omnipotentis
447 1983 507 2047 Dei
540 1985 572 2046 et
595 1982 737 2065 gloriose
760 1982 896 2066 virginis
920 1982 1022 2047 hlarie
1051 1983 1179 2048 ancillis
1203 1983 1328 2048 Christi
1361 1983 1403 2047 de
1433 1983 1547 2065 regula
1578 1981 1669 2047 beati
1693 1980 1873 2064 Augustini
1906 1978 2047 2045 fratrum
2081 1979 2210 2044 ordinis

191 2087 429 2153 Predicatorum
453 2088 609 2155 instituta
632 2090 854 2170 servantibus,
878 2109 961 2172 quas
985 2089 1174 2172 sepedictus
1199 2091 1378 2154 advocatus
1404 2091 1444 2154 de
1469 2091 1584 2153 nostra
1607 2087 1820 2152 conniventia
1841 2087 1877 2151 in
1893 2087 2069 2169 parrochia
2089 2106 2208 2170 supra-

191 2194 266 2259 dicta
294 2215 360 2276 que
392 2194 507 2261 Lodhe
543 2195 662 2260 dicitur
695 2196 822 2279 prefate
858 2197 1008 2280 dyocesis
1031 2197 1207 2262 instituere
1231 2198 1391 2279 proponit
1414 2197 1476 2261 sub
1501 2195 1712 2277 regularibus
1738 2194 1922 2277 disciplinis
1946 2193 1981 2258 in
2004 2198 2208 2278 perpetuum

190 2299 316 2365 Domino
352 2301 545 2383 servituras,
581 2302 682 2384 pleno
712 2303 821 2367 cordis
850 2303 970 2368 affectu
1000 2323 1038 2366 ac
1066 2304 1188 2367 mentis
1224 2302 1392 2367 alacritate
1429 2302 1602 2383 donamus,
1639 2302 1798 2385 quatinus
1833 2301 1981 2384 ipsarum
2016 2301 2207 2366 cottidianis

189 2407 329 2490 precibus
354 2409 455 2472 nobis
479 2409 587 2473 adhuc
610 2408 697 2472 inter
721 2409 838 2473 mundi
861 2409 1052 2473 discrimina
1075 2409 1315 2474 fluctuantibus
1346 2414 1482 2492 portum
1506 2408 1625 2474 salutis
1651 2409 1804 2490 dignetur
1828 2407 1939 2472 divina
1963 2409 2071 2490 pietas
2096 2408 2209 2473 indul-

192 2533 267 2594 gere.
315 2515 360 2579 Ut
393 2517 505 2579 autem
538 2517 652 2580 nostra
683 2515 817 2580 donatio
852 2515 1047 2580 inconvulsa
1082 2518 1286 2598 permaneat,
1322 2515 1429 2598 sigilla
1458 2518 1572 2580 nostra
1603 2513 1816 2598 presentibus
1851 2515 1894 2579 ad
1917 2514 2019 2580 robur
2043 2519 2209 2598 perpetue

188 2618 342 2685 firmitatis
368 2621 523 2686 duximus
548 2623 757 2706 apponenda.
804 2624 926 2688 Datum
949 2625 985 2687 in
1009 2621 1208 2705 Hetvelde¹)
1231 2642 1319 2686 anno
1344 2621 1583 2687 incarnationis
1609 2621 1740 2686 Domini
1764 2620 2017 2685 M⁰.CC⁰.LXV⁰.

395 2743 416 2814 ¹)
436 2744 464 2797 irr
485 2745 610 2798 llotvelds
629 2746 677 2799 mit
692 2745 835 2798 durllerer
857 2746 933 2798 Time
953 2750 1045 2817 spdtcr
1064 2747 1245 2816 cinyetroyen.

311 2848 366 2916 Or.
403 2853 447 2914 im
481 2851 599 2916 Archiv
634 2855 687 2917 dea
722 2852 773 2916 ΚΖ.
805 2851 948 2918 Locrum.
1007 2851 1078 2916 Dua
1115 2851 1218 2937 Saepe!
1250 2851 1375 2916 Alberta
1409 2855 1442 2914 in
1476 2853 1613 2915 wcismm
1658 2849 1769 2916 Wacha
1803 2875 1845 2916 an
1878 2865 1965 2917 roten
1996 2851 2209 2922 Seidmfaden

393 2959 473 3022 ldart
494 2959 571 3023 noch
594 2960 652 3023 den
667 2957 780 3023 Leaen
803 2958 961 3036 erkennen,
986 2958 1045 3021 das
1061 2957 1165 3043 Siepel
1185 2957 1329 3023 dohanas
1350 2962 1408 3022 mit
1422 2959 1478 3022 der
1495 2958 1700 3044 Befeatiqunp
1723 2960 1869 3024 veriorem
1918 2958 2015 3025 θεάν.
2039 2982 2066 3026 o.
2084 2957 2209 3024 Hodm-

391 3063 473 3150 bery,
499 3064 705 3150 Culenberyer
731 3064 802 3130 ΠΒ,
827 3065 924 3131 Alth.
949 3062 1012 3142 III,
1035 3063 1069 3130 S.
1095 3064 1157 3130 174
1183 3063 1240 3127 Nr.
1264 3063 1340 3131 257.
1388 3063 1522 3146 Hittfeld
1543 3069 1587 3129 im
1610 3065 1668 3130 Kr.
1695 3064 1853 3151 Harbury.

1148 3265 1236 3342 827.

188 3387 341 3480 Edelroyt
377 3388 561 3463 Widekr'nd
587 3412 663 3460 oona
690 3391 804 3480 Berye
831 3392 939 3480 stistet
965 3391 1038 3462 aad
1066 3393 1188 3462 dotiert
1212 3392 1277 3461 dua
1302 3389 1437 3462 Khsrer
1455 3391 1585 3462 Labda
1632 3391 1856 3484 Schulhsherp
1875 3392 1975 3466 1265
1994 3396 2129 3486 August
2147 3399 2208 3468 28.

282 3526 320 3590 ln
345 3525 483 3591 nomine
507 3528 621 3590 sancte
645 3531 678 3591 et
701 3527 871 3592 individue
895 3528 1051 3593 trinitatis
1076 3548 1182 3593 amen.
1233 3528 1405 3593 Universis
1429 3527 1552 3592 Christi
1575 3527 1733 3594 fidelibus
1762 3549 1901 3612 presens
1925 3530 2089 3613 scriptum
2118 3533 2209 3598 intu-

188 3631 307 3696 entibus
332 3631 457 3698 nobilis
480 3632 530 3697 vir
552 3632 771 3699 Widekindus
795 3636 975 3701 advocatus
999 3635 1040 3699 de
1063 3635 1177 3700 Monte
1212 3634 1269 3718 qui
1293 3634 1413 3699 dicitur
1436 3635 1639 3718 Scallreberg
1662 3636 1804 3701 salutem
1827 3636 1861 3700 in
1885 3638 2032 3703 omniurn
2058 3639 2208 3704 salutari.

188 3735 341 3812 Quoniam
372 3738 499 3802 iustum
535 3743 586 3804 est
615 3759 726 3805 rerum
753 3741 839 3806 bene
862 3745 1028 3824 gestarum
1053 3742 1247 3806 memoriam
1271 3742 1363 3806 nulla
1385 3741 1554 3806 oblivione
1583 3742 1698 3824 deleri,
1733 3763 1849 3808 earum
1883 3744 2035 3826 maxime,
2071 3766 2137 3829 que
2164 3745 2209 3810 ad

187 3841 336 3909 honorem
359 3845 601 3928 omnipotentis
626 3847 685 3912 bei
708 3849 848 3931 provida
872 3848 1110 3914 deliberatione
1134 3848 1312 3915 salubriter
1335 3848 1571 3930 disponuntur,
1596 3868 1657 3914 nos
1682 3849 1892 3914 attendentes
1915 3851 1994 3916 felix
2018 3871 2092 3916 esse
2115 3871 2209 3917 com-

187 3951 336 4015 mercium
368 3969 431 4034 pro
459 3952 618 4034 perituris
647 3956 772 4034 eterna,
808 3973 868 4038 pro
892 3955 1031 4020 terrenis
1055 3955 1190 4020 celestia
1213 3958 1427 4036 commutare,
1463 3974 1539 4018 oum
1563 3954 1664 4020 nichil
1688 3955 1816 4020 homini
1839 3958 1954 4039 prosit,
1990 3956 2019 4022 si
2043 3960 2208 4024 mundum

187 4055 370 4122 universum
405 4057 562 4140 lucretur,
597 4060 707 4124 anime
737 4080 816 4124 vero
847 4081 906 4126 sue
930 4061 1168 4126 detrimentum
1190 4062 1350 4145 paciatur,
1387 4081 1452 4144 que
1474 4081 1536 4145 pro
1560 4067 1674 4127 nostra
1697 4065 1877 4146 nostreque
1901 4064 2050 4147 coniugis
2075 4065 2208 4148 Rylrece

186 4180 218 4225 ac
239 4164 488 4248 progenitorum
516 4169 708 4231 nostrorum
740 4167 847 4232 salute
879 4167 1017 4233 fecimus
1048 4171 1106 4233 aut
1129 4169 1326 4233 donavimus
1350 4168 1480 4233 cunctis
1511 4169 1581 4233 tam
1609 4169 1824 4252 presentibus
1855 4189 1956 4253 quam
1984 4171 2103 4236 futuris
2132 4193 2208 4238 esse

186 4269 327 4350 cupimus
351 4271 546 4337 hominibus
569 4272 755 4354 manifesta,
778 4274 932 4338 videlicet
954 4275 1044 4357 quod
1067 4275 1182 4339 habita
1197 4275 1397 4340 venerabilis
1414 4275 1517 4358 patris
1535 4275 1682 4340 Cononis
1702 4275 1852 4359 episcopi
1868 4277 2051 4343 Mindensis
2068 4278 2206 4345 licencia

186 4373 360 4443 claustrum
385 4377 421 4442 in
445 4377 584 4442 Lodhen
607 4379 790 4444 Mindensis
823 4381 973 4464 dyocesis
997 4380 1210 4446 fundavimus
1234 4382 1437 4461 ordinantes,
1473 4383 1511 4446 ut
1533 4381 1569 4446 in
1592 4403 1633 4448 eo
1659 4381 1842 4465 ..priorissa
1864 4385 1898 4448 et
1920 4403 2054 4448 sorores
2077 4386 2205 4451 ordinis

185 4480 313 4548 fratrum
337 4483 591 4551 predicatorum
614 4487 677 4550 sub
701 4487 790 4552 beati
807 4486 985 4569 Augustini
1009 4489 1123 4570 regula
1139 4487 1292 4569 Domin0,
1316 4507 1336 4552 a
1359 4509 1427 4572 quo
1451 4489 1540 4554 bona
1563 4499 1686 4554 cuncta
1709 4489 1929 4572 percepimus
1953 4491 2205 4576 inperpetuum

186 4583 390 4655 famulentur.
436 4590 632 4657 Dotavimus
656 4593 755 4659 etiarn
779 4593 890 4677 ipsum
913 4592 1104 4675 claustrum,
1129 4614 1204 4659 curn
1230 4595 1340 4660 adhuc
1363 4596 1451 4660 esset
1475 4594 1604 4661 novella
1628 4595 1804 4678 plantatio,
1827 4597 1887 4661 tali
1903 4597 1998 4662 dote:
2023 4599 2075 4662 ius
2091 4601 2205 4682 patro-

185 4696 272 4760 natus
296 4698 438 4763 ecclesie
462 4697 496 4762 in
522 4698 660 4766 Lodhen
684 4703 717 4766 et
741 4700 824 4766 duas
848 4721 984 4784 magnas
1009 4702 1125 4766 domos
1149 4702 1184 4766 in
1208 4703 1326 4766 eadem
1349 4702 1427 4767 villa
1451 4723 1524 4766 curn
1550 4701 1623 4767 aliis
1648 4701 1859 4767 domunculis
1880 4704 1916 4768 et
1936 4705 2093 4770 omnibus
2118 4705 2204 4790 agris

185 4801 296 4868 adeas
319 4803 568 4888 pertinentibus
591 4810 623 4873 et
648 4808 809 4873 decimam
832 4809 937 4892 ipsius
960 4808 1037 4873 ville
1065 4811 1098 4873 et
1122 4808 1260 4873 fluvium
1284 4828 1435 4891 parvum,
1473 4809 1530 4891 qui
1553 4809 1588 4873 in
1611 4809 1716 4874 latere
1739 4809 1816 4874 ville
1839 4809 1924 4891 iluit,
1958 4811 2037 4877 item
2069 4813 2206 4878 domum

185 4908 398 4976 etdecimarn
421 4911 456 4976 in
479 4912 655 4996 abaritia,
687 4935 753 4997 que
777 4915 915 4980 Lodhen
939 4915 1090 4980 similiter
1112 4918 1334 4998 nuncupatur,
1366 4915 1444 4980 item
1473 4914 1508 4979 in
1530 4915 1686 4995 Byredhe
1720 4921 1789 4982 tres
1819 4936 1956 4999 magnas
1988 4919 2104 4983 domos
2127 4939 2205 4984 curn

185 5013 248 5078 aliis
277 5017 491 5083 domunculis
526 5024 560 5085 et
588 5020 674 5103 agris
704 5021 747 5085 ad
771 5041 827 5086 eas
851 5021 1105 5105 pertinentibus,
1141 5025 1176 5086 et
1199 5022 1361 5087 decimam
1384 5024 1425 5087 de
1449 5023 1567 5088 eadem
1590 5023 1672 5088 villa
1695 5042 1769 5088 cum
1795 5023 1885 5087 omni
1909 5023 1991 5089 iuris
2014 5025 2206 5109 integritate

183 5117 327 5188 videlicet
352 5123 457 5203 silvis,
480 5125 594 5209 pratis,
618 5126 698 5192 rivis
722 5129 756 5192 et
779 5128 913 5211 pascuis
936 5127 1083 5194 claustro
1107 5127 1298 5193 huiusmodi
1322 5127 1427 5193 libera
1450 5128 1494 5192 ab
1517 5129 1609 5192 omni
1633 5129 1806 5194 advocatia
1827 5149 1889 5212 pro
1906 5130 1986 5194 dote
2003 5131 2204 5196 contulimus

182 5228 211 5288 et
231 5228 476 5312 assignavimus
499 5231 534 5295 in
557 5233 757 5315 perpetuum
780 5233 993 5317 possidenda.
1040 5234 1219 5315 Plredyicte
1242 5254 1321 5301 vero
1345 5235 1472 5300 decime
1497 5255 1632 5319 unaque
1653 5236 1772 5302 domus
1787 5235 1822 5300 in
1837 5236 1989 5319 Byredhe
2005 5239 2047 5303 de
2063 5257 2203 5303 assensu

182 5329 299 5399 domini
321 5336 508 5402 Mindensis
530 5338 680 5422 episcopi
704 5343 783 5404 sunt
805 5341 969 5421 habende,
994 5344 1103 5406 cetera
1126 5345 1237 5407 autem
1261 5362 1327 5425 que
1348 5343 1546 5408 donavimus
1562 5343 1604 5410 de
1622 5363 1723 5408 manu
1740 5342 1880 5408 illustris
1896 5343 2056 5428 principis
2072 5343 2204 5409 Alberti

183 5436 268 5504 ducis
294 5442 337 5507 de
361 5441 579 5510 Bruneswich
602 5445 674 5511 iure
697 5449 913 5512 tenueramus
935 5446 1075 5528 feodali3
1098 5447 1158 5512 sed
1181 5448 1278 5513 nobis
1302 5467 1343 5514 ea
1366 5448 1622 5531 resignantibuS,
1647 5469 1713 5532 que
1730 5448 1814 5514 nulli
1830 5449 1992 5514 heredum
2008 5452 2205 5517 nostrorum

1256 5551 1259 5556 '
1917 5555 1985 5619 32*
