5168 6798
426 460 493 525 132
1419 470 1486 524 1246

427 672 512 736 Item
535 671 564 734 si
588 669 766 751 quisquam
796 671 947 733 nostrum
982 666 1103 731 alicubi
1138 665 1342 749 despoliatus
1366 666 1474 746 fuerit,
1505 685 1625 749 passus
1649 666 1802 732 iniuriam
1826 666 1878 731 vel
1901 667 1997 733 amici
2021 669 2073 732 sui
2096 669 2139 732 ad
2162 669 2327 734 civitatem
2352 689 2449 735 suam

424 776 582 842 redibunt
606 778 639 840 et
662 773 876 857 proclamatis
900 773 1001 838 armis
1024 773 1235 838 iniuriatores
1258 791 1336 836 suos
1353 771 1495 854 legitime
1512 773 1720 854 proscribent
1736 777 1769 838 et
1784 776 1905 840 extunc
1919 774 1995 840 talis
2011 775 2263 858 proscriptionis
2279 778 2449 843 sententia

426 880 562 965 scriptis
585 881 703 946 litteris
727 882 760 945 et
783 879 933 962 sigillatis
956 898 995 944 ac
1018 877 1183 962 expressis
1207 877 1357 961 ipsorum
1380 878 1643 961 proscriptorum
1665 879 1857 944 nominibus
1881 880 2018 963 singulis
2041 880 2229 948 civitatibus
2253 901 2292 947 ac
2312 883 2448 948 muniti-

424 987 545 1053 onibus
581 986 771 1052 adiutorum
801 988 992 1051 nostrorum
1014 984 1259 1050 transmittetur
1281 982 1418 1050 tirmiter
1440 984 1657 1066 observanda,
1692 986 1738 1050 ita
1761 985 1924 1068 videlicet,
1959 989 1995 1050 ut
2019 987 2046 1050 si
2070 987 2249 1071 quisquam
2273 991 2448 1054 auctorum

420 1095 615 1177 perpetrate
639 1092 758 1158 iniurie
782 1092 817 1157 in
841 1091 952 1174 aliquo
974 1091 1140 1156 territorio
1163 1093 1353 1156 nostrarum
1376 1090 1546 1156 civitatum
1569 1093 1626 1155 aut
1642 1091 1864 1159 munitionum
1888 1093 2102 1176 postmodum
2125 1093 2313 1176 deprensus
2337 1094 2447 1174 luerit,

420 1200 548 1266 ibidem
580 1198 705 1264 virtute
741 1197 855 1264 iudicii
879 1199 1070 1281 occupetur,
1098 1216 1276 1279 quousque
1299 1195 1418 1262 actoris
1441 1195 1533 1280 passi
1554 1196 1708 1262 iniuriam
1732 1199 1941 1280 querimonia
1965 1199 2109 1281 legitime
2133 1199 2316 1266 decidatur.
2361 1201 2447 1267 Item

421 1306 452 1372 si
476 1305 653 1390 quisquam
675 1305 914 1388 prepotentum
937 1302 1054 1369 lirrium
1078 1306 1279 1381 nostrorum,
1303 1301 1338 1365 in
1361 1321 1462 1384 quem
1484 1303 1550 1368 tale
1566 1303 1618 1368 ius
1634 1305 1755 1386 exequi
1771 1323 1839 1372 non
1855 1306 2049 1387 poterimus,
2074 1325 2278 1388 quemquam
2293 1310 2446 1372 nostrum

368 1459 373 1469 .
426 1412 674 1495 despoliaverit,
698 1411 763 1476 hoc
785 1410 883 1477 nobis
907 1408 1092 1492 significato
1116 1427 1252 1491 prorsus
1276 1408 1513 1490 denegabimus
1536 1409 1645 1474 eidem
1667 1412 1735 1476 tam
1751 1409 1945 1484 victualium
1960 1431 2062 1493 quam
2077 1415 2111 1478 et
2127 1412 2268 1481 aliarum
2284 1432 2395 1478 remm
2412 1413 2447 1477 in

424 1519 580 1584 omnibus
604 1517 795 1583 civitatibus
818 1520 851 1582 et
875 1514 1115 1580 munitionibus
1138 1513 1262 1579 nostris
1286 1515 1505 1580 contrahendi
1529 1515 1637 1581 mutui
1660 1515 1860 1582 facultatem.
1908 1517 1992 1582 Item
2015 1517 2043 1581 si
2066 1517 2233 1600 quispiam
2256 1518 2351 1586 miles
2367 1517 2447 1584 fidei

346 1657 351 1672 ·
423 1626 457 1689 et
479 1623 614 1688 honoris
638 1623 779 1688 violator
801 1621 900 1688 nobis
923 1620 1167 1686 rationabiliter
1190 1621 1224 1684 et
1248 1618 1393 1703 legitime
1417 1620 1634 1686 denuntiatus
1657 1621 1767 1699 brerit,
1789 1622 1890 1688 talem
1915 1623 1948 1687 et
1970 1620 2050 1686 fidei
2072 1626 2106 1688 et
2126 1624 2264 1693 honoris
2288 1625 2446 1708 deinceps

421 1731 597 1796 censentes
632 1727 827 1794 violatorem
862 1729 925 1792 sub
960 1727 1100 1792 obtentu
1134 1725 1269 1791 lionoris
1305 1727 1339 1789 et
1365 1746 1478 1790 rerum
1501 1728 1692 1791 nostrarum
1715 1726 1817 1792 totius
1840 1728 1948 1794 mutui
1971 1731 2182 1796 commodum
2207 1720 2446 1813 denegabimus

421 1835 542 1900 eidem.
588 1835 671 1899 Item
701 1834 730 1898 si
760 1833 848 1902 inter
877 1833 1008 1915 aliquos
1044 1833 1085 1897 de
1113 1831 1235 1896 nostris
1265 1831 1516 1915 tranquillitatis
1538 1831 1671 1897 inimica
1694 1833 1806 1916 aliqua
1829 1834 1966 1900 suborta
1988 1835 2089 1900 luerit
2113 1835 2289 1916 discordia,
2324 1854 2446 1917 passus

420 1940 640 2024 opprobrium
676 1940 719 2005 ad
741 1959 800 2004 sex
823 1939 1026 2021 septimanas
1049 1957 1145 2004 snam
1172 1940 1394 2021 prosequetur
1418 1938 1584 2018 iniuriam,
1620 1940 1657 2003 ut
1679 1939 1789 2004 medio
1812 1942 1962 2023 tempore
1986 1941 2153 2024 utrimque
2176 1961 2342 2024 supereo
2365 1961 2448 2008 con-

419 2047 595 2112 venientes
629 2045 664 2109 in
697 2046 770 2111 iure
807 2044 856 2110 vel
891 2045 926 2109 in
958 2045 1063 2127 gratia
1095 2044 1199 2110 totins
1231 2044 1379 2109 rancoris
1412 2043 1607 2126 scrupulum
1637 2047 1857 2126 amputemus.
1907 2045 2016 2111 Huius
2042 2047 2156 2130 itaque
2179 2047 2342 2130 prelibata
2365 2068 2447 2112 con-

422 2153 639 2220 federationis
662 2172 701 2217 ac
724 2151 858 2216 unionis
882 2150 1032 2232 formam,
1058 2171 1158 2233 quam
1182 2152 1299 2230 ratam,
1323 2148 1454 2216 firmam
1478 2153 1511 2214 et
1534 2151 1809 2216 irretractabilem
1832 2150 1903 2216 fore
1926 2153 2142 2234 decrevimus,
2166 2153 2229 2216 sub
2252 2154 2391 2219 honoris
2407 2174 2446 2218 ac
2581 2163 2582 2166 ’

422 2261 588 2325 bonorum
624 2263 813 2360 nostrorum
850 2258 989 2324 obtentu
1023 2256 1059 2322 in
1088 2259 1286 2339 perpetuum
1323 2257 1593 2322 conservabimus
1628 2257 1831 2336 inviolatam,
1865 2259 1913 2323 ita
1940 2258 2105 2340 videlicet,
2140 2263 2177 2324 ut
2205 2260 2235 2323 si
2266 2261 2444 2344 quisquam

422 2368 573 2430 nostrum
602 2365 816 2448 postmodnm
839 2367 996 2429 extranea
1019 2382 1202 2445 oppressus
1226 2361 1327 2428 fuerit
1349 2361 1479 2442 iniuria,
1514 2382 1630 2428 omnes
1654 2363 1857 2429 confederati
1881 2383 1980 2446 passo
2004 2364 2158 2430 iniuriam
2182 2366 2384 2432 unanimiter
2407 2387 2446 2431 ac
2581 2399 2582 2452 3

422 2471 566 2537 fideliter
590 2472 793 2538 assistamus.
841 2471 885 2536 Ut
909 2472 1020 2534 autem
1043 2470 1130 2534 facte
1155 2488 1194 2533 ac
1218 2469 1303 2534 dicte
1326 2467 1425 2533 huius
1449 2469 1727 2533 confederationis
1763 2473 1877 2535 nostre
1904 2473 1977 2534 rata
2003 2474 2198 2552 permaneat
2220 2473 2387 2538 ordinatio
2411 2475 2445 2536 et
2581 2467 2582 2490 ¹

421 2577 627 2659 inconvulsa,
659 2580 849 2661 presentem
883 2577 1040 2659 paginam
1073 2575 1109 2639 in
1133 2575 1180 2640 rei
1203 2575 1352 2642 veritatis
1374 2575 1602 2640 testimonium
1632 2575 1753 2640 nostris
1785 2596 1823 2640 ac
1846 2575 2016 2641 civitatum
2040 2578 2229 2644 adiutorum
2252 2583 2445 2646 nostrorum

423 2684 538 2768 sigillis
562 2684 691 2767 pariter
713 2684 853 2749 lecimus
877 2682 1084 2750 communiri.
1131 2682 1216 2746 Acta
1239 2684 1319 2746 sunt
1340 2682 1402 2746 hec
1425 2701 1514 2746 anno
1539 2681 1671 2746 Domini
1686 2681 1951 2763 lll⁰.CC⁰.XLVl⁰,
1975 2682 2043 2746 XI⁰.
2060 2682 2229 2749 Kalendas
2244 2683 2337 2749 lunii
2352 2684 2446 2750 iuxta

422 2791 589 2874 Laoberge
622 2789 836 2874 presentibus
871 2789 1136 2872 quampluribus.
1185 2789 1268 2853 Item
1304 2808 1378 2851 cum
1414 2786 1470 2851 alii
1498 2788 1541 2852 ad
1571 2788 1654 2852 alios
1683 2791 1741 2852 aut
1770 2787 1806 2852 in
1829 2789 1987 2854 nundinis
2018 2790 2132 2854 autin
2157 2790 2344 2857 civitatibus
2375 2791 2444 2856 sive

422 2898 505 2963 alias
528 2898 730 2980 ubicumque
754 2895 1018 2976 convenerimuS,
1043 2895 1071 2958 si
1087 2894 1235 2959 hostium
1259 2896 1293 2958 et
1315 2893 1512 2958 insidiarum
1536 2895 1644 2969 metus
1661 2894 1758 2959 nobis
1775 2895 1816 2959 de
1833 2913 1899 2958 una
1915 2896 2046 2960 civitate
2062 2897 2231 2962 evidenter
2248 2896 2444 2978 ingruerint,

423 3023 444 3067 a
466 3004 589 3068 nostris
620 3004 840 3070 confederatis
864 3003 898 3066 in
922 3003 1086 3068 locatam
1109 3001 1261 3084 personis
1286 3021 1388 3085 quam
1411 3003 1511 3068 rebus
1534 3003 1657 3068 nostris
1681 3005 1756 3068 tuta
1780 3002 2013 3084 conducemur,
2044 3005 2077 3068 et
2099 3003 2188 3068 istud
2212 3003 2254 3067 de
2278 3003 2445 3067 communi

421 3119 589 3174 consensu
613 3110 902 3174 confederatorum
926 3110 969 3174 ad
990 3109 1178 3193 prescripta
1200 3109 1341 3174 fecimus
1365 3109 1499 3191 apponi.

559 3213 612 3279 Or.
636 3218 679 3279 im
701 3214 773 3300 Kpl.
797 3212 902 3281 Sc-A.
926 3237 966 3278 zo
988 3215 1139 3293 distractor,
1162 3213 1300 3300 Deposit.
1318 3215 1374 3278 de'r
1390 3213 1486 3278 stada
1501 3215 1628 3278 Miadcn
1651 3213 1712 3281 Nr.
1729 3214 1762 3278 3.
1809 3215 1864 3279 An
1884 3220 2068 3299 prtia-roten
2093 3213 2301 3297 Seideasddan
2322 3215 2446 3300 tdnyen

634 3322 683 3386 aa
705 3318 920 3406 tractataque
945 3319 1048 3405 Siepel
1078 3321 1134 3385 der
1163 3318 1270 3385 Stddte
1300 3321 1450 3399 1111001ον,
1475 3320 1670 3398 Omobriiclc,
1696 3322 1824 3386 Mindon
1846 3323 1912 3386 aad
1934 3319 2082 3399 Herford,
2114 3322 2173 3384 dos
2195 3322 2342 3385 damnaei
2366 3323 2444 3384 auch

633 3427 703 3491 dem
726 3426 888 3491 Biadnica
912 3426 1033 3494 beitrot.
1080 3427 1176 3492 Gedr.
1207 3425 1313 3512 Weaffl
1340 3425 1598 3490 Provincia-Bit.
1621 3425 1646 3505 I,
1671 3425 1787 3504 Hert?
1810 3425 1843 3494 S.
1861 3425 1893 3491 6.
1939 3426 2019 3491 Eine
2041 3427 2180 3491 zicmlc'clr
2202 3427 2445 3511 piciclcloutende

639 3531 726 3611 ka„
749 3536 783 3596 in
807 3535 863 3598 der
885 3534 1012 3597 Mindon
1036 3533 1112 3598 aber
1134 3533 1220 3597 aiclvt
1241 3545 1379 3619 9000001
1400 3536 1490 3610 wird,
1517 3533 1645 3614 6910601
1667 3533 1732 3596 aiala
1755 3536 1799 3596 im
1823 3531 2025 3598 Stodtorclcc'o
2047 3556 2086 3596 zu
2108 3533 2256 3617 Koeafeld
2278 3532 2305 3611 l,
2328 3531 2390 3599 Nr.
2411 3533 2444 3609 6,

633 3639 715 3702 nacla
739 3639 840 3704 dc'eser
862 3639 972 3704 drackt
993 3637 1126 3717 Nicaert,
1153 3641 1267 3704 Miinat.
1299 3638 1520 3704 Urlc.·Samml.
1546 3637 1591 3717 ΙΙ,
1617 3638 1651 3704 8.
1677 3639 1751 3717 426,
1784 3637 1933 3703 Wilnrona
1962 3639 2031 3704 ΠΒ.
2055 3636 2119 3716 111,
2145 3637 2179 3704 S.
2202 3639 2268 3702 241
2294 3638 2353 3704 Nr.
2378 3639 2445 3704 450

634 3746 700 3809 und
723 3743 904 3824 Hdtlboum,
929 3744 1030 3809 Hans.
1060 3744 1128 3810 UB.
1155 3745 1180 3824 I,
1207 3745 1241 3810 8.
1267 3743 1332 3808 113
1355 3744 1417 3808 Nr.
1440 3745 1516 3811 345.
1569 3743 1636 3830 1191.
1663 3746 1796 3823 Brasaca,
1823 3745 1860 3811 Z.
1887 3743 1996 3810 Geaclv.
2021 3747 2051 3809 d.
2069 3744 2334 3826 Londfmedcnab.
2359 3747 2446 3811 deut-
2581 3809 2582 3814 ,

634 3851 723 3916 acher
749 3850 858 3916 stada
882 3849 916 3918 8.
935 3850 1055 3918 43-4.
1101 3850 1163 3916 Die
1191 3851 1269 3918 ka.
1294 3850 1485 3935 KoeafcldI,
1515 3850 1569 3914 Nr.
1589 3850 1607 3915 7
1631 3853 1684 3915 das
1710 3851 1943 3916 Stodtavcdc'vea
1967 3852 2092 3936 bezeapt
2114 3853 2172 3918 den
2195 3852 2447 3916 3010100000·

634 3955 725 4021 81061
746 3980 817 4021 zona
840 3957 951 4022 Bonde
977 3956 1063 4020 1246
1087 3958 1212 4043 1109001
1231 3956 1264 4036 6,
1288 3959 1376 4042 pedo.
1400 3956 1580 4021 Hdtlboom
1603 3982 1632 4022 o.
1658 3983 1687 4023 o.
1717 3957 1752 4020 0.
1779 3955 1865 4022 Note.

1386 4103 1480 4180 459.

422 4231 573 4320 Bisciof
595 4230 780 4321 Enpelbcrl
807 4253 871 4302 000
901 4229 1100 4303 Osnabrack
1127 4229 1289 4301 bairandei
1316 4231 1414 4302 einen
1449 4230 1622 4319 Verplciclv
1650 4229 1710 4300 dcc
1731 4229 1865 4316 Grafcn
1887 4229 1961 4300 Otto
1984 4250 2048 4299 von
2070 4228 2307 4320 Tectlenbarq,
2334 4231 2447 4300 actaea

421 4339 548 4409 Salmas
582 4336 751 4410 Heinrich
784 4337 857 4408 aad
890 4339 1004 4408 aeiacr
1046 4336 1279 4408 Verbdndctca
1310 4338 1372 4408 mit
1404 4337 1480 4407 dem
1513 4335 1651 4424 Grofcn
1684 4335 1833 4425 Ludwig
1866 4358 1931 4406 oon
1964 4335 2184 4424 &amedera
2217 4335 2290 4405 aad
2322 4335 2444 4406 dassen

1032 4441 1275 4517 Vcrbc'tndclcn.
1331 4442 1537 4514 Sandalbeclc
1565 4440 1671 4514 1246
1698 4441 1785 4512 Joat
1811 4445 1844 4514 4.

558 4559 653 4627 Gedv.
678 4559 809 4640 Nc'eaert,
836 4559 985 4646 8011νᾶ90
1008 4559 1035 4638 1,
1059 4560 1090 4638 2,
1117 4559 1151 4626 S.
1168 4558 1235 4623 249
1257 4557 1317 4625 Nr.
1333 4555 1387 4636 86,
1419 4557 1524 4644 Westf.
1554 4557 1624 4624 ΠΒ,
1651 4557 1715 4636 III,
1742 4557 1776 4622 S.
1792 4557 1860 4620 242
1881 4555 1940 4622 Nr.
1958 4555 2033 4635 451,
2057 4559 2100 4620 im
2124 4557 2254 4642 Auazny
2275 4581 2302 4620 a.
2320 4555 2445 4622 Hoden-

635 4667 720 4754 berg,
736 4666 842 4754 Hoyer
862 4664 933 4732 UB.
951 4665 1044 4731 Abtl.
1069 4663 1157 4743 VIII,
1177 4664 1211 4730 8.
1229 4663 1272 4729 61
1290 4664 1351 4730 Nr.
1368 4664 1422 4742 54,
1447 4663 1664 4750 6090011099.
1683 4663 1826 4749 110991,
1846 4663 1878 4729 8.
1898 4663 1962 4729 178
1977 4661 2037 4726 Νν.
2054 4662 2129 4742 244,
2153 4661 2269 4740 Daiara,
2289 4663 2444 4727 Zedsclou

634 4775 663 4838 d.
682 4774 750 4838 aaa.
774 4770 842 4838 Ver.
858 4775 886 4852 f.
904 4771 1152 4838 Niedcraoclaaen
1168 4771 1220 4857 Jp.
1240 4771 1323 4836 1881
1350 4769 1422 4836 85
1446 4767 1505 4834 Nr.
1525 4771 1566 4833 15
1591 4767 1700 4856 (696).
1753 4767 1822 4855 Vqr.
1846 4767 2044 4854 Nieberding,
2068 4767 2179 4835 Geaclc.
2196 4769 2226 4834 d.
2243 4765 2447 4838 Nuceriam

635 4881 776 4946 Mamer
799 4879 826 4958 I,
852 4878 886 4944 8.
913 4878 986 4943 169.

1392 4987 1485 5064 460.

424 5117 667 5189 11000αά000
694 5114 909 5204 Rctdenbcrp,
943 5111 1132 5204 Bavpprnf
1152 5135 1215 5184 von
1245 5113 1448 5205 Strambcrp,
1484 5113 1636 5200 valcurt
1671 5113 1737 5182 dea
1764 5113 1926 5202 Borpera
1952 5133 2016 5182 oon
2041 5107 2191 5182 Rectam
2224 5111 2280 5180 ein
2309 5108 2381 5181 Gal
2409 5111 2447 5180 in

423 5225 559 5296 Elalcrc
591 5221 898 5294 renunciantibus
933 5227 1042 5314 patre
1077 5224 1207 5290 nostro
1243 5219 1395 5290 domino
1422 5218 1640 5290 Hermanno
1676 5217 1878 5312 burgravio
1907 5217 1945 5288 in
1973 5214 2223 5288 Rudenberch
2258 5221 2296 5286 et
2327 5212 2447 5285 tratre

424 5334 556 5402 nostro
585 5329 738 5400 domino
766 5326 976 5398 Wernhero
1004 5324 1199 5420 preposito
1227 5323 1416 5396 Mindensi
1452 5329 1491 5396 et
1518 5347 1645 5396 sorore
1673 5331 1802 5394 nostra
1830 5323 1981 5395 domina
2008 5321 2162 5393 Alheldi
2189 5321 2380 5393 abbatissa
2408 5321 2449 5391 in

1149 5431 1370 5506 Hersebroc.
1426 5430 1528 5502 1246
1554 5431 1643 5503 Joat
1671 5434 1725 5504 14.
