5506 6826
706 424 773 490 aar
1042 515 1045 524 Ι
1698 435 1767 492 nro

700 744 855 833 Bieclrof
876 743 951 816 Otto
978 765 1042 815 oon
1071 743 1221 814 Miudea
1247 743 1439 816 ciaaerteibt
1466 743 1543 816 dem
1559 633 1910 942 ἕὲὁέηὸἕτέἷοῖἒηιι
1944 743 2009 816 das
2036 743 2107 815 ihm
2134 745 2336 834 resignare
2364 744 2434 818 Gal
2460 747 2498 816 ia
2525 744 2701 822 Bellersen.

811 950 925 1015 Frater
953 950 1033 1016 Otto
1062 949 1174 1016 divina
1203 950 1423 1032 permissione
1452 950 1632 1016 Mindensis
1668 951 1807 1017 ecclesie
1841 949 2019 1035 episcopus
2053 950 2209 1018 omnibus
2243 971 2382 1035 presens
2411 951 2573 1034 scriptum
2602 953 2701 1020 n'surh

703 1058 844 1122 salutem
867 1056 902 1121 in
926 1057 1078 1123 Domino.
1125 1056 1286 1122 Noverint
1309 1059 1377 1122 tam
1401 1057 1527 1141 posteri
1552 1076 1655 1141 qnam
1677 1059 1861 1141 presentes,
1886 1058 1987 1140 quod,
2011 1078 2088 1123 cmn
2111 1058 2280 1124 lohannes
2304 1058 2415 1123 dictus
2438 1057 2591 1123 Dicretolr
2611 1080 2701 1126 aream

702 1164 801 1228 sitam
829 1165 921 1230 iuxta
948 1162 1131 1244 Bellersen,
1165 1182 1267 1246 quam
1290 1183 1310 1226 a
1333 1163 1429 1229 nobis
1458 1164 1492 1228 in
1522 1164 1621 1229 teodo
1657 1166 1821 1246 tenuerat,
1856 1163 1954 1230 nobis
1988 1164 2092 1230 libere
2126 1165 2338 1248 resignasset,
2373 1185 2434 1230 nos
2458 1166 2503 1233 ad
2524 1165 2700 1248 peticionem

702 1269 899 1337 dilectorum
922 1268 1091 1335 Godefridi
1114 1270 1148 1334 et
1169 1268 1331 1335 lobannis
1354 1271 1493 1336 ecclesie
1516 1273 1629 1336 nostre
1653 1271 1919 1337 camerariorum.
1943 1271 2001 1355 qui
2024 1270 2133 1354 ipsam
2156 1271 2282 1336 curiam
2305 1270 2374 1336 suis
2390 1271 2537 1336 denariis
2552 1291 2703 1356 compara·

701 1379 831 1458 rerunt,
866 1375 1014 1441 unanimi
1050 1394 1214 1441 consensu
1237 1395 1275 1440 ac
1299 1375 1472 1442 voluntate
1507 1376 1625 1441 decani
1653 1379 1686 1442 et
1713 1377 1821 1443 tocius
1851 1377 1987 1461 capituli
2010 1378 2190 1444 accedente
2213 1377 2316 1443 libere
2339 1377 2542 1443 contulimus
2565 1383 2599 1444 et
2618 1380 2702 1461 assig-

702 1483 854 1548 navimus
888 1483 996 1566 ipsam
1031 1481 1223 1548 camerariis
1258 1483 1441 1548 eorundem
1468 1483 1511 1547 ab
1539 1482 1620 1567 ipsis
1643 1485 1677 1549 et
1700 1503 1814 1548 eorum
1838 1485 2088 1550 successoribus
2111 1489 2278 1568 perpetuo
2301 1483 2542 1566 possidendam
2564 1489 2598 1550 et
2617 1486 2703 1568 ipsius

702 1589 791 1655 curie
814 1593 998 1672 proventus
1020 1590 1109 1654 inter
1132 1609 1168 1656 se
1188 1589 1327 1671 singulis
1348 1589 1445 1654 annis
1461 1590 1624 1673 equaliter
1641 1590 1849 1670 dividendos,
1873 1591 1936 1656 hoc
1952 1592 2095 1673 adiecto,
2119 1590 2210 1674 quod
2226 1590 2385 1656 Albertus
2401 1589 2553 1670 clericus,
2576 1592 2704 1657 eiusdem

701 1695 870 1762 Godefridi
896 1696 997 1778 filius,
1032 1697 1123 1779 quod
1151 1715 1213 1761 nos
1243 1695 1457 1778 ratificamus,
1489 1696 1652 1779 quamdiu
1684 1697 1803 1762 vixerit
1835 1699 2076 1780 postmortem
2099 1697 2269 1763 Godefridi
2294 1697 2435 1781 predicti
2459 1698 2624 1780 porcione,
2653 1718 2703 1781 que

699 1801 810 1886 ipsum
833 1803 874 1868 de
897 1802 1028 1886 prelata
1051 1801 1145 1866 curia
1166 1801 1336 1885 contingit,
1359 1802 1498 1885 pacifice
1520 1803 1664 1886 gaudeat
1688 1805 1721 1867 et
1744 1805 1867 1886 quiete.
1914 1803 1956 1868 Et
1978 1805 2069 1869 idem
2091 1803 2249 1870 Albertus
2272 1804 2369 1870 dabit
2391 1806 2522 1886 septem
2545 1803 2659 1870 solidos
2677 1808 2704 1868 et

699 1927 759 1974 sex
789 1908 943 1975 denarios
972 1910 1013 1973 de
1042 1908 1159 1974 eadem
1187 1911 1280 1974 curia
1307 1909 1341 1974 in
1370 1909 1424 1975 die
1454 1910 1614 1977 Silveslri.
1661 1909 1799 1976 Alberto
1834 1929 1912 1976 vero
1947 1909 2104 1976 defuncto
2138 1911 2328 1994 quicunque
2362 1913 2442 1975 tnnc
2478 1930 2541 1993 pro
2572 1914 2701 1994 tempore

699 2015 742 2078 ad
781 2013 928 2081 officium
967 2035 1096 2082 camere
1133 2016 1258 2082 inerint
1296 2016 1440 2082 instituti
1477 2017 1514 2082 in
1549 2017 1602 2084 die
1635 2016 1727 2082 beati
1763 2017 1913 2082 Silvestri
1952 2016 2081 2083 dabunt
2118 2017 2308 2100 quindecim
2345 2017 2471 2084 solidos
2509 2018 2645 2083 dominis
2676 2019 2701 2082 et

699 2121 840 2201 vicariis,
871 2122 928 2204 qui
958 2122 1080 2187 divinis
1109 2121 1332 2202 interfuerint,
1367 2122 1455 2188 unde
1486 2143 1606 2189 novem
1637 2123 1796 2189 lectiones
1826 2123 1862 2189 in
1889 2124 2008 2188 eadem
2035 2125 2133 2189 nocte
2167 2122 2210 2188 ad
2241 2123 2420 2189 matutinas
2454 2127 2618 2207 perpetuo
2638 2127 2703 2188 sunt

699 2227 847 2310 legende.
895 2227 943 2292 Ne
979 2227 1077 2311 igitur
1111 2229 1174 2294 hec
1208 2231 1322 2294 nostra
1357 2229 1493 2297 collacio
1528 2229 1623 2312 seul)
1659 2229 1843 2312 assignacio
1872 2229 1914 2294 de
1944 2230 2115 2296 voluntate
2145 2249 2184 2296 ac
2211 2248 2379 2295 consensu
2408 2229 2527 2295 decani
2554 2234 2587 2294 et
2614 2231 2703 2294 tocius

700 2333 835 2415 capituli
870 2335 974 2400 nostri
1009 2334 1072 2400 rite
1106 2335 1194 2400 iacta
1224 2355 1244 2398 a
1272 2335 1381 2415 nobis,
1416 2337 1512 2418 quod
1535 2336 1632 2418 absit,
1668 2337 1725 2401 aut
1757 2337 1948 2401 nostrorum
1972 2335 2084 2419 aliquo
2109 2355 2340 2402 successorum
2362 2337 2537 2402 retractari
2559 2337 2658 2401 valeat
2676 2337 2703 2400 in

699 2441 869 2522 posterum
893 2440 945 2506 vel
969 2440 1114 2524 infringi,
1150 2443 1302 2506 nostrum
1326 2445 1359 2506 et
1382 2442 1520 2506 ecclesie
1545 2441 1689 2523 sigillum
1712 2441 1924 2525 presentibus
1948 2443 2072 2525 apponi
2095 2443 2233 2509 fecimus
2257 2442 2293 2506 in
2315 2443 2544 2509 testimonium
2566 2446 2598 2508 et
2621 2443 2704 2506 mbur

698 2545 811 2612 debite
834 2545 1009 2612 firmitatis.
1056 2548 1178 2613 Datum
1201 2567 1290 2613 anno
1315 2547 1447 2613 Domini
1470 2547 1719 2630 M⁰.CC.LXX⁰.,
1743 2547 1885 2613 sabbato
1908 2550 1985 2631 post
2009 2549 2150 2614 Pascha.

914 2651 936 2721 ¹)
955 2667 1003 2704 seu
1014 2651 1090 2720 fehlt
1107 2651 1141 2704 A.

832 2740 996 2819 Abachrift
1023 2742 1076 2806 dee
1106 2740 1157 2806 ll.
1181 2741 1293 2806 Jatrt.
1326 2743 1361 2805 io
1384 2741 1460 2804 Mac.
1491 2737 1561 2820 VII,
1590 2739 1688 2820 2401,
1720 2740 1753 2806 S.
1781 2741 1819 2804 11
1853 2743 1921 2826 (A).
1970 2739 2083 2828 Repert
2106 2742 2182 2807 Mac.
2207 2740 2251 2821 II,
2279 2741 2379 2819 189a,
2404 2741 2465 2808 Nr.
2491 2739 2555 2807 471
2585 2747 2626 2806 im
2645 2741 2702 2827 Kpt.

913 2845 1018 2913 sa-A.
1046 2869 1085 2911 zu
1107 2848 1257 2913 Mamer.
1304 2846 1400 2913 θεᾶν.
1439 2845 1635 2926 Wrirdrnein,
1666 2845 1759 2912 Sabe.
1784 2847 1857 2933 dipl.
1885 2846 1928 2926 X,
1960 2846 1994 2912 S.
2021 2844 2075 2911 31.
2128 2849 2300 2916 Bellersen
2327 2849 2401 2914 oder
2428 2850 2609 2916 Beldersen
2642 2854 2703 2912 aiat

913 2954 962 3018 bei
984 2953 1137 3039 Autapen
1159 2958 1203 3018 im
1226 2954 1400 3019 aestates
1422 2951 1647 3039 Sclmumburq,
1672 2976 1719 3018 wo
1741 2954 1818 3018 noch
1840 2954 1900 3018 dar
1924 2952 2108 3020 Belderoclte
2130 2951 2218 3033 Feta,
2255 2957 2313 3041 opt.
2346 2955 2478 3043 Mooyer,
2508 2955 2570 3020 Die
2592 2955 2699 3019 rotarat.

914 3059 1064 3141 Grusbclr.
1089 3057 1304 3146 &baumburg
1330 3057 1364 3124 S.
1388 3057 1443 3124 21.

698 3278 777 3350 Das
805 3278 1024 3368 Domhapitel
1050 3281 1088 3350 in
1117 3279 1267 3351 Miaden
1294 3277 1454 3368 vcrhault
1482 3279 1560 3350 dem
1587 3169 1778 3350 Dorgiblgr
1806 3279 1975 3352 Nikatoris
2002 3282 2059 3353 dic
2086 3281 2157 3352 ihm
2183 3281 2268 3352 noch
2290 3280 2493 3353 aueteheadc
2512 3280 2628 3368 Hdlfle
2652 3279 2699 3349 des

697 3385 810 3474 Hofes
837 3387 875 3457 io
905 3386 1085 3474 Nummos,
1120 3386 1229 3458 domii
1255 3387 1369 3457 dieser
1395 3387 1446 3458 sic
1473 3384 1535 3457 der
1572 3384 1713 3458 Vilcaric
1740 3410 1797 3458 aare
1825 3387 1929 3458 Alter
1957 3387 2019 3458 der
2045 3388 2075 3458 h.
2107 3388 2231 3458 Morio
2267 3387 2459 3459 etavcrleibt
2492 3388 2565 3458 und
2590 3388 2701 3458 darona

1156 3493 1238 3564 acrei
1268 3491 1538 3564 Koasolationen
1563 3494 1720 3582 prandet.
1778 3493 1925 3565 Mtadea
1953 3494 2053 3565 1270
2080 3494 2185 3584 April
2211 3497 2269 3566 23.

804 3611 1029 3696 Th(idericus)
1058 3611 1259 3695 prepositus,
1284 3611 1505 3694 Ger(hardus)
1539 3612 1685 3676 decanus
1707 3614 1882 3694 totumque
1906 3612 2090 3695 capitulum
2111 3611 2295 3676 Mindensis
2319 3612 2456 3678 ecclesie
2480 3611 2630 3676 onmibus
2651 3612 2702 3673 hoc

697 3716 857 3799 scripturn
887 3717 1006 3782 visuris
1035 3719 1177 3782 salntem
1204 3719 1239 3782 in
1263 3718 1405 3785 Domino
1433 3719 1681 3800 sempiternam.
1728 3719 1777 3782 Ea
1805 3739 1870 3800 que
1897 3718 2030 3800 pietatis
2059 3718 2180 3783 intuitu
2213 3736 2233 3782 a
2263 3717 2409 3802 providis
2442 3721 2477 3784 et
2499 3718 2568 3783 Deo
2592 3716 2702 3782 devotis

696 3823 989 3905 predecessoribus
1031 3825 1153 3890 nostris
1188 3824 1434 3890 racionabiliter
1471 3828 1504 3889 et
1537 3823 1661 3889 utiliter
1690 3824 1825 3889 fuerunt
1852 3825 2014 3906 ordinata,
2045 3825 2164 3891 merito
2195 3845 2257 3908 pro
2289 3825 2442 3907 ipsorum
2473 3827 2702 3889 antecessorum

696 3929 856 3994 memoria
885 3928 1012 3994 firmius
1043 3931 1218 3996 retinenda
1246 3933 1347 4013 atque
1371 3950 1433 4013 pro
1457 3930 1655 3996 imitacionis
1679 3932 1832 4014 exemplo
1856 3931 1998 4013 posteris
2022 3931 2240 4013 relinquendo
2264 3930 2507 4014 scripturarum
2529 3927 2701 3994 testimonio

695 4036 955 4118 perhennantur.
996 4037 1083 4102 Hinc
1100 4040 1160 4119 est,
1177 4039 1269 4119 quod
1285 4037 1328 4102 ad
1344 4036 1501 4102 noticiam
1516 4040 1584 4101 tam
1601 4036 1810 4119 presencium
1826 4056 1928 4118 quam
1944 4037 2131 4102 futurorum
2148 4036 2300 4121 cupimus
2317 4037 2501 4119 pervenire,
2525 4036 2624 4119 quod,
2638 4053 2703 4098 cum

694 4143 782 4207 bone
799 4143 957 4207 memorie
974 4142 1148 4209 Conradns
1164 4145 1270 4209 sancti
1287 4143 1419 4208 Martini
1435 4143 1618 4208 Mindensis
1634 4143 1827 4227 propositus
1843 4144 2059 4208 medietatem
2069 4143 2092 4224 ¹)
2110 4143 2210 4208 curtis
2226 4144 2325 4208 unius
2341 4143 2376 4208 in
2392 4142 2471 4208 villa
2485 4143 2633 4207 Namnen
2647 4142 2701 4204 site

695 4247 792 4311 nobis
808 4250 841 4312 et
857 4249 1001 4330 capitulo
1024 4252 1149 4330 nostro,
1173 4252 1205 4314 et
1220 4249 1376 4316 Nicolaus
1400 4251 1583 4333 perpetuus
1608 4249 1745 4314 ecclesie
1769 4251 1883 4314 nostre
1905 4249 2049 4314 vicarius
2066 4250 2204 4316 alteram
2220 4249 2434 4315 medietatem
2451 4251 2554 4315 curtis
2570 4247 2700 4312 eiusdem

695 4373 772 4418 cum
795 4355 949 4421 omnibus
973 4355 1186 4438 pertinenciis
1209 4356 1280 4420 suis
1304 4377 1324 4420 a
1347 4355 1485 4422 Nicolao
1509 4356 1599 4422 dicto
1624 4357 1665 4422 de
1687 4357 1879 4421 Herdessen
1902 4357 2025 4422 famulo
2048 4375 2110 4438 pro
2136 4357 2269 4440 triginta
2293 4361 2368 4422 octo
2391 4357 2512 4421 marcis
2536 4353 2701 4438 empcionis

694 4459 790 4524 titulo
820 4464 1063 4544 compararent,
1097 4463 1200 4528 lelicis
1231 4461 1474 4528 recordacionis
1504 4463 1685 4546 episcopus
1709 4463 1939 4544 Widekindns,
1968 4464 2027 4545 qni
2057 4467 2137 4529 tunc
2168 4463 2416 4546 preposituram
2444 4463 2580 4528 ecclesie
2602 4463 2701 4525 nostre

695 4567 885 4651 Superioris
908 4568 1105 4633 anctoritate
1128 4569 1273 4650 tenebat,
1297 4571 1431 4652 recepta
1452 4569 1558 4633 libera
1578 4569 1806 4652 resignacione
1822 4569 1924 4634 curtis
1940 4569 2047 4653 ipsius
2063 4589 2083 4634 a
2098 4569 2227 4652 prefato
2244 4569 2412 4653 Ni(cola0)
2428 4569 2552 4635 famulo
2568 4565 2699 4652 proprie-

694 4675 797 4738 tatem
820 4673 891 4738 eius
915 4672 1097 4739 liberaliter
1119 4675 1258 4739 eontulit
1281 4676 1418 4741 ecclesie
1442 4678 1558 4741 nostre
1581 4675 1693 4758 quiete
1717 4679 1750 4740 et
1773 4675 1913 4758 pacifice
1935 4677 2183 4759 possidendam,
2207 4677 2270 4742 hoc
2294 4677 2434 4756 adiecto,
2458 4676 2551 4758 quod
2566 4676 2592 4738 si
2608 4674 2699 4738 dictus

695 4778 880 4862 N(icolaus)
910 4779 1054 4845 famulus
1082 4781 1170 4846 infra
1196 4782 1310 4847 decem
1339 4801 1445 4847 annos
1469 4801 1667 4864 recuperare
1689 4787 1803 4866 posset
1826 4783 1967 4848 eandem
1990 4803 2052 4865 pro
2075 4802 2207 4848 summa
2229 4783 2381 4866 pecunie,
2409 4802 2512 4866 quant
2535 4779 2697 4864 acceperat,

576 4935 579 4944 .
694 4888 728 4950 et
755 4886 878 4970 pheodi
906 4887 1087 4952 rehabendi
1114 4890 1149 4953 et
1174 4891 1301 4953 curtem
1324 4889 1545 4972 recuperandi
1568 4889 1708 4954 haberet
1730 4889 1869 4954 liberam
1892 4888 2093 4954 facultatem.
2140 4889 2271 4968 Quibus
2295 4889 2418 4972 elapsis
2441 4891 2583 4971 quatuor
2603 4902 2698 4950 marce

694 4991 757 5056 sibi
788 4992 840 5056 vel
873 4993 941 5057 suis
969 4993 1149 5059 heredibus
1177 4996 1390 5076 adderentur,
1418 4999 1458 5061 ut
1481 4995 1528 5059 sic
1550 4995 1680 5077 empcio
1704 4996 1779 5078 ipsa
1803 4998 1967 5080 perpetuo
1990 4993 2181 5061 firmaretur
2204 4999 2238 5060 et
2261 4995 2409 5080 predicta
2432 4996 2583 5060 condicio
2605 4989 2695 5074 exspi-

693 5100 791 5163 raret.
832 5099 1050 5164 Postmodum
1075 5120 1152 5164 vero
1176 5101 1364 5183 sepedictus
1387 5101 1574 5187 N(icolaus)
1597 5100 1743 5167 famulus
1767 5121 1866 5168 omne
1889 5102 1941 5166 ius
1965 5101 2157 5168 huiusmodi
2181 5101 2385 5167 condicionis
2408 5102 2444 5166 in
2467 5103 2642 5168 lohannem
2662 5096 2697 5158 de

694 5203 858 5270 Vorebom
888 5204 1025 5270 militem
1054 5205 1220 5270 sororimn
1248 5225 1346 5270 suum
1373 5207 1551 5287 transtulit,
1585 5209 1643 5290 qui
1677 5209 1819 5291 receptis
1844 5228 1864 5272 a
1887 5209 1983 5274 nobis
2014 5209 2189 5273 duodecim
2220 5209 2338 5274 marcis
2373 5209 2502 5291 argenti
2529 5206 2613 5272 omni
2632 5201 2694 5279 iuri,

692 5311 785 5392 quod
812 5309 878 5374 sibi
906 5311 940 5375 in
969 5311 1056 5376 dicte
1089 5312 1191 5377 curtis
1220 5313 1476 5396 recuperacione
1500 5315 1720 5397 competebat,
1750 5335 1817 5380 una
1841 5334 1916 5380 cum
1940 5315 2033 5380 tutta
2056 5335 2158 5380 uxore
2182 5334 2242 5380 sua
2265 5317 2301 5379 et
2324 5314 2505 5380 heredibus
2528 5315 2594 5379 suis
2615 5307 2694 5374 cessit

691 5418 727 5479 et
751 5415 786 5480 in
810 5435 930 5482 manus
958 5419 1158 5484 venerabilis
1190 5420 1293 5502 patris
1324 5420 1449 5486 domini
1472 5420 1604 5486 Ottonis
1635 5421 1784 5504 episcopi
1815 5421 1930 5502 nostri,
1962 5421 2020 5504 qui
2043 5421 2148 5488 eciam
2171 5421 2418 5504 preposituram
2445 5420 2580 5486 ecclesie
2601 5417 2692 5482 nostre
