<?xml version="1.0" encoding="UTF-8"?>
<!DOCTYPE html PUBLIC "-//W3C//DTD XHTML 1.0 Transitional//EN"
    "http://www.w3.org/TR/xhtml1/DTD/xhtml1-transitional.dtd">
<html xmlns="http://www.w3.org/1999/xhtml" xml:lang="en" lang="en">
 <head>
  <title>
</title>
<meta http-equiv="Content-Type" content="text/html;charset=utf-8" />
  <meta name='ocr-system' content='tesseract 3.04.00' />
  <meta name='ocr-capabilities' content='ocr_page ocr_carea ocr_par ocr_line ocrx_word'/>
</head>
<body>
  <div class='ocr_page' id='page_1' title='image "./westflischesurk00westgoog_0347.png"; bbox 0 0 5506 6826; ppageno 0'>
   <div class='ocr_carea' id='block_1_1' title="bbox 544 419 1596 484">
    <p class='ocr_par' dir='ltr' id='par_1_1' title="bbox 544 419 1596 484">
     <span class='ocr_line' id='line_1_1' title="bbox 544 419 1596 484; baseline -0.003 -2"><span class='ocrx_word' id='word_1_1' title='bbox 544 419 610 484; x_wconf 84' lang='lat'>330</span> <span class='ocrx_word' id='word_1_2' title='bbox 1529 426 1596 480; x_wconf 78' lang='lat'>1275</span> 
     </span>
    </p>
   </div>
   <div class='ocr_carea' id='block_1_2' title="bbox 543 621 2557 1454">
    <p class='ocr_par' dir='ltr' id='par_1_2' title="bbox 543 621 2557 1454">
     <span class='ocr_line' id='line_1_2' title="bbox 544 621 2550 708; baseline -0.002 -13"><span class='ocrx_word' id='word_1_3' title='bbox 544 651 622 696; x_wconf 86' lang='lat' dir='ltr'>curn</span> <span class='ocrx_word' id='word_1_4' title='bbox 646 627 800 693; x_wconf 90' lang='lat' dir='ltr'>omnibus</span> <span class='ocrx_word' id='word_1_5' title='bbox 825 625 953 689; x_wconf 87' lang='lat' dir='ltr'>iuribus</span> <span class='ocrx_word' id='word_1_6' title='bbox 978 622 1205 706; x_wconf 76' lang='lat' dir='ltr'>corporalibus</span> <span class='ocrx_word' id='word_1_7' title='bbox 1229 625 1262 686; x_wconf 94' lang='lat' dir='ltr'>et</span> <span class='ocrx_word' id='word_1_8' title='bbox 1287 621 1551 704; x_wconf 83' lang='lat' dir='ltr'>incorporalibus</span> <span class='ocrx_word' id='word_1_9' title='bbox 1580 621 1622 686; x_wconf 89' lang='lat' dir='ltr'>ad</span> <span class='ocrx_word' id='word_1_10' title='bbox 1654 621 1760 704; x_wconf 86' lang='lat' dir='ltr'><strong>ipsam</strong></span> <span class='ocrx_word' id='word_1_11' title='bbox 1788 621 2042 704; x_wconf 87' lang='lat' dir='ltr'>pertinentibus,</span> <span class='ocrx_word' id='word_1_12' title='bbox 2072 621 2180 685; x_wconf 90' lang='lat' dir='ltr'>locum</span> <span class='ocrx_word' id='word_1_13' title='bbox 2204 621 2320 702; x_wconf 91' lang='lat' dir='ltr'>eciam,</span> <span class='ocrx_word' id='word_1_14' title='bbox 2349 643 2550 708; x_wconf 79' lang='lat' dir='ltr'>superquam</span> 
     </span>
     <span class='ocr_line' id='line_1_3' title="bbox 545 727 2552 806; baseline -0.002 -4"><span class='ocrx_word' id='word_1_15' title='bbox 545 735 685 802; x_wconf 89' lang='lat' dir='ltr'>ecclesia</span> <span class='ocrx_word' id='word_1_16' title='bbox 709 734 774 797; x_wconf 88' lang='lat' dir='ltr'>iam</span> <span class='ocrx_word' id='word_1_17' title='bbox 800 732 887 797; x_wconf 91' lang='lat' dir='ltr'>dicta</span> <span class='ocrx_word' id='word_1_18' title='bbox 912 730 1051 794; x_wconf 89' lang='lat' dir='ltr'>lundata</span> <span class='ocrx_word' id='word_1_19' title='bbox 1075 732 1136 806; x_wconf 90' lang='lat' dir='ltr'>est,</span> <span class='ocrx_word' id='word_1_20' title='bbox 1161 729 1305 793; x_wconf 91' lang='lat' dir='ltr'>claustro</span> <span class='ocrx_word' id='word_1_21' title='bbox 1334 727 1368 792; x_wconf 93' lang='lat' dir='ltr'>iu</span> <span class='ocrx_word' id='word_1_22' title='bbox 1392 727 1620 792; x_wconf 89' lang='lat' dir='ltr'>Gravenhorst</span> <span class='ocrx_word' id='word_1_23' title='bbox 1652 727 1834 792; x_wconf 78' lang='lat' dir='ltr'>liberaliter</span> <span class='ocrx_word' id='word_1_24' title='bbox 1856 728 2067 793; x_wconf 85' lang='lat' dir='ltr'>vendidimus</span> <span class='ocrx_word' id='word_1_25' title='bbox 2097 732 2129 793; x_wconf 88' lang='lat' dir='ltr'>et</span> <span class='ocrx_word' id='word_1_26' title='bbox 2157 728 2339 793; x_wconf 78' lang='lat' dir='ltr'>liberaliter</span> <span class='ocrx_word' id='word_1_27' title='bbox 2362 731 2465 795; x_wconf 88' lang='lat' dir='ltr'>eidem</span> <span class='ocrx_word' id='word_1_28' title='bbox 2485 753 2552 798; x_wconf 91' lang='lat' dir='ltr'>con·</span> 
     </span>
     <span class='ocr_line' id='line_1_4' title="bbox 545 833 2554 922; baseline -0.002 -13"><span class='ocrx_word' id='word_1_29' title='bbox 545 844 682 908; x_wconf 92' lang='lat' dir='ltr'>tulimus</span> <span class='ocrx_word' id='word_1_30' title='bbox 706 841 740 903; x_wconf 95' lang='lat' dir='ltr'>in</span> <span class='ocrx_word' id='word_1_31' title='bbox 764 841 965 922; x_wconf 90' lang='lat' dir='ltr'>perpetuum</span> <span class='ocrx_word' id='word_1_32' title='bbox 988 835 1236 919; x_wconf 86' lang='lat' dir='ltr'>possidendam.</span> <span class='ocrx_word' id='word_1_33' title='bbox 1285 834 1394 899; x_wconf 91' lang='lat' dir='ltr'>Huius</span> <span class='ocrx_word' id='word_1_34' title='bbox 1419 834 1497 898; x_wconf 87' lang='lat' dir='ltr'>tacti</span> <span class='ocrx_word' id='word_1_35' title='bbox 1521 833 1625 898; x_wconf 90' lang='lat' dir='ltr'>nostri</span> <span class='ocrx_word' id='word_1_36' title='bbox 1649 837 1751 898; x_wconf 91' lang='lat' dir='ltr'>testes</span> <span class='ocrx_word' id='word_1_37' title='bbox 1776 838 1872 899; x_wconf 89' lang='lat' dir='ltr'>sunt:</span> <span class='ocrx_word' id='word_1_38' title='bbox 1902 835 2099 900; x_wconf 86' lang='lat' dir='ltr'>Ludewicus</span> <span class='ocrx_word' id='word_1_39' title='bbox 2124 835 2228 913; x_wconf 89' lang='lat' dir='ltr'>Hake‚</span> <span class='ocrx_word' id='word_1_40' title='bbox 2253 836 2354 900; x_wconf 90' lang='lat' dir='ltr'>Hudo</span> <span class='ocrx_word' id='word_1_41' title='bbox 2377 837 2417 900; x_wconf 92' lang='lat' dir='ltr'>de</span> <span class='ocrx_word' id='word_1_42' title='bbox 2440 837 2554 904; x_wconf 47' lang='lat' dir='ltr'>Codene</span> 
     </span>
     <span class='ocr_line' id='line_1_5' title="bbox 545 939 2553 1029; baseline -0.001 -16"><span class='ocrx_word' id='word_1_43' title='bbox 545 950 648 1028; x_wconf 88' lang='lat' dir='ltr'>horst,</span> <span class='ocrx_word' id='word_1_44' title='bbox 672 947 770 1029; x_wconf 88' lang='lat' dir='ltr'>Hugo</span> <span class='ocrx_word' id='word_1_45' title='bbox 795 945 903 1009; x_wconf 92' lang='lat' dir='ltr'>dictus</span> <span class='ocrx_word' id='word_1_46' title='bbox 927 943 1022 1022; x_wconf 87' lang='lat' dir='ltr'>Bere,</span> <span class='ocrx_word' id='word_1_47' title='bbox 1048 941 1205 1005; x_wconf 90' lang='lat' dir='ltr'>Hinricus</span> <span class='ocrx_word' id='word_1_48' title='bbox 1229 941 1344 1013; x_wconf 81' lang='lat' dir='ltr'>Vinke,</span> <span class='ocrx_word' id='word_1_49' title='bbox 1369 940 1477 1024; x_wconf 74' lang='lat' dir='ltr'>outo)</span> <span class='ocrx_word' id='word_1_50' title='bbox 1502 940 1543 1003; x_wconf 90' lang='lat' dir='ltr'>de</span> <span class='ocrx_word' id='word_1_51' title='bbox 1568 939 1691 1020; x_wconf 89' lang='lat' dir='ltr'>Haren,</span> <span class='ocrx_word' id='word_1_52' title='bbox 1716 941 1813 1022; x_wconf 93' lang='lat' dir='ltr'>Hugo</span> <span class='ocrx_word' id='word_1_53' title='bbox 1838 941 1879 1006; x_wconf 93' lang='lat' dir='ltr'>de</span> <span class='ocrx_word' id='word_1_54' title='bbox 1902 941 2020 1021; x_wconf 90' lang='lat' dir='ltr'>Wede,</span> <span class='ocrx_word' id='word_1_55' title='bbox 2047 941 2243 1006; x_wconf 89' lang='lat' dir='ltr'>Herbordus</span> <span class='ocrx_word' id='word_1_56' title='bbox 2266 943 2348 1022; x_wconf 91' lang='lat' dir='ltr'>Vos,</span> <span class='ocrx_word' id='word_1_57' title='bbox 2372 941 2553 1010; x_wconf 85' lang='lat' dir='ltr'>Reinbertus</span> 
     </span>
     <span class='ocr_line' id='line_1_6' title="bbox 543 1046 2555 1133; baseline -0.001 -14"><span class='ocrx_word' id='word_1_58' title='bbox 543 1057 587 1120; x_wconf 90' lang='lat' dir='ltr'>de</span> <span class='ocrx_word' id='word_1_59' title='bbox 612 1054 742 1118; x_wconf 88' lang='lat' dir='ltr'>Busche</span> <span class='ocrx_word' id='word_1_60' title='bbox 766 1051 902 1119; x_wconf 77' lang='lat' dir='ltr'>milites:</span> <span class='ocrx_word' id='word_1_61' title='bbox 927 1050 1006 1114; x_wconf 91' lang='lat' dir='ltr'>item</span> <span class='ocrx_word' id='word_1_62' title='bbox 1031 1046 1368 1124; x_wconf 84' lang='lat' dir='ltr'>NicolausEytlarius</span> <span class='ocrx_word' id='word_1_63' title='bbox 1392 1046 1504 1110; x_wconf 91' lang='lat' dir='ltr'>etalii</span> <span class='ocrx_word' id='word_1_64' title='bbox 1529 1047 1652 1129; x_wconf 80' lang='lat' dir='ltr'>plures</span> <span class='ocrx_word' id='word_1_65' title='bbox 1692 1048 1775 1112; x_wconf 88' lang='lat' dir='ltr'>Item</span> <span class='ocrx_word' id='word_1_66' title='bbox 1799 1049 1836 1110; x_wconf 90' lang='lat' dir='ltr'>ut</span> <span class='ocrx_word' id='word_1_67' title='bbox 1859 1047 1893 1111; x_wconf 91' lang='lat' dir='ltr'>in</span> <span class='ocrx_word' id='word_1_68' title='bbox 1916 1047 2003 1113; x_wconf 85' lang='lat' dir='ltr'>facto</span> <span class='ocrx_word' id='word_1_69' title='bbox 2027 1051 2094 1112; x_wconf 90' lang='lat' dir='ltr'>tarn</span> <span class='ocrx_word' id='word_1_70' title='bbox 2119 1048 2265 1132; x_wconf 88' lang='lat' dir='ltr'>legitimo</span> <span class='ocrx_word' id='word_1_71' title='bbox 2290 1048 2382 1113; x_wconf 90' lang='lat' dir='ltr'>nulla</span> <span class='ocrx_word' id='word_1_72' title='bbox 2404 1049 2436 1114; x_wconf 94' lang='lat' dir='ltr'>in</span> <span class='ocrx_word' id='word_1_73' title='bbox 2458 1059 2555 1133; x_wconf 87' lang='lat' dir='ltr'>poste-</span> 
     </span>
     <span class='ocr_line' id='line_1_7' title="bbox 545 1153 2555 1243; baseline -0.002 -17"><span class='ocrx_word' id='word_1_74' title='bbox 545 1181 619 1226; x_wconf 86' lang='lat' dir='ltr'>rum</span> <span class='ocrx_word' id='word_1_75' title='bbox 643 1160 751 1243; x_wconf 89' lang='lat' dir='ltr'>possit</span> <span class='ocrx_word' id='word_1_76' title='bbox 775 1156 977 1224; x_wconf 89' lang='lat' dir='ltr'>intervenire</span> <span class='ocrx_word' id='word_1_77' title='bbox 1001 1153 1200 1236; x_wconf 83' lang='lat' dir='ltr'>calumpnia,</span> <span class='ocrx_word' id='word_1_78' title='bbox 1224 1157 1416 1234; x_wconf 83' lang='lat' dir='ltr'>presentem</span> <span class='ocrx_word' id='word_1_79' title='bbox 1439 1153 1593 1236; x_wconf 88' lang='lat' dir='ltr'>paginam</span> <span class='ocrx_word' id='word_1_80' title='bbox 1617 1171 1719 1235; x_wconf 87' lang='lat' dir='ltr'>super</span> <span class='ocrx_word' id='word_1_81' title='bbox 1742 1155 1915 1235; x_wconf 88' lang='lat' dir='ltr'>premissis</span> <span class='ocrx_word' id='word_1_82' title='bbox 1940 1155 2078 1220; x_wconf 85' lang='lat' dir='ltr'>fecimus</span> <span class='ocrx_word' id='word_1_83' title='bbox 2102 1155 2265 1220; x_wconf 89' lang='lat' dir='ltr'>conscribi</span> <span class='ocrx_word' id='word_1_84' title='bbox 2290 1158 2325 1220; x_wconf 90' lang='lat' dir='ltr'>et</span> <span class='ocrx_word' id='word_1_85' title='bbox 2348 1156 2441 1238; x_wconf 88' lang='lat' dir='ltr'>sigilli</span> <span class='ocrx_word' id='word_1_86' title='bbox 2464 1161 2555 1223; x_wconf 88' lang='lat' dir='ltr'>nostri</span> 
     </span>
     <span class='ocr_line' id='line_1_8' title="bbox 545 1257 2556 1342; baseline -0.001 -10"><span class='ocrx_word' id='word_1_87' title='bbox 545 1267 731 1333; x_wconf 91' lang='lat' dir='ltr'>munimine</span> <span class='ocrx_word' id='word_1_88' title='bbox 755 1264 914 1330; x_wconf 90' lang='lat' dir='ltr'>roborari.</span> <span class='ocrx_word' id='word_1_89' title='bbox 962 1261 1046 1327; x_wconf 91' lang='lat' dir='ltr'>ltem</span> <span class='ocrx_word' id='word_1_90' title='bbox 1070 1263 1111 1326; x_wconf 93' lang='lat' dir='ltr'>ad</span> <span class='ocrx_word' id='word_1_91' title='bbox 1135 1262 1295 1326; x_wconf 92' lang='lat' dir='ltr'>maiorem</span> <span class='ocrx_word' id='word_1_92' title='bbox 1323 1262 1357 1324; x_wconf 91' lang='lat' dir='ltr'>et</span> <span class='ocrx_word' id='word_1_93' title='bbox 1385 1260 1573 1324; x_wconf 90' lang='lat' dir='ltr'>uberiorem</span> <span class='ocrx_word' id='word_1_94' title='bbox 1597 1257 1837 1324; x_wconf 90' lang='lat' dir='ltr'>firmitudinem</span> <span class='ocrx_word' id='word_1_95' title='bbox 1868 1260 1974 1342; x_wconf 87' lang='lat' dir='ltr'>sigilla</span> <span class='ocrx_word' id='word_1_96' title='bbox 1996 1261 2238 1326; x_wconf 88' lang='lat' dir='ltr'>venerabilium</span> <span class='ocrx_word' id='word_1_97' title='bbox 2259 1263 2408 1327; x_wconf 90' lang='lat' dir='ltr'>virorum</span> <span class='ocrx_word' id='word_1_98' title='bbox 2430 1263 2556 1329; x_wconf 88' lang='lat' dir='ltr'>Conradi</span> 
     </span>
     <span class='ocr_line' id='line_1_9' title="bbox 545 1364 2557 1454; baseline -0.001 -16"><span class='ocrx_word' id='word_1_99' title='bbox 545 1372 815 1454; x_wconf 88' lang='lat' dir='ltr'>Osnaburgensis</span> <span class='ocrx_word' id='word_1_100' title='bbox 845 1370 957 1447; x_wconf 91' lang='lat' dir='ltr'>electi,</span> <span class='ocrx_word' id='word_1_101' title='bbox 988 1367 1152 1432; x_wconf 80' lang='lat' dir='ltr'>lobannis</span> <span class='ocrx_word' id='word_1_102' title='bbox 1181 1367 1311 1432; x_wconf 91' lang='lat' dir='ltr'>abbatis</span> <span class='ocrx_word' id='word_1_103' title='bbox 1342 1366 1459 1447; x_wconf 85' lang='lat' dir='ltr'>Campi</span> <span class='ocrx_word' id='word_1_104' title='bbox 1482 1370 1596 1430; x_wconf 91' lang='lat' dir='ltr'>sancte</span> <span class='ocrx_word' id='word_1_105' title='bbox 1620 1364 1739 1446; x_wconf 88' lang='lat' dir='ltr'>llarie,</span> <span class='ocrx_word' id='word_1_106' title='bbox 1769 1366 1878 1430; x_wconf 84' lang='lat' dir='ltr'>fratris</span> <span class='ocrx_word' id='word_1_107' title='bbox 1906 1367 2012 1431; x_wconf 88' lang='lat' dir='ltr'>nostri</span> <span class='ocrx_word' id='word_1_108' title='bbox 2040 1367 2207 1432; x_wconf 88' lang='lat' dir='ltr'>Ludewici</span> <span class='ocrx_word' id='word_1_109' title='bbox 2239 1369 2393 1450; x_wconf 90' lang='lat' dir='ltr'>superius</span> <span class='ocrx_word' id='word_1_110' title='bbox 2420 1373 2557 1452; x_wconf 83' lang='lat' dir='ltr'>premissi</span> 
     </span>
    </p>
   </div>
   <div class='ocr_carea' id='block_1_3' title="bbox 545 1472 2557 1667">
    <p class='ocr_par' dir='ltr' id='par_1_3' title="bbox 545 1472 2557 1667">
     <span class='ocr_line' id='line_1_10' title="bbox 546 1472 2557 1558; baseline -0.002 -14"><span class='ocrx_word' id='word_1_111' title='bbox 546 1499 677 1544; x_wconf 91' lang='lat' dir='ltr'>necnon</span> <span class='ocrx_word' id='word_1_112' title='bbox 701 1478 814 1542; x_wconf 86' lang='lat' dir='ltr'>uxoris</span> <span class='ocrx_word' id='word_1_113' title='bbox 839 1479 963 1556; x_wconf 89' lang='lat' dir='ltr'>nostre,</span> <span class='ocrx_word' id='word_1_114' title='bbox 993 1477 1027 1540; x_wconf 96' lang='lat' dir='ltr'>in</span> <span class='ocrx_word' id='word_1_115' title='bbox 1052 1493 1194 1558; x_wconf 90' lang='lat' dir='ltr'>quorum</span> <span class='ocrx_word' id='word_1_116' title='bbox 1219 1473 1391 1556; x_wconf 88' lang='lat' dir='ltr'>presencia</span> <span class='ocrx_word' id='word_1_117' title='bbox 1415 1472 1526 1537; x_wconf 92' lang='lat' dir='ltr'>omnia</span> <span class='ocrx_word' id='word_1_118' title='bbox 1556 1473 1720 1554; x_wconf 91' lang='lat' dir='ltr'>premissa</span> <span class='ocrx_word' id='word_1_119' title='bbox 1749 1473 1902 1537; x_wconf 91' lang='lat' dir='ltr'>ordinata</span> <span class='ocrx_word' id='word_1_120' title='bbox 1925 1473 2076 1554; x_wconf 88' lang='lat' dir='ltr'>fuerunt,</span> <span class='ocrx_word' id='word_1_121' title='bbox 2105 1473 2242 1539; x_wconf 87' lang='lat' dir='ltr'>lecimus</span> <span class='ocrx_word' id='word_1_122' title='bbox 2272 1475 2407 1558; x_wconf 90' lang='lat' dir='ltr'>apponi.</span> <span class='ocrx_word' id='word_1_123' title='bbox 2450 1478 2557 1540; x_wconf 89' lang='lat' dir='ltr'>Datum</span> 
     </span>
     <span class='ocr_line' id='line_1_11' title="bbox 545 1577 1649 1667; baseline -0.008 -17"><span class='ocrx_word' id='word_1_124' title='bbox 545 1585 761 1667; x_wconf 86' lang='lat' dir='ltr'>Ravensberg</span> <span class='ocrx_word' id='word_1_125' title='bbox 784 1603 872 1648; x_wconf 92' lang='lat' dir='ltr'>anno</span> <span class='ocrx_word' id='word_1_126' title='bbox 897 1581 1028 1647; x_wconf 91' lang='lat' dir='ltr'>Domini</span> <span class='ocrx_word' id='word_1_127' title='bbox 1053 1577 1370 1658; x_wconf 85' lang='lat' dir='ltr'>llt⁰.CC⁰.LXX⁰.V⁰.,</span> <span class='ocrx_word' id='word_1_128' title='bbox 1395 1579 1475 1642; x_wconf 90' lang='lat' dir='ltr'>Idus</span> <span class='ocrx_word' id='word_1_129' title='bbox 1499 1579 1649 1660; x_wconf 78' lang='lat' dir='ltr'>Augusti.</span> 
     </span>
    </p>
   </div>
   <div class='ocr_carea' id='block_1_4' title="bbox 685 1699 2561 1896">
    <p class='ocr_par' dir='ltr' id='par_1_4' title="bbox 685 1699 2561 1896">
     <span class='ocr_line' id='line_1_12' title="bbox 685 1699 2561 1790; baseline -0.001 -21"><span class='ocrx_word' id='word_1_130' title='bbox 685 1706 739 1769; x_wconf 88' lang='lat' dir='ltr'>Or.</span> <span class='ocrx_word' id='word_1_131' title='bbox 763 1710 807 1769; x_wconf 82' lang='lat' dir='ltr'>im</span> <span class='ocrx_word' id='word_1_132' title='bbox 831 1705 902 1790; x_wconf 77' lang='lat' dir='ltr'>Kpl.</span> <span class='ocrx_word' id='word_1_133' title='bbox 931 1703 1036 1769; x_wconf 79' lang='lat' dir='ltr'>sc-A.</span> <span class='ocrx_word' id='word_1_134' title='bbox 1061 1726 1100 1766; x_wconf 82' lang='lat' dir='ltr'>zu</span> <span class='ocrx_word' id='word_1_135' title='bbox 1124 1704 1272 1781; x_wconf 69' lang='lat' dir='ltr'>Murmur,</span> <span class='ocrx_word' id='word_1_136' title='bbox 1297 1701 1509 1766; x_wconf 80' lang='lat' dir='ltr'>Grocerrhorat</span> <span class='ocrx_word' id='word_1_137' title='bbox 1533 1699 1594 1765; x_wconf 87' lang='lat' dir='ltr'>Nr.</span> <span class='ocrx_word' id='word_1_138' title='bbox 1610 1699 1664 1766; x_wconf 79' lang='lat'>23.</span> <span class='ocrx_word' id='word_1_139' title='bbox 1699 1703 1750 1764; x_wconf 86' lang='lat' dir='ltr'>Au</span> <span class='ocrx_word' id='word_1_140' title='bbox 1766 1699 2079 1786; x_wconf 71' lang='lat' dir='ltr'>Pergameuutreifeu</span> <span class='ocrx_word' id='word_1_141' title='bbox 2095 1707 2274 1788; x_wconf 68' lang='lat' dir='ltr'>reprimam</span> <span class='ocrx_word' id='word_1_142' title='bbox 2294 1702 2405 1768; x_wconf 78' lang='lat' dir='ltr'>Woclm</span> <span class='ocrx_word' id='word_1_143' title='bbox 2429 1705 2455 1770; x_wconf 82' lang='lat'>1.</span> <span class='ocrx_word' id='word_1_144' title='bbox 2471 1703 2561 1790; x_wconf 75' lang='lat' dir='ltr'>Siepel</span> 
     </span>
     <span class='ocr_line' id='line_1_13' title="bbox 761 1807 2560 1896; baseline -0.001 -21"><span class='ocrx_word' id='word_1_145' title='bbox 761 1813 814 1876; x_wconf 81' lang='lat' dir='ltr'>dea</span> <span class='ocrx_word' id='word_1_146' title='bbox 841 1810 964 1896; x_wconf 76' lang='lat' dir='ltr'>Graseu</span> <span class='ocrx_word' id='word_1_147' title='bbox 985 1814 1043 1873; x_wconf 82' lang='lat' dir='ltr'>mit</span> <span class='ocrx_word' id='word_1_148' title='bbox 1066 1809 1259 1893; x_wconf 78' lang='lat' dir='ltr'>Rdelreiepcl,</span> <span class='ocrx_word' id='word_1_149' title='bbox 1283 1811 1413 1885; x_wconf 76' lang='lat' dir='ltr'>uerterat,</span> <span class='ocrx_word' id='word_1_150' title='bbox 1448 1807 1479 1872; x_wconf 81' lang='lat'>2,</span> <span class='ocrx_word' id='word_1_151' title='bbox 1507 1807 1718 1892; x_wconf 77' lang='lat' dir='ltr'>beschddr&#39;ptea</span> <span class='ocrx_word' id='word_1_152' title='bbox 1743 1807 1846 1892; x_wconf 66' lang='lat' dir='ltr'>Scapul</span> <span class='ocrx_word' id='word_1_153' title='bbox 1868 1809 1921 1874; x_wconf 81' lang='lat' dir='ltr'>dea</span> <span class='ocrx_word' id='word_1_154' title='bbox 1948 1807 2104 1894; x_wconf 82' lang='lat' dir='ltr'>Propatea,</span> <span class='ocrx_word' id='word_1_155' title='bbox 2135 1809 2167 1874; x_wconf 85' lang='lat'>3.</span> <span class='ocrx_word' id='word_1_156' title='bbox 2189 1812 2335 1889; x_wconf 81' lang='lat' dir='ltr'>cerloreu,</span> <span class='ocrx_word' id='word_1_157' title='bbox 2367 1811 2397 1875; x_wconf 79' lang='grc'>4.</span> <span class='ocrx_word' id='word_1_158' title='bbox 2422 1813 2560 1875; x_wconf 63' lang='lat' dir='ltr'>uertet-*tea</span> 
     </span>
    </p>
   </div>
   <div class='ocr_carea' id='block_1_5' title="bbox 762 1911 2620 2002">
    <p class='ocr_par' dir='ltr' id='par_1_5' title="bbox 762 1911 2620 2002">
     <span class='ocr_line' id='line_1_14' title="bbox 762 1911 2620 2002; baseline 0.001 -23"><span class='ocrx_word' id='word_1_159' title='bbox 762 1917 866 2002; x_wconf 80' lang='lat' dir='ltr'>Siepel</span> <span class='ocrx_word' id='word_1_160' title='bbox 888 1920 941 1982; x_wconf 76' lang='lat' dir='ltr'>cleo</span> <span class='ocrx_word' id='word_1_161' title='bbox 966 1915 1055 1980; x_wconf 82' lang='lat' dir='ltr'>Abteo</span> <span class='ocrx_word' id='word_1_162' title='bbox 1083 1919 1139 1980; x_wconf 78' lang='lat' dir='ltr'>acie</span> <span class='ocrx_word' id='word_1_163' title='bbox 1163 1915 1347 1998; x_wconf 77' lang='lat' dir='ltr'>Abbilduup</span> <span class='ocrx_word' id='word_1_164' title='bbox 1372 1911 1473 1995; x_wconf 84' lang='lat' dir='ltr'>Weatf.</span> <span class='ocrx_word' id='word_1_165' title='bbox 1496 1912 1599 1997; x_wconf 79' lang='lat' dir='ltr'>Sa&#39;epel</span> <span class='ocrx_word' id='word_1_166' title='bbox 1614 1911 1765 1993; x_wconf 70' lang='lat' dir='ltr'>luam,</span> <span class='ocrx_word' id='word_1_167' title='bbox 1788 1911 1859 1992; x_wconf 82' lang='lat' dir='ltr'>Taf.</span> <span class='ocrx_word' id='word_1_168' title='bbox 1880 1915 1941 1977; x_wconf 76' lang='lat'>125</span> <span class='ocrx_word' id='word_1_169' title='bbox 1959 1913 2016 1980; x_wconf 87' lang='lat' dir='ltr'>Nr.</span> <span class='ocrx_word' id='word_1_170' title='bbox 2038 1914 2057 1978; x_wconf 87' lang='lat'><em>7</em></span> <span class='ocrx_word' id='word_1_171' title='bbox 2079 1917 2145 1979; x_wconf 82' lang='lat' dir='ltr'>uud</span> <span class='ocrx_word' id='word_1_172' title='bbox 2155 1915 2350 2002; x_wconf 74' lang='lat' dir='ltr'>Rdckeiegel,</span> <span class='ocrx_word' id='word_1_173' title='bbox 2373 1919 2405 1980; x_wconf 80' lang='lat'>5.</span> <span class='ocrx_word' id='word_1_174' title='bbox 2431 1919 2558 1982; x_wconf 80' lang='lat' dir='ltr'>cerlorvu.</span> <span class='ocrx_word' id='word_1_175' title='bbox 2619 1929 2620 1964; x_wconf 74' lang='lat' dir='ltr'>l</span> 
     </span>
    </p>
   </div>
   <div class='ocr_carea' id='block_1_6' title="bbox 1506 2131 1621 2208">
    <p class='ocr_par' dir='ltr' id='par_1_6' title="bbox 1506 2131 1621 2208">
     <span class='ocr_line' id='line_1_15' title="bbox 1506 2131 1621 2208; baseline -0.017 0"><span class='ocrx_word' id='word_1_176' title='bbox 1506 2131 1621 2208; x_wconf 82' lang='lat'><strong>1057.</strong></span> 
     </span>
    </p>
   </div>
   <div class='ocr_carea' id='block_1_7' title="bbox 545 2256 2561 2562">
    <p class='ocr_par' dir='ltr' id='par_1_7' title="bbox 545 2256 2561 2562">
     <span class='ocr_line' id='line_1_16' title="bbox 545 2256 2561 2350; baseline -0.002 -15"><span class='ocrx_word' id='word_1_177' title='bbox 545 2266 625 2336; x_wconf 82' lang='lat' dir='ltr'>Dus</span> <span class='ocrx_word' id='word_1_178' title='bbox 653 2264 713 2337; x_wconf 86' lang='lat' dir='ltr'>Kl.</span> <span class='ocrx_word' id='word_1_179' title='bbox 745 2261 947 2350; x_wconf 74' lang='lat' dir='ltr'>Quaerulrer&#39;ur</span> <span class='ocrx_word' id='word_1_180' title='bbox 975 2259 1131 2347; x_wconf 72' lang='lat' dir='ltr'>verlrauft</span> <span class='ocrx_word' id='word_1_181' title='bbox 1159 2259 1235 2329; x_wconf 85' lang='lat' dir='ltr'>deru</span> <span class='ocrx_word' id='word_1_182' title='bbox 1262 2256 1317 2328; x_wconf 89' lang='lat' dir='ltr'>Kl.</span> <span class='ocrx_word' id='word_1_183' title='bbox 1350 2257 1476 2328; x_wconf 79' lang='lat' dir='ltr'>Oeserle</span> <span class='ocrx_word' id='word_1_184' title='bbox 1503 2259 1569 2329; x_wconf 86' lang='lat' dir='ltr'>deu</span> <span class='ocrx_word' id='word_1_185' title='bbox 1597 2259 1746 2329; x_wconf 76' lang='lat' dir='ltr'>Zehuleu</span> <span class='ocrx_word' id='word_1_186' title='bbox 1775 2261 1811 2330; x_wconf 83' lang='lat' dir='ltr'>iu</span> <span class='ocrx_word' id='word_1_187' title='bbox 1840 2259 2054 2330; x_wconf 82' lang='lat' dir='ltr'>Holabuuseu</span> <span class='ocrx_word' id='word_1_188' title='bbox 2083 2261 2130 2330; x_wconf 81' lang='lat' dir='ltr'>iru</span> <span class='ocrx_word' id='word_1_189' title='bbox 2159 2260 2358 2350; x_wconf 78' lang='lat' dir='ltr'>Kirclrspiel</span> <span class='ocrx_word' id='word_1_190' title='bbox 2380 2261 2485 2350; x_wconf 82' lang='lat' dir='ltr'>Buer,</span> <span class='ocrx_word' id='word_1_191' title='bbox 2513 2285 2561 2330; x_wconf 84' lang='lat' dir='ltr'>aru</span> 
     </span>
     <span class='ocr_line' id='line_1_17' title="bbox 546 2365 2560 2458; baseline -0.003 -16"><span class='ocrx_word' id='word_1_192' title='bbox 546 2373 608 2442; x_wconf 82' lang='lat' dir='ltr'>uu&#39;l</span> <span class='ocrx_word' id='word_1_193' title='bbox 643 2372 719 2441; x_wconf 80' lang='lat' dir='ltr'>deur</span> <span class='ocrx_word' id='word_1_194' title='bbox 746 2366 940 2458; x_wconf 79' lang='lat' dir='ltr'>Kousprels</span> <span class='ocrx_word' id='word_1_195' title='bbox 972 2367 1038 2437; x_wconf 82' lang='lat' dir='ltr'>deu</span> <span class='ocrx_word' id='word_1_196' title='bbox 1067 2367 1218 2436; x_wconf 77' lang='lat' dir='ltr'>Zabulon</span> <span class='ocrx_word' id='word_1_197' title='bbox 1251 2367 1289 2435; x_wconf 84' lang='lat' dir='ltr'>lu</span> <span class='ocrx_word' id='word_1_198' title='bbox 1327 2365 1577 2454; x_wconf 79' lang='lat' dir='ltr'>Kirclrleuperu</span> <span class='ocrx_word' id='word_1_199' title='bbox 1608 2388 1651 2436; x_wconf 77' lang='lat' dir='ltr'>au</span> <span class='ocrx_word' id='word_1_200' title='bbox 1685 2365 1862 2454; x_wconf 76' lang='lat' dir='ltr'>erruerlreu,</span> <span class='ocrx_word' id='word_1_201' title='bbox 1898 2367 1970 2436; x_wconf 84' lang='lat' dir='ltr'>aud</span> <span class='ocrx_word' id='word_1_202' title='bbox 2003 2365 2212 2456; x_wconf 73' lang='lat' dir='ltr'>uerpfllclrtel</span> <span class='ocrx_word' id='word_1_203' title='bbox 2245 2367 2316 2436; x_wconf 82' lang='lat' dir='ltr'>aielr-</span> <span class='ocrx_word' id='word_1_204' title='bbox 2353 2367 2560 2456; x_wconf 72' lang='lat' dir='ltr'>Wtihrsclrull</span> 
     </span>
     <span class='ocr_line' id='line_1_18' title="bbox 1232 2471 1889 2562; baseline 0.006 -20"><span class='ocrx_word' id='word_1_205' title='bbox 1232 2495 1275 2542; x_wconf 79' lang='lat' dir='ltr'>au</span> <span class='ocrx_word' id='word_1_206' title='bbox 1303 2472 1429 2546; x_wconf 73' lang='lat' dir='ltr'>leucen.</span> <span class='ocrx_word' id='word_1_207' title='bbox 1484 2474 1580 2544; x_wconf 83' lang='lat'><em>1275</em></span> <span class='ocrx_word' id='word_1_208' title='bbox 1608 2472 1802 2562; x_wconf 83' lang='lat' dir='ltr'>September</span> <span class='ocrx_word' id='word_1_209' title='bbox 1830 2471 1889 2546; x_wconf 85' lang='lat'>29.</span> 
     </span>
    </p>
   </div>
   <div class='ocr_carea' id='block_1_8' title="bbox 656 2590 2620 2686">
    <p class='ocr_par' dir='ltr' id='par_1_8' title="bbox 656 2590 2620 2686">
     <span class='ocr_line' id='line_1_19' title="bbox 656 2590 2620 2686; baseline 0 -30"><span class='ocrx_word' id='word_1_210' title='bbox 656 2593 860 2657; x_wconf 88' lang='lat' dir='ltr'>Wernherus</span> <span class='ocrx_word' id='word_1_211' title='bbox 883 2591 1084 2674; x_wconf 82' lang='lat' dir='ltr'>prepositus,</span> <span class='ocrx_word' id='word_1_212' title='bbox 1110 2590 1200 2656; x_wconf 88' lang='lat' dir='ltr'>Gisla</span> <span class='ocrx_word' id='word_1_213' title='bbox 1223 2590 1382 2673; x_wconf 91' lang='lat' dir='ltr'>priorissa</span> <span class='ocrx_word' id='word_1_214' title='bbox 1405 2594 1564 2674; x_wconf 90' lang='lat' dir='ltr'>totusque</span> <span class='ocrx_word' id='word_1_215' title='bbox 1588 2590 1888 2655; x_wconf 85' lang='lat' dir='ltr'>sanctimonialium</span> <span class='ocrx_word' id='word_1_216' title='bbox 1916 2595 2100 2656; x_wconf 87' lang='lat' dir='ltr'>conventus</span> <span class='ocrx_word' id='word_1_217' title='bbox 2123 2592 2315 2657; x_wconf 88' lang='lat' dir='ltr'>monasterii</span> <span class='ocrx_word' id='word_1_218' title='bbox 2340 2595 2452 2656; x_wconf 87' lang='lat' dir='ltr'>sancte</span> <span class='ocrx_word' id='word_1_219' title='bbox 2472 2593 2562 2656; x_wconf 81' lang='lat' dir='ltr'>blane</span> <span class='ocrx_word' id='word_1_220' title='bbox 2619 2607 2620 2686; x_wconf 52' lang='lat'>,</span> 
     </span>
    </p>
   </div>
   <div class='ocr_carea' id='block_1_9' title="bbox 548 2696 2562 2998">
    <p class='ocr_par' dir='ltr' id='par_1_9' title="bbox 548 2696 2562 2998">
     <span class='ocr_line' id='line_1_20' title="bbox 550 2696 2562 2781; baseline -0.004 -13"><span class='ocrx_word' id='word_1_221' title='bbox 550 2704 585 2768; x_wconf 93' lang='lat' dir='ltr'>in</span> <span class='ocrx_word' id='word_1_222' title='bbox 603 2701 796 2779; x_wconf 88' lang='lat' dir='ltr'>Quernhem</span> <span class='ocrx_word' id='word_1_223' title='bbox 813 2697 968 2763; x_wconf 90' lang='lat' dir='ltr'>omnibus</span> <span class='ocrx_word' id='word_1_224' title='bbox 992 2698 1025 2762; x_wconf 94' lang='lat' dir='ltr'>in</span> <span class='ocrx_word' id='word_1_225' title='bbox 1042 2700 1251 2781; x_wconf 89' lang='lat' dir='ltr'>perpetuum.</span> <span class='ocrx_word' id='word_1_226' title='bbox 1287 2696 1412 2761; x_wconf 91' lang='lat' dir='ltr'>Notum</span> <span class='ocrx_word' id='word_1_227' title='bbox 1428 2696 1578 2776; x_wconf 78' lang='lat' dir='ltr'>facimuS,</span> <span class='ocrx_word' id='word_1_228' title='bbox 1603 2697 1691 2778; x_wconf 91' lang='lat' dir='ltr'>quod</span> <span class='ocrx_word' id='word_1_229' title='bbox 1710 2716 1770 2762; x_wconf 93' lang='lat' dir='ltr'>nos</span> <span class='ocrx_word' id='word_1_230' title='bbox 1787 2717 1826 2761; x_wconf 90' lang='lat' dir='ltr'>ex</span> <span class='ocrx_word' id='word_1_231' title='bbox 1844 2698 1993 2762; x_wconf 89' lang='lat' dir='ltr'>unanimi</span> <span class='ocrx_word' id='word_1_232' title='bbox 2011 2717 2175 2762; x_wconf 88' lang='lat' dir='ltr'>consensu</span> <span class='ocrx_word' id='word_1_233' title='bbox 2193 2699 2371 2763; x_wconf 90' lang='lat' dir='ltr'>conventui</span> <span class='ocrx_word' id='word_1_234' title='bbox 2387 2699 2562 2762; x_wconf 86' lang='lat' dir='ltr'>monasterii</span> 
     </span>
     <span class='ocr_line' id='line_1_21' title="bbox 548 2803 2562 2887; baseline -0.002 -14"><span class='ocrx_word' id='word_1_235' title='bbox 548 2808 655 2873; x_wconf 90' lang='lat' dir='ltr'>sancti</span> <span class='ocrx_word' id='word_1_236' title='bbox 678 2805 839 2872; x_wconf 85' lang='lat' dir='ltr'>lobannis</span> <span class='ocrx_word' id='word_1_237' title='bbox 863 2805 1007 2887; x_wconf 87' lang='lat' dir='ltr'>baptiste</span> <span class='ocrx_word' id='word_1_238' title='bbox 1030 2804 1065 2868; x_wconf 95' lang='lat' dir='ltr'>in</span> <span class='ocrx_word' id='word_1_239' title='bbox 1090 2804 1214 2868; x_wconf 91' lang='lat' dir='ltr'>Osethe</span> <span class='ocrx_word' id='word_1_240' title='bbox 1238 2803 1399 2868; x_wconf 90' lang='lat' dir='ltr'>decimam</span> <span class='ocrx_word' id='word_1_241' title='bbox 1424 2806 1570 2868; x_wconf 87' lang='lat' dir='ltr'>nostram</span> <span class='ocrx_word' id='word_1_242' title='bbox 1594 2805 1629 2868; x_wconf 90' lang='lat' dir='ltr'>in</span> <span class='ocrx_word' id='word_1_243' title='bbox 1653 2803 1842 2868; x_wconf 89' lang='lat' dir='ltr'>Holthusen</span> <span class='ocrx_word' id='word_1_244' title='bbox 1871 2804 1904 2867; x_wconf 93' lang='lat' dir='ltr'>in</span> <span class='ocrx_word' id='word_1_245' title='bbox 1928 2805 2104 2886; x_wconf 85' lang='lat' dir='ltr'>parrochia</span> <span class='ocrx_word' id='word_1_246' title='bbox 2127 2805 2215 2868; x_wconf 90' lang='lat' dir='ltr'>Bure</span> <span class='ocrx_word' id='word_1_247' title='bbox 2239 2808 2307 2869; x_wconf 90' lang='lat' dir='ltr'>tam</span> <span class='ocrx_word' id='word_1_248' title='bbox 2332 2805 2562 2887; x_wconf 88' lang='lat' dir='ltr'>manipulorum</span> 
     </span>
     <span class='ocr_line' id='line_1_22' title="bbox 548 2909 2562 2998; baseline -0.002 -19"><span class='ocrx_word' id='word_1_249' title='bbox 548 2934 650 2998; x_wconf 90' lang='lat' dir='ltr'>quam</span> <span class='ocrx_word' id='word_1_250' title='bbox 674 2913 802 2977; x_wconf 91' lang='lat' dir='ltr'>minute</span> <span class='ocrx_word' id='word_1_251' title='bbox 827 2911 953 2976; x_wconf 89' lang='lat' dir='ltr'>decime</span> <span class='ocrx_word' id='word_1_252' title='bbox 978 2930 1055 2975; x_wconf 91' lang='lat' dir='ltr'>cum</span> <span class='ocrx_word' id='word_1_253' title='bbox 1080 2910 1236 2975; x_wconf 91' lang='lat' dir='ltr'>omnibus</span> <span class='ocrx_word' id='word_1_254' title='bbox 1260 2909 1443 2975; x_wconf 91' lang='lat' dir='ltr'>attinentiis</span> <span class='ocrx_word' id='word_1_255' title='bbox 1472 2929 1509 2974; x_wconf 91' lang='lat' dir='ltr'>ac</span> <span class='ocrx_word' id='word_1_256' title='bbox 1541 2910 1747 2993; x_wconf 89' lang='lat' dir='ltr'>proprietate</span> <span class='ocrx_word' id='word_1_257' title='bbox 1772 2910 1853 2990; x_wconf 90' lang='lat' dir='ltr'>eius,</span> <span class='ocrx_word' id='word_1_258' title='bbox 1882 2911 1967 2974; x_wconf 89' lang='lat' dir='ltr'>sicut</span> <span class='ocrx_word' id='word_1_259' title='bbox 1991 2930 2063 2974; x_wconf 87' lang='lat' dir='ltr'>earn</span> <span class='ocrx_word' id='word_1_260' title='bbox 2094 2911 2159 2974; x_wconf 92' lang='lat' dir='ltr'>iam</span> <span class='ocrx_word' id='word_1_261' title='bbox 2184 2911 2311 2975; x_wconf 91' lang='lat' dir='ltr'>dudum</span> <span class='ocrx_word' id='word_1_262' title='bbox 2335 2911 2468 2992; x_wconf 88' lang='lat' dir='ltr'>pacifice</span> <span class='ocrx_word' id='word_1_263' title='bbox 2496 2931 2562 2992; x_wconf 88' lang='lat' dir='ltr'>pos-</span> 
     </span>
    </p>
   </div>
   <div class='ocr_carea' id='block_1_10' title="bbox 547 3016 2563 3100">
    <p class='ocr_par' dir='ltr' id='par_1_10' title="bbox 547 3016 2620 3100">
     <span class='ocr_line' id='line_1_23' title="bbox 547 3016 2563 3100; baseline -0.002 -14"><span class='ocrx_word' id='word_1_264' title='bbox 547 3021 705 3098; x_wconf 80' lang='lat' dir='ltr'>sedimus,</span> <span class='ocrx_word' id='word_1_265' title='bbox 729 3019 941 3083; x_wconf 89' lang='lat' dir='ltr'>vendidimus</span> <span class='ocrx_word' id='word_1_266' title='bbox 970 3036 1032 3100; x_wconf 88' lang='lat' dir='ltr'>pro</span> <span class='ocrx_word' id='word_1_267' title='bbox 1056 3017 1298 3100; x_wconf 83' lang='lat' dir='ltr'>quinquaginta</span> <span class='ocrx_word' id='word_1_268' title='bbox 1328 3016 1447 3080; x_wconf 90' lang='lat' dir='ltr'>marcis</span> <span class='ocrx_word' id='word_1_269' title='bbox 1479 3016 1633 3097; x_wconf 91' lang='lat' dir='ltr'>legalium</span> <span class='ocrx_word' id='word_1_270' title='bbox 1663 3017 1873 3082; x_wconf 89' lang='lat' dir='ltr'>denariorum</span> <span class='ocrx_word' id='word_1_271' title='bbox 1901 3017 2040 3099; x_wconf 87' lang='lat' dir='ltr'>pecunie</span> <span class='ocrx_word' id='word_1_272' title='bbox 2071 3021 2261 3096; x_wconf 89' lang='lat' dir='ltr'>numerate,</span> <span class='ocrx_word' id='word_1_273' title='bbox 2293 3037 2369 3082; x_wconf 90' lang='lat' dir='ltr'>cum</span> <span class='ocrx_word' id='word_1_274' title='bbox 2394 3019 2511 3100; x_wconf 84' lang='lat' dir='ltr'>quibus</span> <span class='ocrx_word' id='word_1_275' title='bbox 2532 3038 2563 3082; x_wconf 90' lang='lat' dir='ltr'>ac</span> 
     </span>
    </p>
   </div>
   <div class='ocr_carea' id='block_1_11' title="bbox 546 3122 2562 3207">
    <p class='ocr_par' dir='ltr' id='par_1_11' title="bbox 546 3122 2562 3207">
     <span class='ocr_line' id='line_1_24' title="bbox 546 3122 2562 3207; baseline -0.002 -16"><span class='ocrx_word' id='word_1_276' title='bbox 546 3127 622 3193; x_wconf 88' lang='lat' dir='ltr'>aliis</span> <span class='ocrx_word' id='word_1_277' title='bbox 646 3125 767 3190; x_wconf 91' lang='lat' dir='ltr'>nostris</span> <span class='ocrx_word' id='word_1_278' title='bbox 793 3123 938 3189; x_wconf 88' lang='lat' dir='ltr'>denariis</span> <span class='ocrx_word' id='word_1_279' title='bbox 962 3123 1228 3205; x_wconf 87' lang='lat' dir='ltr'>comparavimus</span> <span class='ocrx_word' id='word_1_280' title='bbox 1252 3122 1347 3186; x_wconf 88' lang='lat' dir='ltr'>nobis</span> <span class='ocrx_word' id='word_1_281' title='bbox 1371 3122 1565 3205; x_wconf 86' lang='lat' dir='ltr'>integralem</span> <span class='ocrx_word' id='word_1_282' title='bbox 1591 3122 1752 3188; x_wconf 90' lang='lat' dir='ltr'>decimam</span> <span class='ocrx_word' id='word_1_283' title='bbox 1775 3123 1810 3187; x_wconf 92' lang='lat' dir='ltr'>in</span> <span class='ocrx_word' id='word_1_284' title='bbox 1828 3123 2010 3205; x_wconf 89' lang='lat' dir='ltr'>Leningere</span> <span class='ocrx_word' id='word_1_285' title='bbox 2027 3123 2113 3188; x_wconf 93' lang='lat' dir='ltr'>iusto</span> <span class='ocrx_word' id='word_1_286' title='bbox 2129 3125 2236 3202; x_wconf 79' lang='lat' dir='ltr'>tytulo</span> <span class='ocrx_word' id='word_1_287' title='bbox 2253 3125 2440 3207; x_wconf 87' lang='lat' dir='ltr'>emptionis.</span> <span class='ocrx_word' id='word_1_288' title='bbox 2478 3125 2514 3188; x_wconf 85' lang='lat' dir='ltr'>Et</span> <span class='ocrx_word' id='word_1_289' title='bbox 2532 3129 2562 3186; x_wconf 88' lang='lat' dir='ltr'>ut</span> 
     </span>
    </p>
   </div>
   <div class='ocr_carea' id='block_1_12' title="bbox 548 3229 2620 3315">
    <p class='ocr_par' dir='ltr' id='par_1_12' title="bbox 548 3229 2620 3315">
     <span class='ocr_line' id='line_1_25' title="bbox 548 3229 2620 3315; baseline -0.001 -18"><span class='ocrx_word' id='word_1_290' title='bbox 548 3234 640 3298; x_wconf 90' lang='lat' dir='ltr'>dicto</span> <span class='ocrx_word' id='word_1_291' title='bbox 664 3232 843 3296; x_wconf 89' lang='lat' dir='ltr'>conventui</span> <span class='ocrx_word' id='word_1_292' title='bbox 866 3231 998 3314; x_wconf 90' lang='lat' dir='ltr'>plenius</span> <span class='ocrx_word' id='word_1_293' title='bbox 1022 3232 1178 3295; x_wconf 87' lang='lat' dir='ltr'>caveatur</span> <span class='ocrx_word' id='word_1_294' title='bbox 1202 3230 1243 3293; x_wconf 91' lang='lat' dir='ltr'>de</span> <span class='ocrx_word' id='word_1_295' title='bbox 1267 3229 1418 3312; x_wconf 88' lang='lat' dir='ltr'>predicta</span> <span class='ocrx_word' id='word_1_296' title='bbox 1442 3229 1581 3308; x_wconf 89' lang='lat' dir='ltr'>decima,</span> <span class='ocrx_word' id='word_1_297' title='bbox 1605 3229 1788 3312; x_wconf 89' lang='lat' dir='ltr'>plenariam</span> <span class='ocrx_word' id='word_1_298' title='bbox 1811 3233 1926 3295; x_wconf 88' lang='lat' dir='ltr'>noster</span> <span class='ocrx_word' id='word_1_299' title='bbox 1950 3233 2133 3296; x_wconf 88' lang='lat' dir='ltr'>conventus</span> <span class='ocrx_word' id='word_1_300' title='bbox 2157 3229 2222 3313; x_wconf 88' lang='lat' dir='ltr'>ipsi</span> <span class='ocrx_word' id='word_1_301' title='bbox 2238 3231 2401 3312; x_wconf 91' lang='lat' dir='ltr'>prestabit</span> <span class='ocrx_word' id='word_1_302' title='bbox 2417 3235 2564 3315; x_wconf 86' lang='lat' dir='ltr'>perpetuo</span> <span class='ocrx_word' id='word_1_303' title='bbox 2619 3245 2620 3248; x_wconf 73' lang='grc'>’</span> 
     </span>
    </p>
   </div>
   <div class='ocr_carea' id='block_1_13' title="bbox 549 3334 2564 3420">
    <p class='ocr_par' dir='ltr' id='par_1_13' title="bbox 549 3334 2564 3420">
     <span class='ocr_line' id='line_1_26' title="bbox 549 3334 2564 3420; baseline -0.002 -16"><span class='ocrx_word' id='word_1_304' title='bbox 549 3339 763 3418; x_wconf 87' lang='lat' dir='ltr'>warandiam,</span> <span class='ocrx_word' id='word_1_305' title='bbox 788 3341 820 3402; x_wconf 92' lang='lat' dir='ltr'>et</span> <span class='ocrx_word' id='word_1_306' title='bbox 844 3341 1007 3420; x_wconf 88' lang='lat' dir='ltr'>quantum</span> <span class='ocrx_word' id='word_1_307' title='bbox 1024 3336 1204 3401; x_wconf 90' lang='lat' dir='ltr'>addictam</span> <span class='ocrx_word' id='word_1_308' title='bbox 1221 3336 1425 3400; x_wconf 89' lang='lat' dir='ltr'>warandiam</span> <span class='ocrx_word' id='word_1_309' title='bbox 1442 3334 1585 3418; x_wconf 81' lang='lat' dir='ltr'>pertinet</span> <span class='ocrx_word' id='word_1_310' title='bbox 1602 3336 1711 3417; x_wconf 90' lang='lat' dir='ltr'>ipsum</span> <span class='ocrx_word' id='word_1_311' title='bbox 1729 3339 1928 3401; x_wconf 88' lang='lat' dir='ltr'>conventum</span> <span class='ocrx_word' id='word_1_312' title='bbox 1945 3336 1979 3400; x_wconf 94' lang='lat' dir='ltr'>in</span> <span class='ocrx_word' id='word_1_313' title='bbox 1996 3337 2123 3402; x_wconf 90' lang='lat' dir='ltr'>Osethe</span> <span class='ocrx_word' id='word_1_314' title='bbox 2140 3336 2410 3401; x_wconf 87' lang='lat' dir='ltr'>conservabimus</span> <span class='ocrx_word' id='word_1_315' title='bbox 2426 3339 2564 3418; x_wconf 88' lang='lat' dir='ltr'>indemp-</span> 
     </span>
    </p>
   </div>
   <div class='ocr_carea' id='block_1_14' title="bbox 551 3441 2620 3527">
    <p class='ocr_par' dir='ltr' id='par_1_14' title="bbox 551 3441 2620 3527">
     <span class='ocr_line' id='line_1_27' title="bbox 551 3441 2620 3527; baseline -0.002 -17"><span class='ocrx_word' id='word_1_316' title='bbox 551 3467 640 3527; x_wconf 89' lang='lat' dir='ltr'>nem,</span> <span class='ocrx_word' id='word_1_317' title='bbox 665 3447 706 3510; x_wconf 91' lang='lat' dir='ltr'>ad</span> <span class='ocrx_word' id='word_1_318' title='bbox 731 3446 821 3526; x_wconf 90' lang='lat' dir='ltr'>quod</span> <span class='ocrx_word' id='word_1_319' title='bbox 844 3463 906 3507; x_wconf 93' lang='lat' dir='ltr'>nos</span> <span class='ocrx_word' id='word_1_320' title='bbox 930 3443 1143 3527; x_wconf 87' lang='lat' dir='ltr'>presentibus</span> <span class='ocrx_word' id='word_1_321' title='bbox 1166 3442 1362 3524; x_wconf 90' lang='lat' dir='ltr'>obligamus.</span> <span class='ocrx_word' id='word_1_322' title='bbox 1409 3441 1557 3506; x_wconf 82' lang='lat' dir='ltr'>Eandem</span> <span class='ocrx_word' id='word_1_323' title='bbox 1581 3462 1659 3507; x_wconf 91' lang='lat' dir='ltr'>vero</span> <span class='ocrx_word' id='word_1_324' title='bbox 1688 3443 1851 3506; x_wconf 90' lang='lat' dir='ltr'>decimam</span> <span class='ocrx_word' id='word_1_325' title='bbox 1884 3463 1958 3507; x_wconf 90' lang='lat' dir='ltr'>cum</span> <span class='ocrx_word' id='word_1_326' title='bbox 1987 3443 2077 3508; x_wconf 92' lang='lat' dir='ltr'>omni</span> <span class='ocrx_word' id='word_1_327' title='bbox 2099 3443 2289 3525; x_wconf 88' lang='lat' dir='ltr'>integritate</span> <span class='ocrx_word' id='word_1_328' title='bbox 2314 3463 2353 3506; x_wconf 93' lang='lat' dir='ltr'>ac</span> <span class='ocrx_word' id='word_1_329' title='bbox 2376 3445 2564 3527; x_wconf 88' lang='lat' dir='ltr'>proprietate</span> <span class='ocrx_word' id='word_1_330' title='bbox 2619 3507 2620 3516; x_wconf 63' lang='grc'>,</span> 
     </span>
    </p>
   </div>
   <div class='ocr_carea' id='block_1_15' title="bbox 549 3548 2620 3845">
    <p class='ocr_par' dir='ltr' id='par_1_15' title="bbox 549 3548 2620 3845">
     <span class='ocr_line' id='line_1_28' title="bbox 552 3548 2620 3635; baseline -0.003 -19"><span class='ocrx_word' id='word_1_331' title='bbox 552 3573 613 3618; x_wconf 86' lang='lat' dir='ltr'>sua</span> <span class='ocrx_word' id='word_1_332' title='bbox 636 3572 748 3616; x_wconf 91' lang='lat' dir='ltr'>coram</span> <span class='ocrx_word' id='word_1_333' title='bbox 771 3551 924 3635; x_wconf 86' lang='lat' dir='ltr'>pluribus</span> <span class='ocrx_word' id='word_1_334' title='bbox 948 3551 1106 3633; x_wconf 89' lang='lat' dir='ltr'>pnpblice</span> <span class='ocrx_word' id='word_1_335' title='bbox 1129 3549 1368 3631; x_wconf 88' lang='lat' dir='ltr'>resignavimus</span> <span class='ocrx_word' id='word_1_336' title='bbox 1392 3551 1424 3612; x_wconf 92' lang='lat' dir='ltr'>et</span> <span class='ocrx_word' id='word_1_337' title='bbox 1448 3548 1659 3631; x_wconf 88' lang='lat' dir='ltr'>presentibus</span> <span class='ocrx_word' id='word_1_338' title='bbox 1683 3549 1889 3631; x_wconf 89' lang='lat' dir='ltr'>resignamus</span> <span class='ocrx_word' id='word_1_339' title='bbox 1913 3549 2014 3614; x_wconf 87' lang='lat' dir='ltr'>nichil</span> <span class='ocrx_word' id='word_1_340' title='bbox 2038 3549 2119 3614; x_wconf 91' lang='lat' dir='ltr'>iuris</span> <span class='ocrx_word' id='word_1_341' title='bbox 2143 3549 2322 3614; x_wconf 90' lang='lat' dir='ltr'>conventui</span> <span class='ocrx_word' id='word_1_342' title='bbox 2346 3553 2460 3613; x_wconf 88' lang='lat' dir='ltr'>nostro</span> <span class='ocrx_word' id='word_1_343' title='bbox 2481 3551 2513 3614; x_wconf 92' lang='lat' dir='ltr'>in</span> <span class='ocrx_word' id='word_1_344' title='bbox 2534 3569 2566 3612; x_wconf 88' lang='lat' dir='ltr'>ea</span> <span class='ocrx_word' id='word_1_345' title='bbox 2619 3551 2620 3632; x_wconf 61' lang='lat' dir='ltr'>l</span> 
     </span>
     <span class='ocr_line' id='line_1_29' title="bbox 549 3655 2565 3744; baseline -0.001 -21"><span class='ocrx_word' id='word_1_346' title='bbox 549 3659 687 3744; x_wconf 91' lang='lat' dir='ltr'>penitus</span> <span class='ocrx_word' id='word_1_347' title='bbox 710 3661 928 3722; x_wconf 87' lang='lat' dir='ltr'>reservantes.</span> <span class='ocrx_word' id='word_1_348' title='bbox 976 3657 1018 3720; x_wconf 89' lang='lat' dir='ltr'>Et</span> <span class='ocrx_word' id='word_1_349' title='bbox 1042 3659 1079 3721; x_wconf 89' lang='lat' dir='ltr'>ut</span> <span class='ocrx_word' id='word_1_350' title='bbox 1102 3657 1212 3720; x_wconf 91' lang='lat' dir='ltr'>omnia</span> <span class='ocrx_word' id='word_1_351' title='bbox 1236 3655 1427 3738; x_wconf 88' lang='lat' dir='ltr'>supradicta</span> <span class='ocrx_word' id='word_1_352' title='bbox 1455 3659 1528 3720; x_wconf 89' lang='lat' dir='ltr'>rata</span> <span class='ocrx_word' id='word_1_353' title='bbox 1551 3659 1585 3718; x_wconf 92' lang='lat' dir='ltr'>et</span> <span class='ocrx_word' id='word_1_354' title='bbox 1609 3655 1796 3720; x_wconf 90' lang='lat' dir='ltr'>indubitata</span> <span class='ocrx_word' id='word_1_355' title='bbox 1826 3660 2055 3739; x_wconf 88' lang='lat' dir='ltr'>permaneant,</span> <span class='ocrx_word' id='word_1_356' title='bbox 2085 3659 2277 3740; x_wconf 89' lang='lat' dir='ltr'>presentem</span> <span class='ocrx_word' id='word_1_357' title='bbox 2305 3656 2449 3721; x_wconf 89' lang='lat' dir='ltr'>litteram</span> <span class='ocrx_word' id='word_1_358' title='bbox 2472 3656 2565 3737; x_wconf 88' lang='lat' dir='ltr'>sigillo</span> 
     </span>
     <span class='ocr_line' id='line_1_30' title="bbox 550 3759 2620 3845; baseline -0.003 -16"><span class='ocrx_word' id='word_1_359' title='bbox 550 3768 735 3830; x_wconf 90' lang='lat' dir='ltr'>conventus</span> <span class='ocrx_word' id='word_1_360' title='bbox 764 3764 868 3830; x_wconf 89' lang='lat' dir='ltr'>nostri</span> <span class='ocrx_word' id='word_1_361' title='bbox 904 3764 1133 3845; x_wconf 86' lang='lat' dir='ltr'>consignatam</span> <span class='ocrx_word' id='word_1_362' title='bbox 1169 3762 1321 3827; x_wconf 90' lang='lat' dir='ltr'>dedimus</span> <span class='ocrx_word' id='word_1_363' title='bbox 1356 3762 1390 3824; x_wconf 94' lang='lat' dir='ltr'>in</span> <span class='ocrx_word' id='word_1_364' title='bbox 1424 3762 1652 3825; x_wconf 90' lang='lat' dir='ltr'>testimonium</span> <span class='ocrx_word' id='word_1_365' title='bbox 1683 3763 1932 3844; x_wconf 89' lang='lat' dir='ltr'>premissorum.</span> <span class='ocrx_word' id='word_1_366' title='bbox 1978 3764 2101 3828; x_wconf 88' lang='lat' dir='ltr'>Actum</span> <span class='ocrx_word' id='word_1_367' title='bbox 2128 3765 2162 3826; x_wconf 90' lang='lat' dir='ltr'>et</span> <span class='ocrx_word' id='word_1_368' title='bbox 2190 3763 2305 3828; x_wconf 92' lang='lat' dir='ltr'>datum</span> <span class='ocrx_word' id='word_1_369' title='bbox 2335 3782 2424 3827; x_wconf 89' lang='lat' dir='ltr'>anno</span> <span class='ocrx_word' id='word_1_370' title='bbox 2448 3762 2564 3827; x_wconf 91' lang='lat' dir='ltr'>Domini</span> <span class='ocrx_word' id='word_1_371' title='bbox 2619 3759 2620 3838; x_wconf 82' lang='lat' dir='ltr'>l</span> 
     </span>
    </p>
   </div>
   <div class='ocr_carea' id='block_1_16' title="bbox 550 3867 2567 4271">
    <p class='ocr_par' dir='ltr' id='par_1_16' title="bbox 550 3867 2567 4271">
     <span class='ocr_line' id='line_1_31' title="bbox 552 3867 2565 3952; baseline -0.003 -16"><span class='ocrx_word' id='word_1_372' title='bbox 552 3870 834 3950; x_wconf 86' lang='lat' dir='ltr'>M⁰.CC⁰.LXXV⁰,</span> <span class='ocrx_word' id='word_1_373' title='bbox 858 3870 892 3934; x_wconf 93' lang='lat' dir='ltr'>in</span> <span class='ocrx_word' id='word_1_374' title='bbox 918 3869 970 3934; x_wconf 93' lang='lat' dir='ltr'>die</span> <span class='ocrx_word' id='word_1_375' title='bbox 998 3869 1089 3934; x_wconf 90' lang='lat' dir='ltr'>beati</span> <span class='ocrx_word' id='word_1_376' title='bbox 1106 3869 1301 3934; x_wconf 89' lang='lat' dir='ltr'>Michahelis</span> <span class='ocrx_word' id='word_1_377' title='bbox 1326 3867 1525 3950; x_wconf 89' lang='lat' dir='ltr'>archangeli,</span> <span class='ocrx_word' id='word_1_378' title='bbox 1550 3867 1765 3950; x_wconf 87' lang='lat' dir='ltr'>presentibus</span> <span class='ocrx_word' id='word_1_379' title='bbox 1788 3868 1923 3934; x_wconf 92' lang='lat' dir='ltr'>Nicolao</span> <span class='ocrx_word' id='word_1_380' title='bbox 1952 3869 2123 3952; x_wconf 91' lang='lat' dir='ltr'>quondam</span> <span class='ocrx_word' id='word_1_381' title='bbox 2145 3872 2261 3932; x_wconf 89' lang='lat' dir='ltr'>nostro</span> <span class='ocrx_word' id='word_1_382' title='bbox 2285 3869 2414 3952; x_wconf 86' lang='lat' dir='ltr'>priore,</span> <span class='ocrx_word' id='word_1_383' title='bbox 2440 3868 2565 3934; x_wconf 89' lang='lat' dir='ltr'>Ludollo</span> 
     </span>
     <span class='ocr_line' id='line_1_32' title="bbox 550 3974 2567 4062; baseline -0.003 -20"><span class='ocrx_word' id='word_1_384' title='bbox 550 3981 713 4062; x_wconf 90' lang='lat' dir='ltr'>perpetuo</span> <span class='ocrx_word' id='word_1_385' title='bbox 743 3977 939 4061; x_wconf 90' lang='lat' dir='ltr'>cappellano</span> <span class='ocrx_word' id='word_1_386' title='bbox 968 3980 1093 4053; x_wconf 87' lang='lat' dir='ltr'>nostru,</span> <span class='ocrx_word' id='word_1_387' title='bbox 1126 3975 1287 4040; x_wconf 90' lang='lat' dir='ltr'>Lutberto</span> <span class='ocrx_word' id='word_1_388' title='bbox 1323 3975 1495 4038; x_wconf 92' lang='lat' dir='ltr'>sacerdote</span> <span class='ocrx_word' id='word_1_389' title='bbox 1532 3974 1618 4038; x_wconf 87' lang='lat' dir='ltr'>dicto</span> <span class='ocrx_word' id='word_1_390' title='bbox 1653 3975 1694 4038; x_wconf 91' lang='lat' dir='ltr'>de</span> <span class='ocrx_word' id='word_1_391' title='bbox 1719 3975 1910 4058; x_wconf 89' lang='lat' dir='ltr'>lltettingen,</span> <span class='ocrx_word' id='word_1_392' title='bbox 1949 3976 2123 4040; x_wconf 87' lang='lat' dir='ltr'>Lodewico</span> <span class='ocrx_word' id='word_1_393' title='bbox 2148 3975 2277 4056; x_wconf 77' lang='lat' dir='ltr'>Halren,</span> <span class='ocrx_word' id='word_1_394' title='bbox 2318 3976 2508 4041; x_wconf 90' lang='lat' dir='ltr'>Hermanno</span> <span class='ocrx_word' id='word_1_395' title='bbox 2533 3975 2567 4037; x_wconf 91' lang='lat' dir='ltr'>de</span> 
     </span>
     <span class='ocr_line' id='line_1_33' title="bbox 551 4080 2567 4165; baseline -0.002 -16"><span class='ocrx_word' id='word_1_396' title='bbox 551 4086 721 4165; x_wconf 89' lang='lat' dir='ltr'>Hustede,</span> <span class='ocrx_word' id='word_1_397' title='bbox 762 4085 909 4149; x_wconf 87' lang='lat' dir='ltr'>Svedero</span> <span class='ocrx_word' id='word_1_398' title='bbox 933 4084 974 4148; x_wconf 91' lang='lat' dir='ltr'>de</span> <span class='ocrx_word' id='word_1_399' title='bbox 998 4083 1173 4162; x_wconf 88' lang='lat' dir='ltr'>Sledesen,</span> <span class='ocrx_word' id='word_1_400' title='bbox 1213 4082 1405 4146; x_wconf 88' lang='lat' dir='ltr'>Hermanno</span> <span class='ocrx_word' id='word_1_401' title='bbox 1435 4081 1476 4144; x_wconf 91' lang='lat' dir='ltr'>de</span> <span class='ocrx_word' id='word_1_402' title='bbox 1502 4080 1616 4145; x_wconf 88' lang='lat' dir='ltr'>Haren</span> <span class='ocrx_word' id='word_1_403' title='bbox 1644 4080 1820 4162; x_wconf 89' lang='lat' dir='ltr'>militibus;</span> <span class='ocrx_word' id='word_1_404' title='bbox 1859 4081 2014 4147; x_wconf 88' lang='lat' dir='ltr'>Bernone</span> <span class='ocrx_word' id='word_1_405' title='bbox 2044 4083 2085 4146; x_wconf 91' lang='lat' dir='ltr'>de</span> <span class='ocrx_word' id='word_1_406' title='bbox 2109 4081 2286 4164; x_wconf 89' lang='lat' dir='ltr'>Holceten,</span> <span class='ocrx_word' id='word_1_407' title='bbox 2326 4083 2513 4148; x_wconf 89' lang='lat' dir='ltr'>Brunsteno</span> <span class='ocrx_word' id='word_1_408' title='bbox 2533 4082 2567 4145; x_wconf 90' lang='lat' dir='ltr'>de</span> 
     </span>
     <span class='ocr_line' id='line_1_34' title="bbox 550 4187 2052 4271; baseline -0.001 -16"><span class='ocrx_word' id='word_1_409' title='bbox 550 4191 817 4270; x_wconf 78' lang='lat' dir='ltr'>Overenkerlren,</span> <span class='ocrx_word' id='word_1_410' title='bbox 843 4190 980 4254; x_wconf 91' lang='lat' dir='ltr'>Hinrico</span> <span class='ocrx_word' id='word_1_411' title='bbox 1004 4190 1046 4253; x_wconf 90' lang='lat' dir='ltr'>de</span> <span class='ocrx_word' id='word_1_412' title='bbox 1072 4189 1243 4253; x_wconf 90' lang='lat' dir='ltr'>Hembeke</span> <span class='ocrx_word' id='word_1_413' title='bbox 1267 4190 1300 4252; x_wconf 91' lang='lat' dir='ltr'>et</span> <span class='ocrx_word' id='word_1_414' title='bbox 1324 4187 1397 4252; x_wconf 89' lang='lat' dir='ltr'>aliis</span> <span class='ocrx_word' id='word_1_415' title='bbox 1421 4187 1573 4269; x_wconf 88' lang='lat' dir='ltr'>pluribus</span> <span class='ocrx_word' id='word_1_416' title='bbox 1597 4187 1710 4271; x_wconf 89' lang='lat' dir='ltr'>probis</span> <span class='ocrx_word' id='word_1_417' title='bbox 1734 4189 1812 4252; x_wconf 89' lang='lat' dir='ltr'>viris</span> <span class='ocrx_word' id='word_1_418' title='bbox 1835 4191 1868 4253; x_wconf 89' lang='lat' dir='ltr'>et</span> <span class='ocrx_word' id='word_1_419' title='bbox 1892 4189 2052 4254; x_wconf 77' lang='lat' dir='ltr'>honestis</span> 
     </span>
    </p>
   </div>
   <div class='ocr_carea' id='block_1_17' title="bbox 685 4309 2199 4399">
    <p class='ocr_par' dir='ltr' id='par_1_17' title="bbox 685 4309 2199 4399">
     <span class='ocr_line' id='line_1_35' title="bbox 685 4309 2199 4399; baseline 0.001 -23"><span class='ocrx_word' id='word_1_420' title='bbox 685 4313 739 4379; x_wconf 84' lang='lat' dir='ltr'>Or.</span> <span class='ocrx_word' id='word_1_421' title='bbox 764 4318 808 4377; x_wconf 84' lang='lat' dir='ltr'>a&#39;ru</span> <span class='ocrx_word' id='word_1_422' title='bbox 831 4312 903 4399; x_wconf 74' lang='lat' dir='ltr'>Kpl.</span> <span class='ocrx_word' id='word_1_423' title='bbox 931 4311 1036 4376; x_wconf 78' lang='lat' dir='ltr'>Se-A.</span> <span class='ocrx_word' id='word_1_424' title='bbox 1060 4335 1099 4376; x_wconf 84' lang='lat' dir='ltr'>zu</span> <span class='ocrx_word' id='word_1_425' title='bbox 1123 4309 1319 4388; x_wconf 78' lang='lat' dir='ltr'>Osnabrrlek,</span> <span class='ocrx_word' id='word_1_426' title='bbox 1345 4310 1398 4374; x_wconf 76' lang='grc' dir='ltr'>ΚΖ.</span> <span class='ocrx_word' id='word_1_427' title='bbox 1427 4309 1547 4376; x_wconf 78' lang='lat' dir='ltr'>(lacede.</span> <span class='ocrx_word' id='word_1_428' title='bbox 1598 4311 1700 4396; x_wconf 72' lang='lat' dir='ltr'>Stepel</span> <span class='ocrx_word' id='word_1_429' title='bbox 1721 4333 1787 4375; x_wconf 84' lang='lat' dir='ltr'>eoru</span> <span class='ocrx_word' id='word_1_430' title='bbox 1813 4311 2126 4398; x_wconf 73' lang='lat' dir='ltr'>Pergameutatreiseu</span> <span class='ocrx_word' id='word_1_431' title='bbox 2150 4313 2199 4377; x_wconf 88' lang='lat' dir='ltr'>ab.</span> 
     </span>
    </p>
   </div>
   <div class='ocr_carea' id='block_1_18' title="bbox 1513 4527 1630 4604">
    <p class='ocr_par' dir='ltr' id='par_1_18' title="bbox 1513 4527 1630 4604">
     <span class='ocr_line' id='line_1_36' title="bbox 1513 4527 1630 4604; baseline 0.017 -2"><span class='ocrx_word' id='word_1_432' title='bbox 1513 4527 1630 4604; x_wconf 87' lang='lat'><strong>1058.</strong></span> 
     </span>
    </p>
   </div>
   <div class='ocr_carea' id='block_1_19' title="bbox 551 4651 2567 4851">
    <p class='ocr_par' dir='ltr' id='par_1_19' title="bbox 551 4651 2567 4851">
     <span class='ocr_line' id='line_1_37' title="bbox 551 4651 2567 4743; baseline -0.003 -17"><span class='ocrx_word' id='word_1_433' title='bbox 551 4653 695 4743; x_wconf 75' lang='lat' dir='ltr'>Biselof</span> <span class='ocrx_word' id='word_1_434' title='bbox 716 4653 859 4726; x_wconf 84' lang='lat' dir='ltr'>Kouruol</span> <span class='ocrx_word' id='word_1_435' title='bbox 886 4677 950 4726; x_wconf 82' lang='lat' dir='ltr'>rou</span> <span class='ocrx_word' id='word_1_436' title='bbox 981 4654 1180 4726; x_wconf 81' lang='lat' dir='ltr'>Osuubrllelr</span> <span class='ocrx_word' id='word_1_437' title='bbox 1207 4653 1380 4742; x_wconf 77' lang='lat' dir='ltr'>belruudel,</span> <span class='ocrx_word' id='word_1_438' title='bbox 1409 4654 1492 4725; x_wconf 82' lang='lat' dir='ltr'>dosa</span> <span class='ocrx_word' id='word_1_439' title='bbox 1519 4655 1701 4725; x_wconf 85' lang='lat' dir='ltr'>Herurouu</span> <span class='ocrx_word' id='word_1_440' title='bbox 1728 4677 1793 4725; x_wconf 83' lang='lat' dir='ltr'>rou</span> <span class='ocrx_word' id='word_1_441' title='bbox 1822 4655 1967 4725; x_wconf 86' lang='lat' dir='ltr'>Hooreu</span> <span class='ocrx_word' id='word_1_442' title='bbox 1999 4656 2061 4725; x_wconf 79' lang='lat' dir='ltr'>rull</span> <span class='ocrx_word' id='word_1_443' title='bbox 2090 4655 2190 4725; x_wconf 87' lang='lat' dir='ltr'>Frou</span> <span class='ocrx_word' id='word_1_444' title='bbox 2217 4654 2290 4726; x_wconf 85' lang='lat' dir='ltr'>uud</span> <span class='ocrx_word' id='word_1_445' title='bbox 2317 4651 2478 4726; x_wconf 79' lang='lat' dir='ltr'>Ktuderu</span> <span class='ocrx_word' id='word_1_446' title='bbox 2504 4654 2567 4724; x_wconf 77' lang='lat' dir='ltr'>den</span> 
     </span>
     <span class='ocr_line' id='line_1_38' title="bbox 785 4759 2354 4851; baseline 0.005 -20"><span class='ocrx_word' id='word_1_447' title='bbox 785 4759 839 4832; x_wconf 87' lang='lat' dir='ltr'>Kl.</span> <span class='ocrx_word' id='word_1_448' title='bbox 869 4761 1072 4850; x_wconf 73' lang='lat' dir='ltr'>Querebatur</span> <span class='ocrx_word' id='word_1_449' title='bbox 1099 4761 1165 4831; x_wconf 86' lang='lat' dir='ltr'>deu</span> <span class='ocrx_word' id='word_1_450' title='bbox 1192 4760 1342 4832; x_wconf 79' lang='lat' dir='ltr'>Zelruteu</span> <span class='ocrx_word' id='word_1_451' title='bbox 1370 4763 1408 4832; x_wconf 81' lang='lat' dir='ltr'>iu</span> <span class='ocrx_word' id='word_1_452' title='bbox 1436 4761 1689 4851; x_wconf 74' lang='lat' dir='ltr'>Kirclrleugeru</span> <span class='ocrx_word' id='word_1_453' title='bbox 1717 4761 1876 4849; x_wconf 80' lang='lat' dir='ltr'>verkoufl</span> <span class='ocrx_word' id='word_1_454' title='bbox 1902 4761 1968 4833; x_wconf 85' lang='lat' dir='ltr'>hot.</span> <span class='ocrx_word' id='word_1_455' title='bbox 2026 4759 2127 4831; x_wconf 79' lang='lat'><em>1275</em></span> <span class='ocrx_word' id='word_1_456' title='bbox 2158 4760 2298 4832; x_wconf 77' lang='lat' dir='ltr'>Olrtolrcr</span> <span class='ocrx_word' id='word_1_457' title='bbox 2325 4767 2354 4838; x_wconf 87' lang='lat'>1.</span> 
     </span>
    </p>
   </div>
   <div class='ocr_carea' id='block_1_20' title="bbox 551 4879 2568 5498">
    <p class='ocr_par' dir='ltr' id='par_1_20' title="bbox 551 4879 2568 5498">
     <span class='ocr_line' id='line_1_39' title="bbox 659 4879 2568 4964; baseline -0.003 -19"><span class='ocrx_word' id='word_1_458' title='bbox 659 4881 832 4946; x_wconf 92' lang='lat' dir='ltr'>Conradus</span> <span class='ocrx_word' id='word_1_459' title='bbox 856 4879 917 4946; x_wconf 91' lang='lat' dir='ltr'>Dei</span> <span class='ocrx_word' id='word_1_460' title='bbox 940 4880 1044 4963; x_wconf 89' lang='lat' dir='ltr'>gratia</span> <span class='ocrx_word' id='word_1_461' title='bbox 1068 4879 1334 4961; x_wconf 89' lang='lat' dir='ltr'>Osnaburgensis</span> <span class='ocrx_word' id='word_1_462' title='bbox 1358 4879 1495 4944; x_wconf 89' lang='lat' dir='ltr'>ecclesie</span> <span class='ocrx_word' id='word_1_463' title='bbox 1519 4880 1696 4964; x_wconf 90' lang='lat' dir='ltr'>episcopus</span> <span class='ocrx_word' id='word_1_464' title='bbox 1720 4880 1883 4944; x_wconf 90' lang='lat' dir='ltr'>universis</span> <span class='ocrx_word' id='word_1_465' title='bbox 1907 4881 1970 4944; x_wconf 90' lang='lat' dir='ltr'>hoc</span> <span class='ocrx_word' id='word_1_466' title='bbox 1994 4879 2156 4961; x_wconf 89' lang='lat' dir='ltr'>scriptum</span> <span class='ocrx_word' id='word_1_467' title='bbox 2179 4880 2300 4944; x_wconf 90' lang='lat' dir='ltr'>visuris</span> <span class='ocrx_word' id='word_1_468' title='bbox 2324 4881 2358 4943; x_wconf 93' lang='lat' dir='ltr'>in</span> <span class='ocrx_word' id='word_1_469' title='bbox 2383 4881 2568 4962; x_wconf 86' lang='lat' dir='ltr'>perpetuum</span> 
     </span>
     <span class='ocr_line' id='line_1_40' title="bbox 552 4983 2568 5070; baseline -0.002 -19"><span class='ocrx_word' id='word_1_470' title='bbox 552 4987 695 5052; x_wconf 90' lang='lat' dir='ltr'>salutem</span> <span class='ocrx_word' id='word_1_471' title='bbox 719 4986 753 5051; x_wconf 94' lang='lat' dir='ltr'>in</span> <span class='ocrx_word' id='word_1_472' title='bbox 778 5008 829 5068; x_wconf 89' lang='lat' dir='ltr'>e0,</span> <span class='ocrx_word' id='word_1_473' title='bbox 854 4989 912 5070; x_wconf 91' lang='lat' dir='ltr'>qui</span> <span class='ocrx_word' id='word_1_474' title='bbox 935 4989 986 5052; x_wconf 89' lang='lat' dir='ltr'>est</span> <span class='ocrx_word' id='word_1_475' title='bbox 1009 4987 1158 5052; x_wconf 92' lang='lat' dir='ltr'>omnium</span> <span class='ocrx_word' id='word_1_476' title='bbox 1181 5007 1259 5051; x_wconf 91' lang='lat' dir='ltr'>vera</span> <span class='ocrx_word' id='word_1_477' title='bbox 1283 4987 1382 5052; x_wconf 91' lang='lat' dir='ltr'>salus.</span> <span class='ocrx_word' id='word_1_478' title='bbox 1430 4987 1594 5064; x_wconf 90' lang='lat' dir='ltr'>Quoniam</span> <span class='ocrx_word' id='word_1_479' title='bbox 1620 4986 1662 5050; x_wconf 93' lang='lat' dir='ltr'>ab</span> <span class='ocrx_word' id='word_1_480' title='bbox 1686 4987 1822 5051; x_wconf 88' lang='lat' dir='ltr'>interitu</span> <span class='ocrx_word' id='word_1_481' title='bbox 1853 4985 2043 5052; x_wconf 91' lang='lat' dir='ltr'>mortalium</span> <span class='ocrx_word' id='word_1_482' title='bbox 2058 4987 2133 5050; x_wconf 77' lang='lat' dir='ltr'>vive</span> <span class='ocrx_word' id='word_1_483' title='bbox 2157 4987 2247 5050; x_wconf 89' lang='lat' dir='ltr'>vocis</span> <span class='ocrx_word' id='word_1_484' title='bbox 2277 4986 2438 5070; x_wconf 91' lang='lat' dir='ltr'>probacio</span> <span class='ocrx_word' id='word_1_485' title='bbox 2462 4983 2568 5056; x_wconf 80' lang='lat' dir='ltr'>deficit,</span> 
     </span>
     <span class='ocr_line' id='line_1_41' title="bbox 552 5091 2568 5177; baseline -0.001 -20"><span class='ocrx_word' id='word_1_486' title='bbox 552 5093 690 5177; x_wconf 89' lang='lat' dir='ltr'>provide</span> <span class='ocrx_word' id='word_1_487' title='bbox 715 5097 929 5159; x_wconf 88' lang='lat' dir='ltr'>conservatur</span> <span class='ocrx_word' id='word_1_488' title='bbox 951 5095 998 5158; x_wconf 91' lang='lat' dir='ltr'>rei</span> <span class='ocrx_word' id='word_1_489' title='bbox 1023 5097 1114 5176; x_wconf 88' lang='lat' dir='ltr'>geste</span> <span class='ocrx_word' id='word_1_490' title='bbox 1141 5092 1264 5158; x_wconf 90' lang='lat' dir='ltr'>veritas</span> <span class='ocrx_word' id='word_1_491' title='bbox 1287 5093 1428 5177; x_wconf 90' lang='lat' dir='ltr'>publicis</span> <span class='ocrx_word' id='word_1_492' title='bbox 1452 5091 1693 5158; x_wconf 88' lang='lat' dir='ltr'>instrumentis.</span> <span class='ocrx_word' id='word_1_493' title='bbox 1734 5092 1895 5158; x_wconf 90' lang='lat' dir='ltr'>Noverint</span> <span class='ocrx_word' id='word_1_494' title='bbox 1918 5111 1995 5173; x_wconf 85' lang='lat' dir='ltr'>ergo</span> <span class='ocrx_word' id='word_1_495' title='bbox 2020 5091 2166 5157; x_wconf 91' lang='lat' dir='ltr'>universi</span> <span class='ocrx_word' id='word_1_496' title='bbox 2189 5095 2258 5157; x_wconf 90' lang='lat' dir='ltr'>tam</span> <span class='ocrx_word' id='word_1_497' title='bbox 2282 5095 2458 5175; x_wconf 86' lang='lat' dir='ltr'>presentes</span> <span class='ocrx_word' id='word_1_498' title='bbox 2481 5107 2568 5174; x_wconf 86' lang='lat' dir='ltr'>quam</span> 
     </span>
     <span class='ocr_line' id='line_1_42' title="bbox 551 5196 2568 5283; baseline -0.003 -18"><span class='ocrx_word' id='word_1_499' title='bbox 551 5199 664 5280; x_wconf 85' lang='lat' dir='ltr'>futuri,</span> <span class='ocrx_word' id='word_1_500' title='bbox 693 5202 784 5282; x_wconf 93' lang='lat' dir='ltr'>quod</span> <span class='ocrx_word' id='word_1_501' title='bbox 807 5201 843 5264; x_wconf 90' lang='lat' dir='ltr'>in</span> <span class='ocrx_word' id='word_1_502' title='bbox 866 5203 982 5264; x_wconf 90' lang='lat' dir='ltr'>nostra</span> <span class='ocrx_word' id='word_1_503' title='bbox 1009 5201 1183 5283; x_wconf 87' lang='lat' dir='ltr'>presencia</span> <span class='ocrx_word' id='word_1_504' title='bbox 1211 5199 1384 5265; x_wconf 89' lang='lat' dir='ltr'>constituti</span> <span class='ocrx_word' id='word_1_505' title='bbox 1413 5199 1628 5264; x_wconf 89' lang='lat' dir='ltr'>Hermannus</span> <span class='ocrx_word' id='word_1_506' title='bbox 1657 5200 1698 5263; x_wconf 90' lang='lat' dir='ltr'>de</span> <span class='ocrx_word' id='word_1_507' title='bbox 1727 5200 1841 5263; x_wconf 90' lang='lat' dir='ltr'>Haren</span> <span class='ocrx_word' id='word_1_508' title='bbox 1868 5196 1963 5262; x_wconf 89' lang='lat' dir='ltr'>miles</span> <span class='ocrx_word' id='word_1_509' title='bbox 1992 5202 2026 5263; x_wconf 90' lang='lat' dir='ltr'>et</span> <span class='ocrx_word' id='word_1_510' title='bbox 2048 5198 2195 5263; x_wconf 85' lang='lat' dir='ltr'>Ehzabet</span> <span class='ocrx_word' id='word_1_511' title='bbox 2223 5217 2307 5264; x_wconf 87' lang='lat' dir='ltr'>uxor</span> <span class='ocrx_word' id='word_1_512' title='bbox 2330 5218 2392 5262; x_wconf 89' lang='lat' dir='ltr'>sua</span> <span class='ocrx_word' id='word_1_513' title='bbox 2416 5211 2568 5264; x_wconf 88' lang='lat' dir='ltr'>unacum</span> 
     </span>
     <span class='ocr_line' id='line_1_43' title="bbox 552 5303 2567 5388; baseline -0.003 -16"><span class='ocrx_word' id='word_1_514' title='bbox 552 5325 720 5372; x_wconf 89' lang='lat' dir='ltr'>consensu</span> <span class='ocrx_word' id='word_1_515' title='bbox 744 5307 945 5372; x_wconf 89' lang='lat' dir='ltr'>coheredum</span> <span class='ocrx_word' id='word_1_516' title='bbox 969 5327 1116 5386; x_wconf 91' lang='lat' dir='ltr'>suorum,</span> <span class='ocrx_word' id='word_1_517' title='bbox 1139 5306 1293 5372; x_wconf 88' lang='lat' dir='ltr'>videlicet</span> <span class='ocrx_word' id='word_1_518' title='bbox 1316 5306 1450 5374; x_wconf 89' lang='lat' dir='ltr'>Ottonis</span> <span class='ocrx_word' id='word_1_519' title='bbox 1475 5306 1516 5369; x_wconf 92' lang='lat' dir='ltr'>de</span> <span class='ocrx_word' id='word_1_520' title='bbox 1539 5304 1654 5370; x_wconf 88' lang='lat' dir='ltr'>Haren</span> <span class='ocrx_word' id='word_1_521' title='bbox 1677 5303 1806 5385; x_wconf 89' lang='lat' dir='ltr'>militis,</span> <span class='ocrx_word' id='word_1_522' title='bbox 1831 5305 2013 5388; x_wconf 86' lang='lat' dir='ltr'>Rodolphi‚</span> <span class='ocrx_word' id='word_1_523' title='bbox 2038 5305 2188 5383; x_wconf 87' lang='lat' dir='ltr'>Tyderici</span> <span class='ocrx_word' id='word_1_524' title='bbox 2212 5306 2254 5370; x_wconf 91' lang='lat' dir='ltr'>de</span> <span class='ocrx_word' id='word_1_525' title='bbox 2271 5305 2397 5384; x_wconf 85' lang='lat' dir='ltr'>Haren,</span> <span class='ocrx_word' id='word_1_526' title='bbox 2423 5304 2567 5369; x_wconf 87' lang='lat' dir='ltr'>decimam</span> 
     </span>
     <span class='ocr_line' id='line_1_44' title="bbox 553 5411 2566 5498; baseline -0.004 -21"><span class='ocrx_word' id='word_1_527' title='bbox 553 5413 589 5477; x_wconf 91' lang='lat' dir='ltr'>in</span> <span class='ocrx_word' id='word_1_528' title='bbox 614 5414 810 5498; x_wconf 89' lang='lat' dir='ltr'>Lengheren</span> <span class='ocrx_word' id='word_1_529' title='bbox 844 5417 911 5479; x_wconf 90' lang='lat' dir='ltr'>tam</span> <span class='ocrx_word' id='word_1_530' title='bbox 943 5414 1189 5496; x_wconf 90' lang='lat' dir='ltr'>manipulorum</span> <span class='ocrx_word' id='word_1_531' title='bbox 1218 5434 1320 5496; x_wconf 89' lang='lat' dir='ltr'>quam</span> <span class='ocrx_word' id='word_1_532' title='bbox 1346 5414 1473 5479; x_wconf 90' lang='lat' dir='ltr'>minute</span> <span class='ocrx_word' id='word_1_533' title='bbox 1506 5412 1634 5477; x_wconf 89' lang='lat' dir='ltr'>decime</span> <span class='ocrx_word' id='word_1_534' title='bbox 1664 5431 1738 5475; x_wconf 85' lang='lat' dir='ltr'>curn</span> <span class='ocrx_word' id='word_1_535' title='bbox 1767 5412 1922 5476; x_wconf 89' lang='lat' dir='ltr'>omnibus</span> <span class='ocrx_word' id='word_1_536' title='bbox 1950 5411 2020 5477; x_wconf 90' lang='lat' dir='ltr'>suis</span> <span class='ocrx_word' id='word_1_537' title='bbox 2051 5411 2253 5491; x_wconf 89' lang='lat' dir='ltr'>attinenciis,</span> <span class='ocrx_word' id='word_1_538' title='bbox 2286 5431 2388 5494; x_wconf 85' lang='lat' dir='ltr'>quam</span> <span class='ocrx_word' id='word_1_539' title='bbox 2418 5413 2460 5476; x_wconf 91' lang='lat' dir='ltr'>de</span> <span class='ocrx_word' id='word_1_540' title='bbox 2482 5425 2566 5475; x_wconf 89' lang='lat' dir='ltr'>manu</span> 
     </span>
    </p>
   </div>
   <div class='ocr_carea' id='block_1_21' title="bbox 0 0 2770 6820">
    <p class='ocr_par' dir='ltr' id='par_1_21' title="bbox 0 0 2770 6820">
     <span class='ocr_line' id='line_1_45' title="bbox 0 0 2770 6820; baseline 0 0"><span class='ocrx_word' id='word_1_541' title='bbox 0 0 2770 6820; x_wconf 95' lang='lat' dir='ltr'> </span> 
     </span>
    </p>
   </div>
  </div>
 </body>
</html>
