4992 6786
1005 371 1073 426 1280

996 570 1105 647 1188.

62 704 146 792 Grnf
166 701 236 774 ono
262 719 325 772 non
352 698 571 788 Ranensherp
595 697 666 786 nn
692 719 754 768 cnr
783 697 978 787 Erhattnnp
1009 697 1071 768 der
1098 695 1193 768 socha
1222 697 1391 788 Kapetlen
1418 699 1455 768 in
1483 693 1696 768 Schihtesche
1730 699 1795 770 den
1822 699 1974 771 Zehnten
2001 699 2065 772 des

657 804 767 892 Hofes
794 806 832 874 n'n
860 805 1115 879 Bobenhnnmen.
1169 807 1269 876 1230
1295 804 1371 874 Jnti
1399 807 1433 874 8.

176 924 286 1008 Repert
314 917 418 1004 Westfi
448 921 477 985 U
481 921 519 988 B.
547 919 605 999 IV,
630 919 663 986 S.
690 919 755 985 753
777 919 838 983 Nr.
866 919 960 985 1585.

998 1067 1108 1144 1189.

59 1202 124 1272 Dos
149 1195 230 1286 snn
258 1206 323 1285 ans
350 1196 426 1268 dem
462 1195 609 1269 Wcrder
635 1218 694 1266 nor
722 1195 872 1266 Mindcn
900 1193 1056 1280 nertnntt
1083 1195 1159 1264 den
1188 1193 1406 1284 Donrhnpitel
1434 1196 1490 1264 dic
1519 1195 1643 1284 Hrtlftc
1670 1197 1730 1268 des
1748 1193 2066 1285 11003000νο36-

824 1302 920 1377 hilde.
975 1299 1078 1373 1280
1104 1301 1181 1371 Jnh'
1210 1298 1268 1371 15.

150 1421 310 1486 Omnibus
338 1422 403 1485 hoc
429 1421 590 1504 scriptum
616 1420 739 1485 visuris
764 1419 924 1503 Gerlagus
949 1420 1064 1500 abbas,
1092 1419 1263 1484 Arnoldus
1286 1419 1378 1502 prior
1403 1423 1436 1484 et
1461 1423 1644 1484 conventus
1668 1423 1859 1488 monasterii
1884 1425 1923 1489 de
1949 1426 2065 1490 Insula

58 1535 268 1596 extramuros
291 1529 482 1593 llindenses
505 1527 649 1592 salutem
672 1527 706 1591 in
730 1527 883 1591 Domino.
931 1527 976 1592 Ut
1000 1525 1136 1606 negocia
1158 1525 1322 1607 presentis
1346 1526 1442 1590 etatis
1475 1527 1518 1591 ad
1542 1529 1651 1592 future
1675 1530 1883 1611 posteritatis
1907 1531 2063 1598 noticiam

58 1636 180 1701 certiora
201 1635 408 1717 perveniant,
432 1635 602 1698 literarum
625 1633 733 1697 solent
757 1633 915 1697 memorie
927 1633 1161 1698 commendari.
1210 1632 1296 1697 Hinc
1312 1635 1373 1713 est,
1390 1635 1480 1715 quod
1495 1635 1707 1715 presentibus
1724 1638 1757 1700 et
1771 1636 1893 1701 futuris
1910 1638 2067 1720 cupimus

58 1746 156 1806 notum
179 1760 262 1820 esse,
286 1741 377 1822 qnod
400 1760 461 1804 nos
485 1742 623 1822 propter
645 1741 879 1805 necessitatem
903 1743 936 1804 et
959 1738 1139 1804 utilitatem
1162 1739 1355 1804 monasterii
1372 1740 1479 1803 nostri
1495 1740 1706 1805 medietatem
1723 1742 1813 1807 curie
1829 1744 1864 1806 in
1881 1743 2067 1809 Gresebille

58 1845 288 1911 honorabilibus
321 1846 399 1911 viris
430 1845 584 1912 Conrado
617 1847 741 1912 decano
770 1849 802 1910 et
837 1846 981 1928 capitulo
1010 1845 1148 1910 ecclesie
1177 1845 1309 1910 maioris
1334 1846 1529 1926 Mindensis
1568 1847 1624 1928 qui
1657 1847 1691 1911 in
1721 1848 1855 1913 residua
1885 1851 2065 1916 medietate

57 1954 147 2035 ipsius
175 1952 264 2017 curie
296 1955 465 2017 consortes
494 1954 600 2017 nostri
632 1953 772 2033 fuerant,
800 1953 1011 2017 vendidimus
1034 1972 1095 2034 pro
1123 1953 1279 2016 tredecim
1305 1953 1424 2016 marcis
1448 1952 1638 2017 Bremensis
1662 1955 1799 2036 argenti,
1826 1956 2065 2022 transferentes

56 2060 84 2122 in
104 2061 213 2123 eodem
236 2059 443 2123 vendicionis
468 2061 637 2123 contractu
662 2059 697 2122 iu
722 2059 826 2124 dictos
850 2060 1013 2123 decanum
1036 2061 1068 2122 et
1093 2059 1276 2140 capitulum
1299 2060 1547 2141 proprietatem,
1572 2061 1820 2142 possessionem
1844 2064 1877 2126 et
1900 2063 2066 2146 quidquid

56 2165 125 2227 iuris
151 2165 217 2228 sive
246 2164 280 2227 in
310 2165 524 2230 servitutibus
557 2166 625 2230 sive
653 2166 687 2229 in
715 2167 848 2248 pascuis
879 2172 913 2230 et
940 2165 1131 2230 nemoribus
1162 2166 1196 2228 in
1231 2169 1415 2229 memorata
1439 2165 1530 2230 curia
1554 2186 1615 2230 nos
1639 2169 1788 2233 constitit
1813 2169 1981 2234 habuisse.
2027 2170 2068 2235 In

56 2272 136 2335 cuius
168 2271 216 2334 rei
250 2272 480 2336 testimouium
515 2276 691 2354 presentes
726 2272 855 2338 litteras
890 2272 972 2354 ipsis
1006 2272 1206 2336 tradidimus
1237 2271 1419 2352 sigillorum
1447 2273 1638 2339 nostrorum
1665 2275 1849 2339 munimine
1880 2276 2065 2343 roboratas.

56 2378 163 2440 ilatum
184 2377 216 2440 in
242 2378 405 2443 divisione
429 2379 656 2461 apostolorum
680 2399 768 2443 anno
793 2379 925 2443 Domini
949 2378 1198 2443 M⁰.CC.LXXX.

172 2483 336 2567 Absclnn'ft
366 2485 419 2546 des
443 2484 494 2546 14.
520 2483 628 2550 Jahrh.
664 2488 697 2548 in
721 2485 797 2548 Msc.
829 2480 898 2561 VII,
921 2482 1019 2560 2401,
1047 2482 1081 2546 S.
1108 2483 1148 2545 15
1183 2487 1226 2546 ina
1249 2483 1322 2568 Kpt.
1350 2482 1454 2549 Sh-A.
1478 2507 1518 2548 zu
1541 2485 1689 2551 lllr'instcr.
1740 2484 1834 2550 (ἱράν.
1869 2485 2065 2567 Wrirdtwcin,

255 2589 349 2654 Snbs.
374 2592 447 2676 dipl.
473 2589 536 2669 XI,
564 2589 596 2656 S.
622 2590 674 2655 95.
724 2591 836 2676 Repest
859 2592 933 2654 Msc.
960 2587 1003 2668 II,
1031 2589 1129 2668 189a,
1155 2587 1214 2657 Nr.
1239 2588 1315 2652 334.

995 2772 1111 2848 1190.

56 2895 156 2967 anter
183 2895 331 2968 Herbcrt
358 2920 420 2966 non
451 2898 667 2968 Mnndclsloh
699 2897 730 2968 d.
761 2886 804 2969 Ᾱ.
847 2897 1024 2989 vcrptcicht
1066 2899 1139 2968 sich
1179 2900 1242 2969 neit
1275 2897 1351 2968 dnn
1384 2895 1534 2987 Bischof
1570 2899 1712 2990 Votqnin
1748 2922 1812 2970 nnn
1847 2902 1995 2972 Mindon
2029 2903 2067 2973 in

387 3005 495 3075 sinent
524 3007 629 3076 Strcit
656 3029 714 3075 nnn
741 3006 805 3076 dns
841 3005 1148 3095 Wichprnfennrnt.
1206 3005 1354 3076 Minden
1386 3004 1489 3078 1280
1517 3006 1655 3094 Anpnst
1683 3009 1717 3077 4.

148 3123 331 3188 Harbertus
360 3125 470 3189 senior
498 3126 539 3189 de
564 3125 732 3191 Mandeslo
761 3125 855 3190 miles
885 3125 1040 3189 omnibus
1069 3126 1132 3188 hoc
1161 3123 1322 3206 scriptum
1352 3124 1473 3188 visuris
1505 3125 1660 3188 noticiam
1684 3124 1731 3190 rei
1754 3128 1854 3208 geste.
1903 3128 2068 3192 Defuncto

56 3227 130 3293 hone
152 3230 309 3294 memorie
334 3231 506 3295 Florencio
530 3231 633 3295 milite
657 3232 823 3314 Wigravio
848 3232 1011 3297 llindensi
1036 3253 1097 3315 ego
1125 3251 1186 3314 pro
1215 3250 1268 3295 me
1304 3233 1337 3296 et
1364 3252 1425 3314 pro
1453 3232 1535 3296 meis
1567 3231 1662 3294 iustis
1684 3232 1864 3297 heredibus
1891 3236 2068 3317 utriusque

57 3353 150 3412 sevus,
178 3336 355 3400 masculini
378 3337 532 3402 videlicet
556 3340 588 3402 et
612 3339 773 3420 feminini,
797 3338 942 3404 officium
965 3339 1112 3421 wigravii
1137 3339 1222 3421 pecii
1246 3338 1371 3417 dicens,
1401 3338 1486 3402 illud
1509 3338 1552 3402 ad
1574 3357 1628 3401 me
1652 3341 1686 3401 et
1709 3359 1802 3404 meos
1825 3339 1965 3404 heredes
1990 3361 2066 3422 pre-

56 3439 146 3505 dictos
169 3441 237 3506 iure
261 3443 465 3508 hereditario
488 3445 666 3526 pertinere,
691 3447 750 3510 sed
774 3447 955 3510 reverendo
979 3449 1074 3528 patre
1098 3448 1131 3509 et
1154 3445 1290 3509 domino
1306 3444 1472 3526 Volquino
1489 3444 1550 3509 Dei
1574 3446 1679 3528 gratia
1695 3445 1853 3528 episcopo
1869 3449 1904 3511 et
1920 3448 2068 3530 capitulo

55 3545 204 3610 llindensi
228 3569 265 3612 se
290 3549 389 3613 michi
413 3554 448 3614 ot
470 3550 553 3615 meis
577 3551 757 3615 heredibus
782 3553 1031 3634 opponentibus
1056 3555 1090 3616 et
1112 3553 1252 3633 propter
1274 3552 1337 3615 hoc
1361 3552 1519 3616 suscitata
1535 3552 1622 3616 inter
1638 3572 1700 3617 nos
1715 3553 1856 3617 materia
1873 3555 2067 3636 questionis.

56 3651 128 3716 Cum
154 3674 213 3736 per
243 3655 317 3719 dies
346 3657 475 3738 aliquot
506 3657 593 3722 inter
623 3678 682 3722 uos
705 3658 825 3722 fuisset
848 3658 1009 3740 simultas,
1044 3660 1181 3724 tandem
1205 3659 1246 3722 de
1270 3660 1453 3740 proborum
1477 3659 1625 3724 virorum
1648 3659 1787 3724 consilio
1811 3661 1952 3724 accessit
1976 3681 2068 3725 com-

55 3759 163 3837 positio
197 3761 231 3824 in
260 3763 352 3827 hunc
379 3766 522 3828 modum.
575 3764 643 3846 Ego
672 3766 797 3848 quippe
824 3768 858 3830 et
886 3766 950 3829 mei
979 3766 1119 3830 heredes
1147 3767 1233 3830 sicut
1260 3765 1447 3847 predictum
1477 3768 1527 3830 est
1555 3786 1654 3831 sexus
1682 3766 1866 3849 utriusque,
1891 3768 2067 3832 masculini

54 3863 193 3931 videlicet
216 3872 250 3933 et
276 3868 437 3950 feminini,
462 3890 524 3952 pro
547 3870 643 3935 nobis
667 3874 700 3935 et
723 3872 884 3937 heredum
908 3874 1096 3938 nostrorum
1111 3873 1290 3938 heredibus
1306 3873 1338 3936 in
1357 3873 1588 3956 perpetuuml)
1612 3873 1876 3938 renuntiavimus
1893 3875 1927 3936 et
1943 3893 2070 3938 renun-

56 3971 162 4036 tiamus
193 3975 306 4040 officio
333 3978 525 4058 supradicto
554 3981 587 4040 et
617 3999 749 4044 omnem
777 3978 942 4044 actionem
966 3979 1176 4059 remittimus
1207 4000 1272 4061 que
1296 3979 1393 4043 nobis
1417 3982 1606 4060 competere
1628 3979 1804 4044 videbatur
1827 3980 1861 4044 in
1884 3979 1952 4044 illo.
2000 3981 2068 4045 Sed

56 4081 243 4145 reverendus
272 4087 369 4164 pater
396 4087 430 4146 et
459 4083 613 4148 dominus
644 4086 814 4167 predictus
847 4085 1026 4168 episcopus
1051 4087 1092 4150 de
1116 4105 1280 4151 consensu
1305 4087 1337 4149 et
1360 4085 1531 4150 voluntate
1555 4087 1607 4150 sui
1631 4086 1768 4168 capituli
1792 4105 1853 4169 pro
1876 4087 2067 4151 huiusmodi

54 4187 297 4252 renuntiationis
321 4207 503 4272 compensa
526 4191 638 4254 omnia
660 4192 758 4273 bona,
783 4191 893 4274 quein
910 4193 1043 4274 pheodo
1060 4193 1261 4257 tenebantur
1277 4191 1331 4275 a2)
1348 4192 1514 4274 Wigravio
1532 4192 1698 4274 defuncto,
1723 4193 1821 4257 michi
1838 4195 1872 4257 et
1886 4193 2068 4258 heredibus

54 4290 125 4354 meis
157 4292 226 4358 iure
263 4295 420 4376 pheodali
455 4297 594 4361 contulit
627 4300 661 4362 et
695 4299 839 4363 vasallos
870 4300 1063 4363 eorumdem
1091 4299 1256 4364 bonorum
1285 4300 1328 4364 ad
1359 4319 1411 4363 me
1443 4301 1475 4362 et
1504 4319 1597 4363 meos
1625 4300 1766 4363 heredes
1793 4300 1978 4364 transmisit
2006 4320 2068 4382 pro

53 4394 192 4480 homagio
222 4404 256 4465 et
285 4399 446 4466 fidelitate
478 4404 648 4485 tamquam
676 4405 744 4468 suis
775 4405 917 4468 dominis
947 4405 1151 4470 exhibendis.
1198 4406 1284 4470 Item
1313 4405 1531 4471 villicationes
1559 4406 1594 4469 in
1617 4405 1789 4472 Mandeslo
1821 4409 1854 4470 et
1876 4406 2068 4470 Idenhusen

54 4501 141 4565 michi
161 4508 194 4568 et
216 4507 301 4570 meis
325 4508 504 4573 heredibus
536 4508 571 4572 in
595 4511 764 4592 pheodum
787 4511 928 4576 contulit
950 4512 1012 4575 hoc
1035 4511 1174 4592 adiecto,
1205 4512 1295 4594 quod
1318 4511 1383 4576 sibi
1405 4513 1458 4576 vel
1482 4512 1552 4576 suis
1574 4513 1793 4593 imposterum
1817 4514 2069 4577 successoribus

53 4609 173 4673 easdem
195 4611 422 4679 villicaciones
445 4633 592 4681 reemere
615 4616 714 4680 liceat
737 4635 798 4700 pro
822 4619 978 4682 trecentis
1003 4621 1036 4681 et
1058 4618 1280 4701 quadraginta
1303 4619 1421 4683 marcis
1437 4618 1629 4683 Bremensis
1646 4619 1789 4700 argenti3
1814 4639 1882 4700 qua
1897 4620 2070 4701 persoluta

53 4717 181 4791 pecunia
203 4719 364 4785 villicatio
388 4721 421 4786 in
439 4721 630 4786 Idenhusen
653 4724 726 4787 sino
750 4723 946 4789 condicione
965 4725 1116 4807 qualibet
1131 4745 1208 4790 curn
1224 4726 1314 4791 omni
1331 4726 1403 4790 iure
1419 4726 1522 4790 libere
1538 4727 1581 4792 ad
1597 4743 1748 4790 mensam
1763 4725 1885 4790 redibit
1901 4725 2066 4809 episcopi;

54 4820 103 4882 sed
121 4821 154 4886 iu
170 4825 343 4890 Mandeslo
364 4827 582 4894 retinebimus
603 4828 751 4894 officium
766 4830 876 4912 villici,
901 4832 991 4913 quod
1007 4833 1042 4896 in
1058 4852 1121 4896 nos
1139 4853 1158 4898 a
1175 4833 1442 4915 progenitoribus
1459 4831 1582 4896 nostris
1598 4831 1671 4897 iure
1687 4833 1841 4913 pervenit
1855 4831 2072 4913 hereditari0,

52 4929 194 4994 omnibus
218 4931 295 4996 aliis
317 4933 547 5017 pensionibus,
567 4935 782 5000 servitutibus
800 4941 832 5001 et
848 4938 1106 5021 quibuscunque
1122 4939 1319 5020 redditibus,
1344 4959 1430 5022 quos
1447 4938 1637 5003 Mindenses
1654 4938 1803 5021 episcopi
1821 4941 2068 5003 consueverunt

53 5029 163 5099 habere
185 5038 221 5100 iu
245 5037 313 5119 illa,
337 5039 408 5104 sine
431 5041 692 5108 contradictione
713 5043 863 5125 qualibet
877 5044 1043 5109 devolutis
1059 5047 1102 5110 ad
1117 5047 1221 5128 ipsos,
1261 5046 1416 5110 Preterea
1431 5044 1530 5110 michi
1546 5046 1598 5110 vel
1615 5045 1713 5109 alicui
1730 5065 1771 5108 ex
1787 5043 1870 5108 meis
1887 5043 2067 5109 heredibus

52 5135 196 5221 singulari
232 5163 368 5228 semper
401 5165 544 5229 persone
571 5147 607 5214 in
631 5149 726 5213 Novo
755 5149 874 5214 Castro
902 5152 1079 5216 castrensis
1110 5151 1334 5234 assignabitur
1361 5150 1454 5216 curia
1481 5154 1516 5215 et
1542 5151 1712 5217 dabuntur
1738 5150 1839 5214 michi
1869 5149 1921 5214 vel
1948 5151 2067 5215 heredi

52 5261 117 5307 meo
143 5250 307 5316 residenti
336 5253 507 5319 annuatim
538 5255 653 5320 decern
675 5276 861 5322 marcarum
884 5257 1033 5322 redditus
1057 5279 1117 5341 pro
1141 5257 1312 5338 castrensi,
1342 5258 1389 5322 ita
1423 5260 1546 5336 tamen,
1575 5258 1696 5340 quodsi
1730 5258 1828 5322 heres
1851 5276 1945 5321 meus
1968 5257 2067 5322 mini-

52 5351 183 5420 sterialis
207 5358 350 5423 ecclesie
365 5361 547 5426 Mindensis
571 5361 672 5427 fuerit
695 5366 730 5429 et
752 5365 975 5446 personaliter
996 5364 1139 5430 voluerit
1163 5363 1323 5444 residere;
1358 5364 1386 5428 si
1409 5383 1489 5429 vero
1512 5367 1619 5430 status
1644 5363 1845 5429 condicionis
1869 5364 1975 5446 ipsius
1999 5363 2068 5428 mei

147 5493 441 5542 nestrum-aueum.
1807 5490 1850 5554 48
