5062 6776
453 438 521 506 284
1440 445 1508 500 1289

458 648 537 713 viris
566 648 692 711 decano
725 647 758 709 et
787 642 932 727 capitulo
963 641 1100 706 ecclesie
1130 641 1235 705 sancti
1263 639 1394 704 Martini
1425 638 1606 703 Mindensis
1633 639 1666 704 et
1688 637 1861 704 Volcmaro
1888 638 1994 703 milite
2024 639 2111 704 dicto
2139 640 2181 704 de
2204 639 2358 706 Stederen
2378 643 2449 708 iden

455 755 650 820 volcmarus
670 749 811 833 gpublice
839 748 1105 831 protestabatur,
1134 747 1225 828 quod
1252 747 1324 828 ipse
1352 745 1394 810 ab
1424 743 1549 809 eisdem
1581 743 1706 809 decano
1736 745 1772 808 et
1798 742 1946 826 capitulo
1971 743 2130 809 decimam
2159 745 2196 808 in
2219 745 2449 830 Gotbemessen,

454 859 550 924 cuius
572 857 759 941 proprietas
782 855 825 920 ad
847 855 940 938 ipsos
963 853 1122 936 pertinet,
1153 852 1320 918 advitam
1348 851 1399 916 sui
1429 849 1532 915 solius
1554 849 1709 929 tenebat,
1738 867 1840 933 quam
1871 847 2032 914 decimam
2061 851 2097 914 in
2123 851 2320 916 necessitate
2344 853 2450 934 positus

452 984 516 1050 pro
538 963 654 1046 viginti
677 962 796 1026 marcis
819 959 1010 1026 Bremensis
1034 958 1161 1042 argenti
1191 957 1348 1040 obligavit
1375 956 1501 1021 eisdem
1524 955 1650 1020 decano
1679 957 1712 1019 et
1734 954 1881 1037 capitulo
1905 973 2016 1019 coram
2044 956 2140 1021 nobis
2161 955 2221 1021 tali
2244 957 2365 1022 adiecta
2385 979 2450 1023 con·

459 1070 603 1150 dicione,
627 1068 717 1150 quod
740 1085 942 1150 quocunque
971 1085 1060 1130 anno
1083 1065 1224 1129 voluerit
1251 1083 1312 1147 pro
1340 1061 1507 1128 antedicta
1538 1079 1668 1126 summa
1697 1060 1731 1124 in
1758 1061 1844 1126 festo
1868 1061 1996 1126 Pascha
2019 1062 2204 1127 redimendi
2234 1062 2275 1127 ad
2303 1065 2451 1146 seipsam

454 1175 618 1242 decimam
644 1175 781 1239 liberam
804 1173 931 1237 habeat·
950 1172 1153 1252 facultatem,
1178 1170 1227 1234 ita
1248 1172 1371 1249 tamen,
1396 1167 1487 1250 quod
1511 1167 1639 1232 nullum
1663 1167 1715 1232 ius
1739 1170 1798 1233 aut
1821 1186 1920 1250 posse
1944 1168 2068 1232 habeat
2090 1168 2196 1251 ipsam
2213 1169 2366 1234 decimam
2386 1190 2451 1234 veu-

453 1281 555 1347 dendi
580 1283 638 1345 aut
670 1279 915 1361 impignorandi
945 1297 1004 1341 seu
1033 1277 1143 1358 aliquo
1171 1275 1272 1340 modo
1304 1274 1370 1338 alio
1399 1293 1418 1337 a
1448 1273 1535 1337 dicta
1566 1273 1704 1338 ecclesia
1735 1273 1840 1338 sancti
1868 1273 2000 1338 Martini
2028 1273 2209 1354 alienandi,
2242 1293 2351 1340 verum
2378 1277 2451 1340 omni

455 1388 616 1453 heredum
640 1381 781 1450 suorum
801 1383 1008 1465 impetitione
1032 1385 1065 1447 et
1089 1381 1327 1464 impedimento
1358 1378 1499 1446 exclusis
1523 1380 1638 1444 eadem
1662 1379 1790 1444 decima
1816 1383 1894 1463 post
1922 1382 2062 1446 mortem
2090 1378 2197 1462 ipsius
2222 1379 2377 1444 Volcmari
2396 1385 2452 1446 tota

450 1493 565 1577 cuml)
588 1491 745 1557 omnibus
768 1490 838 1554 suis
862 1488 1072 1572 pertinentiis
1096 1488 1139 1552 ad
1162 1487 1285 1552 dictam
1308 1486 1483 1551 ecclesiam
1507 1485 1612 1549 sancti
1628 1485 1761 1551 Martini
1784 1485 1886 1550 libera
1901 1488 2094 1551 revertatur.
2133 1484 2253 1551 Testes
2276 1505 2350 1550 vero
2370 1487 2451 1552 huius

452 1599 502 1666 rei
529 1601 624 1664 sunt:
658 1596 834 1661 Heinricus
866 1596 907 1660 de
937 1593 1152 1676 Dungerden,
1188 1591 1360 1672 Cesarius,
1398 1591 1592 1656 Thidericus
1616 1591 1658 1656 de
1683 1591 1877 1672 Horsholte‚
1912 1591 2107 1657 Thidericus
2131 1593 2172 1656 de
2196 1591 2309 1671 Uilen,
2342 1591 2451 1656 milites

451 1706 537 1772 Acta
560 1707 639 1768 sunt
661 1705 724 1768 nec
746 1703 783 1766 in
806 1701 947 1766 ecclesia
969 1699 1085 1764 maiori
1109 1717 1197 1764 anno
1222 1698 1356 1764 Domini
1381 1695 1685 1774 M⁰.CC⁰.LX⁰.1X⁰.,
1708 1696 1795 1761 llll⁰.
1813 1697 1929 1762 Nonas
1940 1697 2065 1761 Marcii.
2111 1697 2156 1762 Ut
2179 1700 2292 1761 autern
2313 1698 2371 1761 hec
2395 1701 2453 1762 rata

453 1811 682 1894 permaneant,
716 1827 855 1892 presens
885 1806 1045 1889 scriptum
1080 1805 1177 1887 sigilli
1207 1803 1312 1869 nostri
1339 1802 1523 1868 munimine
1550 1803 1688 1869 lecimus
1719 1803 1878 1868 roborari.
1930 1804 2051 1869 Datum
2078 1803 2189 1868 ltlinde
2222 1821 2309 1867 amro
2331 1803 2451 1882 Domini,

451 1915 603 2000 menset)
627 1917 660 1980 et
684 1915 737 1979 die
759 1913 955 1995 prenotatis.

665 2039 686 2098 ¹)
709 2035 761 2088 Vor
780 2053 839 2090 oum
858 2038 894 2090 ist
912 2039 939 2090 at
956 2035 1041 2087 duret
1061 2033 1150 2086 Rornr
1167 2033 1269 2103 petilpt.
1317 2033 1338 2098 ⁹)
1362 2031 1414 2084 Vor
1433 2045 1522 2084 manse
1540 2029 1622 2098 desyl.

586 2142 641 2207 Or.
666 2145 710 2206 tn
731 2141 804 2226 Kyl.
825 2140 929 2206 Sa-A.
954 2163 993 2204 zu
1009 2140 1158 2216 Mrinatar,
1182 2136 1227 2204 Sc.
1252 2139 1372 2200 Martia
1394 2139 1429 2200 in
1452 2137 1578 2201 Mindon
1602 2134 1660 2199 Nr.
1680 2136 1730 2201 11.
1779 2135 1848 2201 Dos
1873 2136 1977 2223 Siegel
1997 2159 2054 2202 oon
2078 2139 2136 2202 den
2162 2137 2451 2223 Pergamentstreifen

665 2249 716 2311 ab.
756 2248 829 2332 Aof
848 2248 904 2312 der
927 2245 1091 2310 Rriclrseite
1113 2267 1171 2308 oon
1193 2243 1292 2307 Hand
1313 2243 1366 2307 des
1392 2243 1441 2307 15.
1465 2241 1537 2307 Ji„-
1560 2243 1668 2325 Super
1692 2243 1820 2309 decima
1842 2245 1876 2309 in
1900 2245 2113 2326 Gotberssen‚
2137 2245 2204 2308 und
2224 2266 2282 2308 oon
2304 2241 2393 2306 Hand
2410 2243 2451 2306 der

665 2352 717 2417 17.
730 2353 809 2417 dle:
833 2353 1002 2420 concernit
1025 2353 1278 2418 conductionem
1302 2350 1448 2416 decimae
1472 2351 1507 2414 in
1519 2349 1757 2414 Godeburssen
1785 2352 1818 2415 et
1841 2351 1989 2416 eiusdem
2018 2351 2327 2434 obpignorationem
2349 2349 2452 2412 scilicet

665 2461 834 2543 expiravit.
882 2459 1139 2535 Gotbemessen,
1164 2456 1245 2520 auct
1267 2455 1506 2522 Gotbertessen
1527 2465 1671 2538 genennt,
1697 2457 1740 2518 iet
1765 2453 1904 2540 Gorrpen
1931 2453 1968 2520 O.
1993 2454 2212 2541 Poteratnqen.

1417 2685 1508 2763 928.

449 2817 626 2890 Edellrerr
652 2818 836 2888 Hermann
862 2838 926 2886 nur
953 2815 1066 2905 Irippo
1093 2811 1281 2904 omsmmtt
1306 2813 1368 2883 mil
1395 2813 1633 2901 Zostimmnno
1659 2812 1720 2883 des
1750 2809 1912 2900 Bisrtofs
1940 2812 2059 2883 Simon
2084 2833 2149 2882 oon
2178 2811 2372 2884 Podarborn
2394 2811 2452 2880 and

446 2925 562 2996 seiner
587 2920 727 2995 Brridcr
755 2921 943 2993 Berntord
969 2921 1042 2991 ond
1076 2918 1328 2990 Theodericus
1362 2917 1576 3012 propositus
1603 2917 1813 2988 Mindensis
1840 2916 2011 3007 ecclesie,
2046 2919 2110 2990 dos
2137 2915 2192 2988 ΚΖ.
2222 2917 2397 3010 In'ppstudl
2418 2939 2451 2986 aa

543 3029 699 3100 sctntzen
726 3027 800 3099 und
826 3029 864 3097 in
892 3028 954 3098 der
981 3027 1081 3098 Stodt
1107 3027 1203 3096 taine
1233 3024 1452 3096 Orderrstentc
1478 3025 1594 3095 welto
1620 3023 1826 3094 anardosscn.
1881 3023 2068 3114 Lippstodt
2095 3028 2189 3096 1269
2218 3024 2323 3115 April
2347 3029 2375 3094 5.

589 3160 684 3227 θεάν.
716 3160 822 3239 Weetf.
852 3160 923 3226 UB.
948 3157 1007 3238 IV,
1034 3159 1068 3226 S.
1092 3159 1168 3236 571,
1196 3157 1251 3224 Nr.
1278 3157 1372 3224 1164.
1402 3157 1514 3244 Rogant
1535 3157 1627 3244 Δίῃ).
1653 3156 1751 3243 Repq.
1776 3156 1801 3236 I,
1828 3155 1862 3223 S.
1885 3155 1952 3219 229
1976 3156 2034 3223 Nr.
2058 3155 2135 3222 348.

1409 3391 1501 3468 929.

446 3521 598 3610 Bisclrol
628 3520 703 3593 Otto
736 3541 800 3592 oon
834 3519 985 3591 Mindon
1024 3519 1215 3607 nonetyner
1255 3517 1332 3588 dem
1371 3516 1431 3588 Kl.
1473 3517 1679 3606 chnipsen
1712 3519 1785 3588 cina
1818 3517 1946 3588 diesem
1989 3539 2050 3588 oon
2083 3519 2198 3590 Ritter
2231 3516 2372 3589 Kourod
2401 3537 2451 3584 ror

448 3628 596 3700 Desbere
636 3627 723 3697 baim
761 3625 909 3697 moror
949 3627 1061 3696 seiner
1102 3624 1242 3695 Toclrter
1280 3623 1472 3712 pacientie
1499 3623 1597 3712 Herse
1623 3625 1661 3694 in
1688 3621 1985 3717 Weningrodere
2025 3624 2099 3695 und
2138 3625 2268 3696 andere
2304 3627 2451 3714 penetrate

1105 3731 1222 3801 (iliter.
1285 3729 1492 3817 Wennigscn
1520 3726 1619 3799 1269
1650 3728 1757 3820 April
1783 3733 1814 3800 6.

559 3849 676 3915 Testes
699 3850 799 3915 huius
823 3850 870 3914 rei
894 3853 987 3913 suut:
1021 3847 1237 3914 Baldewinns
1264 3846 1455 3929 prepositus
1478 3845 1616 3926 ibidem,
1647 3847 1812 3911 Henricus
1842 3847 1987 3912 decanus
2010 3848 2117 3912 sancti
2140 3847 2302 3912 lobannis
2334 3849 2367 3910 in
2394 3844 2453 3908 Hil-

450 3957 603 4037 densem,
640 3957 795 4037 magister
818 3955 993 4021 Conradus
1027 3954 1191 4038 plebanus
1219 3953 1253 4016 in
1277 3953 1465 4031 Ludersen,
1501 3952 1674 4033 Segebodo
1698 3952 1890 4034 capellanus
1920 3952 1955 4016 in
1977 3953 2233 4034 Weningessen,
2268 3951 2452 4028 sacerdotes

451 4062 542 4126 Cono
567 4061 609 4124 de
632 4061 789 4142 Desbere,
814 4060 1011 4126 Lambertus
1034 4060 1161 4140 Knoke,
1185 4059 1389 4124 Wernherus
1413 4056 1454 4121 de
1478 4057 1710 4140 Negenborne,
1735 4057 1872 4139 milites;
1896 4059 2116 4142 Engelbertus
2140 4060 2181 4124 da
2206 4061 2452 4142 Stampestorpe.

451 4167 629 4232 Bertoldus
653 4168 694 4232 de
719 4166 833 4246 Lente,
857 4165 982 4231 larnuli.

583 4270 639 4336 Or.
663 4275 707 4335 irn
730 4271 802 4357 Kys.
826 4271 929 4335 Sc-A.
954 4293 993 4334 eu
1016 4269 1196 4348 Honnooer,
1228 4266 1409 4354 Wennigren
1432 4264 1491 4334 Nr.
1515 4265 1561 4330 53
1587 4270 1645 4332 nn't
1675 4269 1743 4332 dent
1768 4267 1872 4354 Sa'eqel
1898 4269 1952 4334 des
1976 4267 2133 4350 Bisotofi.
2183 4267 2279 4334 θεάν.
2302 4269 2377 4332 noct
2397 4266 2453 4329 dein

663 4375 719 4440 Or.
742 4401 769 4440 o.
793 4374 989 4461 Hodenbcry,
1028 4374 1233 4460 Citlenbcrgcr
1261 4373 1328 4440 UB.
1353 4372 1448 4437 Abit.
1479 4366 1550 4452 VII,
1577 4372 1610 4439 S.
1634 4371 1678 4436 34
1702 4372 1762 4439 Ne.
1784 4373 1838 4442 53.
1863 4377 2124 4459 Weningrodere
2154 4371 2304 4462 Wnsronp
2325 4371 2453 4438 maten

660 4479 809 4546 [nemete
831 4481 897 4545 und
919 4481 1150 4558 Postumum,
1187 4502 1255 4557 „roo
1281 4480 1336 4546 der
1366 4477 1438 4563 Weq
1460 4500 1517 4542 oon
1541 4475 1706 4544 Holtansen
1729 4481 1808 4544 noct
1823 4479 1983 4546 biderren
2005 4484 2039 4544 in
2062 4482 2120 4546 den
2142 4477 2214 4566 Weq
2238 4502 2296 4546 von
2314 4479 2454 4542 initiarent

661 4587 743 4650 noct
765 4584 915 4652 [andrie
935 4587 1090 4654 rnrindeffl.
1136 4583 1280 4650 Fnorurrre
1302 4588 1337 4648 in
1361 4583 1547 4660 Zeitselrrift
1577 4585 1607 4650 d.
1630 4586 1699 4652 lot.
1730 4583 1799 4651 Ver.
1824 4588 1852 4668 f.
1876 4584 2122 4652 Niederractsen
2146 4586 2197 4673 Jg.
2223 4585 2310 4650 1881
2335 4583 2366 4650 S.
2390 4578 2452 4645 152.

1411 4817 1507 4894 930.

447 4944 594 5033 Btsctof
624 4945 699 5018 Otto
732 4968 794 5016 oon
824 4947 971 5018 Mindon
1004 4945 1176 5034 monroyr
1211 4945 1287 5016 dem
1323 4941 1377 5016 Kl.
1414 4945 1621 5035 Wenniqsan
1646 4947 1729 5017 arrei
1762 4945 1832 5016 nm
1867 4967 1932 5016 oon
1965 4946 2078 5017 Ritter
2102 4943 2201 5017 Kono
2227 4968 2291 5017 oon
2319 4943 2452 5017 Dcsbcre

508 5052 705 5142 resignierte
733 5051 969 5143 Solepfonnen
995 5053 1032 5122 in
1061 5051 1223 5122 Munder.
1279 5050 1470 5122 Gesolrelrcn
1506 5051 1721 5141 chntgsen,
1746 5051 1888 5142 gegeben
1916 5049 2193 5124 Minueritne
2221 5051 2326 5143 April
2351 5051 2401 5120 13.

556 5186 773 5252 ...testibus
797 5186 990 5252 Hermanno
1015 5187 1102 5252 dicto
1126 5186 1167 5250 de
1191 5185 1475 5269 Sydinghehusen,
1499 5187 1657 5252 Bertoldo
1681 5188 1722 5252 de
1745 5163 1946 5269 Gledinghe,
1963 5189 2124 5253 Wernero
2147 5188 2189 5252 de
2212 5185 2450 5270 Neghenbome.

586 5290 639 5356 Or.
663 5294 707 5354 im
729 5289 802 5376 Kpl.
829 5289 934 5358 sa-A.
957 5313 997 5356 an
1020 5289 1195 5369 Hannover,
1225 5289 1408 5376 Wennr'qmn
1431 5290 1493 5354 Nr.
1516 5291 1560 5356 61
1582 5295 1641 5356 mir
1662 5295 1761 5376 merrtq
1783 5293 1950 5357 certantem
1975 5290 2078 5378 Stegel
2100 5293 2153 5358 der
2178 5291 2334 5377 Eiectoss.
2367 5287 2450 5354 oon.

660 5396 741 5462 noct
763 5397 831 5462 dene
854 5395 909 5463 Or.
934 5421 961 5462 o.
986 5395 1175 5482 Hodsnbarp,
1202 5395 1402 5482 Colenbergar
1429 5395 1497 5464 UB.
1521 5397 1618 5464 Atat.
1650 5395 1720 5476 VII,
1748 5396 1773 5462 S
1804 5395 1859 5476 35,
1883 5396 1945 5462 Nr.
1969 5397 2023 5462 54.
