<?xml version="1.0" encoding="UTF-8"?>
<!DOCTYPE html PUBLIC "-//W3C//DTD XHTML 1.0 Transitional//EN"
    "http://www.w3.org/TR/xhtml1/DTD/xhtml1-transitional.dtd">
<html xmlns="http://www.w3.org/1999/xhtml" xml:lang="en" lang="en">
 <head>
  <title>
</title>
<meta http-equiv="Content-Type" content="text/html;charset=utf-8" />
  <meta name='ocr-system' content='tesseract 3.04.00' />
  <meta name='ocr-capabilities' content='ocr_page ocr_carea ocr_par ocr_line ocrx_word'/>
</head>
<body>
  <div class='ocr_page' id='page_1' title='image "./westflischesurk00westgoog_0342.png"; bbox 0 0 5062 6776; ppageno 0'>
   <div class='ocr_carea' id='block_1_1' title="bbox 1042 407 2094 473">
    <p class='ocr_par' dir='ltr' id='par_1_1' title="bbox 1042 407 2094 473">
     <span class='ocr_line' id='line_1_1' title="bbox 1042 407 2094 473; baseline 0.002 -3"><span class='ocrx_word' id='word_1_1' title='bbox 1042 415 1110 470; x_wconf 77' lang='lat'>1274</span> <span class='ocrx_word' id='word_1_2' title='bbox 2029 407 2094 473; x_wconf 72' lang='lat'><strong>325</strong></span> 
     </span>
    </p>
   </div>
   <div class='ocr_carea' id='block_1_2' title="bbox 77 607 2177 2682">
    <p class='ocr_par' dir='ltr' id='par_1_2' title="bbox 77 607 2177 2170">
     <span class='ocr_line' id='line_1_2' title="bbox 80 607 2093 699; baseline 0.003 -26"><span class='ocrx_word' id='word_1_3' title='bbox 80 608 208 688; x_wconf 82' lang='lat' dir='ltr'><strong>feodali,</strong></span> <span class='ocrx_word' id='word_1_4' title='bbox 237 608 373 672; x_wconf 90' lang='lat' dir='ltr'><strong>domino</strong></span> <span class='ocrx_word' id='word_1_5' title='bbox 398 607 591 672; x_wconf 84' lang='lat' dir='ltr'>Hermanno</span> <span class='ocrx_word' id='word_1_6' title='bbox 620 608 661 672; x_wconf 92' lang='lat' dir='ltr'><strong>de</strong></span> <span class='ocrx_word' id='word_1_7' title='bbox 684 608 822 673; x_wconf 88' lang='lat' dir='ltr'><strong>Bramez</strong></span> <span class='ocrx_word' id='word_1_8' title='bbox 846 608 918 673; x_wconf 91' lang='lat' dir='ltr'><strong>iure</strong></span> <span class='ocrx_word' id='word_1_9' title='bbox 945 608 1034 674; x_wconf 86' lang='lat' dir='ltr'><strong>feodi</strong></span> <span class='ocrx_word' id='word_1_10' title='bbox 1058 609 1233 674; x_wconf 83' lang='lat' dir='ltr'><strong>castrensis</strong></span> <span class='ocrx_word' id='word_1_11' title='bbox 1257 609 1456 676; x_wconf 88' lang='lat' dir='ltr'><strong>contulimus</strong></span> <span class='ocrx_word' id='word_1_12' title='bbox 1479 613 1542 676; x_wconf 92' lang='lat' dir='ltr'><strong>sub</strong></span> <span class='ocrx_word' id='word_1_13' title='bbox 1565 611 1624 676; x_wconf 89' lang='lat' dir='ltr'><strong>tali</strong></span> <span class='ocrx_word' id='word_1_14' title='bbox 1647 612 1846 694; x_wconf 89' lang='lat' dir='ltr'><strong>conditione,</strong></span> <span class='ocrx_word' id='word_1_15' title='bbox 1875 618 1913 679; x_wconf 93' lang='lat' dir='ltr'><strong>ut</strong></span> <span class='ocrx_word' id='word_1_16' title='bbox 1936 615 2009 698; x_wconf 89' lang='lat' dir='ltr'><strong>ipse</strong></span> <span class='ocrx_word' id='word_1_17' title='bbox 2031 634 2093 699; x_wconf 94' lang='lat' dir='ltr'><strong>pro</strong></span> 
     </span>
     <span class='ocr_line' id='line_1_3' title="bbox 79 713 2094 799; baseline 0.003 -19"><span class='ocrx_word' id='word_1_18' title='bbox 79 715 203 781; x_wconf 87' lang='lat' dir='ltr'><strong>eisdem</strong></span> <span class='ocrx_word' id='word_1_19' title='bbox 226 715 341 779; x_wconf 91' lang='lat' dir='ltr'><strong>noster</strong></span> <span class='ocrx_word' id='word_1_20' title='bbox 363 713 565 779; x_wconf 86' lang='lat' dir='ltr'><strong>castellanus</strong></span> <span class='ocrx_word' id='word_1_21' title='bbox 588 716 722 780; x_wconf 88' lang='lat' dir='ltr'><strong>maneat</strong></span> <span class='ocrx_word' id='word_1_22' title='bbox 743 716 936 798; x_wconf 88' lang='lat' dir='ltr'><strong>perpetuus.</strong></span> <span class='ocrx_word' id='word_1_23' title='bbox 973 714 1058 780; x_wconf 83' lang='lat' dir='ltr'>Item</span> <span class='ocrx_word' id='word_1_24' title='bbox 1082 715 1123 780; x_wconf 92' lang='lat' dir='ltr'><strong>de</strong></span> <span class='ocrx_word' id='word_1_25' title='bbox 1146 716 1316 798; x_wconf 85' lang='lat' dir='ltr'><strong>premissis</strong></span> <span class='ocrx_word' id='word_1_26' title='bbox 1340 716 1437 781; x_wconf 91' lang='lat' dir='ltr'><strong>bonis</strong></span> <span class='ocrx_word' id='word_1_27' title='bbox 1460 716 1556 781; x_wconf 91' lang='lat' dir='ltr'><strong>nobis</strong></span> <span class='ocrx_word' id='word_1_28' title='bbox 1579 717 1783 799; x_wconf 71' lang='lat' dir='ltr'><strong>obsequetur</strong></span> <span class='ocrx_word' id='word_1_29' title='bbox 1798 722 1831 784; x_wconf 89' lang='lat' dir='ltr'><strong>et</strong></span> <span class='ocrx_word' id='word_1_30' title='bbox 1847 722 1962 785; x_wconf 88' lang='lat' dir='ltr'><strong>contra</strong></span> <span class='ocrx_word' id='word_1_31' title='bbox 1977 741 2094 786; x_wconf 90' lang='lat' dir='ltr'><strong>omnes</strong></span> 
     </span>
     <span class='ocr_line' id='line_1_4' title="bbox 82 819 2095 908; baseline 0.003 -22"><span class='ocrx_word' id='word_1_32' title='bbox 82 822 228 886; x_wconf 85' lang='lat' dir='ltr'><strong>virentes</strong></span> <span class='ocrx_word' id='word_1_33' title='bbox 257 819 354 886; x_wconf 91' lang='lat' dir='ltr'><strong>nobis</strong></span> <span class='ocrx_word' id='word_1_34' title='bbox 381 819 554 902; x_wconf 77' lang='lat' dir='ltr'><strong>malignari</strong></span> <span class='ocrx_word' id='word_1_35' title='bbox 583 820 732 887; x_wconf 88' lang='lat' dir='ltr'><strong>volentes</strong></span> <span class='ocrx_word' id='word_1_36' title='bbox 760 839 822 884; x_wconf 89' lang='lat' dir='ltr'><strong>nos</strong></span> <span class='ocrx_word' id='word_1_37' title='bbox 849 821 940 888; x_wconf 89' lang='lat' dir='ltr'><strong>bona</strong></span> <span class='ocrx_word' id='word_1_38' title='bbox 967 820 1033 886; x_wconf 88' lang='lat' dir='ltr'><strong>fide</strong></span> <span class='ocrx_word' id='word_1_39' title='bbox 1062 821 1242 886; x_wconf 87' lang='lat' dir='ltr'><strong>adiuvabit.</strong></span> <span class='ocrx_word' id='word_1_40' title='bbox 1288 822 1325 888; x_wconf 92' lang='lat' dir='ltr'><strong>Si</strong></span> <span class='ocrx_word' id='word_1_41' title='bbox 1354 842 1433 887; x_wconf 90' lang='lat' dir='ltr'><strong>vero</strong></span> <span class='ocrx_word' id='word_1_42' title='bbox 1464 823 1591 888; x_wconf 89' lang='lat' dir='ltr'><strong>ratione</strong></span> <span class='ocrx_word' id='word_1_43' title='bbox 1617 823 1755 889; x_wconf 89' lang='lat' dir='ltr'><strong>alicuius</strong></span> <span class='ocrx_word' id='word_1_44' title='bbox 1784 825 2019 908; x_wconf 76' lang='lat' dir='ltr'><strong>indignationis</strong></span> <span class='ocrx_word' id='word_1_45' title='bbox 2042 827 2095 892; x_wconf 83' lang='lat' dir='ltr'><strong>rel</strong></span> 
     </span>
     <span class='ocr_line' id='line_1_5' title="bbox 77 925 2094 1016; baseline 0.003 -24"><span class='ocrx_word' id='word_1_46' title='bbox 77 927 213 992; x_wconf 86' lang='lat' dir='ltr'><strong>alterius</strong></span> <span class='ocrx_word' id='word_1_47' title='bbox 244 925 385 991; x_wconf 86' lang='lat' dir='ltr'><strong>alicuius</strong></span> <span class='ocrx_word' id='word_1_48' title='bbox 414 944 512 991; x_wconf 87' lang='lat' dir='ltr'><strong>cause</strong></span> <span class='ocrx_word' id='word_1_49' title='bbox 540 925 602 990; x_wconf 89' lang='lat' dir='ltr'><strong>heo</strong></span> <span class='ocrx_word' id='word_1_50' title='bbox 632 925 741 991; x_wconf 85' lang='lat' dir='ltr'><strong>facere</strong></span> <span class='ocrx_word' id='word_1_51' title='bbox 770 929 952 992; x_wconf 79' lang='lat' dir='ltr'><strong>rennueret</strong></span> <span class='ocrx_word' id='word_1_52' title='bbox 979 930 1013 991; x_wconf 92' lang='lat' dir='ltr'><strong>et</strong></span> <span class='ocrx_word' id='word_1_53' title='bbox 1038 947 1058 992; x_wconf 86' lang='lat' dir='ltr'><strong>a</strong></span> <span class='ocrx_word' id='word_1_54' title='bbox 1088 927 1185 992; x_wconf 88' lang='lat' dir='ltr'><strong>nobis</strong></span> <span class='ocrx_word' id='word_1_55' title='bbox 1214 928 1395 1008; x_wconf 86' lang='lat' dir='ltr'><strong>recederet,</strong></span> <span class='ocrx_word' id='word_1_56' title='bbox 1428 928 1517 993; x_wconf 86' lang='lat' dir='ltr'><strong>dicta</strong></span> <span class='ocrx_word' id='word_1_57' title='bbox 1547 929 1636 994; x_wconf 88' lang='lat' dir='ltr'><strong>bona</strong></span> <span class='ocrx_word' id='word_1_58' title='bbox 1659 929 1763 995; x_wconf 91' lang='lat' dir='ltr'><strong>libera</strong></span> <span class='ocrx_word' id='word_1_59' title='bbox 1786 933 1819 994; x_wconf 90' lang='lat' dir='ltr'><strong>et</strong></span> <span class='ocrx_word' id='word_1_60' title='bbox 1842 932 1996 998; x_wconf 87' lang='lat' dir='ltr'><strong>absoluta</strong></span> <span class='ocrx_word' id='word_1_61' title='bbox 2018 952 2094 1016; x_wconf 90' lang='lat' dir='ltr'><strong>per-</strong></span> 
     </span>
     <span class='ocr_line' id='line_1_6' title="bbox 81 1029 2093 1119; baseline 0.002 -21"><span class='ocrx_word' id='word_1_62' title='bbox 81 1031 270 1098; x_wconf 86' lang='lat' dir='ltr'><strong>manebunt.</strong></span> <span class='ocrx_word' id='word_1_63' title='bbox 310 1032 395 1097; x_wconf 88' lang='lat' dir='ltr'><strong>Item</strong></span> <span class='ocrx_word' id='word_1_64' title='bbox 418 1030 507 1096; x_wconf 90' lang='lat' dir='ltr'><strong>filius</strong></span> <span class='ocrx_word' id='word_1_65' title='bbox 531 1050 613 1096; x_wconf 90' lang='lat' dir='ltr'><strong>suus</strong></span> <span class='ocrx_word' id='word_1_66' title='bbox 636 1029 821 1112; x_wconf 78' lang='lat' dir='ltr'><strong>lohannes,</strong></span> <span class='ocrx_word' id='word_1_67' title='bbox 845 1051 945 1114; x_wconf 93' lang='lat' dir='ltr'><strong>quem</strong></span> <span class='ocrx_word' id='word_1_68' title='bbox 969 1033 1065 1098; x_wconf 92' lang='lat' dir='ltr'><strong>nobis</strong></span> <span class='ocrx_word' id='word_1_69' title='bbox 1088 1032 1339 1098; x_wconf 82' lang='lat' dir='ltr'><strong>ministerialem</strong></span> <span class='ocrx_word' id='word_1_70' title='bbox 1363 1034 1463 1114; x_wconf 90' lang='lat' dir='ltr'><strong>dedit,</strong></span> <span class='ocrx_word' id='word_1_71' title='bbox 1488 1037 1601 1099; x_wconf 89' lang='lat' dir='ltr'><strong>noster</strong></span> <span class='ocrx_word' id='word_1_72' title='bbox 1616 1038 1798 1119; x_wconf 89' lang='lat' dir='ltr'><strong>perpetuus</strong></span> <span class='ocrx_word' id='word_1_73' title='bbox 1815 1036 1877 1100; x_wconf 90' lang='lat' dir='ltr'><strong>erit</strong></span> <span class='ocrx_word' id='word_1_74' title='bbox 1893 1039 2093 1105; x_wconf 87' lang='lat' dir='ltr'><strong>castellanus</strong></span> 
     </span>
     <span class='ocr_line' id='line_1_7' title="bbox 81 1136 2094 1226; baseline 0.003 -24"><span class='ocrx_word' id='word_1_75' title='bbox 81 1140 111 1202; x_wconf 92' lang='lat' dir='ltr'><strong>et</strong></span> <span class='ocrx_word' id='word_1_76' title='bbox 138 1136 235 1201; x_wconf 91' lang='lat' dir='ltr'><strong>nobis</strong></span> <span class='ocrx_word' id='word_1_77' title='bbox 263 1156 302 1202; x_wconf 84' lang='lat' dir='ltr'><strong>ao</strong></span> <span class='ocrx_word' id='word_1_78' title='bbox 329 1136 509 1202; x_wconf 90' lang='lat' dir='ltr'><strong>heredibus</strong></span> <span class='ocrx_word' id='word_1_79' title='bbox 537 1136 662 1204; x_wconf 87' lang='lat' dir='ltr'><strong>nostris</strong></span> <span class='ocrx_word' id='word_1_80' title='bbox 689 1139 779 1203; x_wconf 88' lang='lat' dir='ltr'><strong>bona</strong></span> <span class='ocrx_word' id='word_1_81' title='bbox 808 1136 875 1202; x_wconf 88' lang='lat' dir='ltr'><strong>fide</strong></span> <span class='ocrx_word' id='word_1_82' title='bbox 904 1137 1110 1221; x_wconf 85' lang='lat' dir='ltr'><strong>obsequetur</strong></span> <span class='ocrx_word' id='word_1_83' title='bbox 1140 1141 1256 1204; x_wconf 87' lang='lat' dir='ltr'><strong>contra</strong></span> <span class='ocrx_word' id='word_1_84' title='bbox 1278 1158 1394 1204; x_wconf 88' lang='lat' dir='ltr'><strong>omnes</strong></span> <span class='ocrx_word' id='word_1_85' title='bbox 1418 1139 1567 1204; x_wconf 87' lang='lat' dir='ltr'><strong>viventes</strong></span> <span class='ocrx_word' id='word_1_86' title='bbox 1592 1139 1687 1205; x_wconf 92' lang='lat' dir='ltr'><strong>nobis</strong></span> <span class='ocrx_word' id='word_1_87' title='bbox 1712 1160 1750 1206; x_wconf 87' lang='lat' dir='ltr'><strong>ao</strong></span> <span class='ocrx_word' id='word_1_88' title='bbox 1774 1143 1897 1207; x_wconf 90' lang='lat' dir='ltr'><strong>nostris</strong></span> <span class='ocrx_word' id='word_1_89' title='bbox 1921 1143 2094 1226; x_wconf 79' lang='lat' dir='ltr'><strong>malignari</strong></span> 
     </span>
     <span class='ocr_line' id='line_1_8' title="bbox 79 1241 2094 1314; baseline 0.002 -6"><span class='ocrx_word' id='word_1_90' title='bbox 79 1243 224 1308; x_wconf 90' lang='lat' dir='ltr'><strong>volentes</strong></span> <span class='ocrx_word' id='word_1_91' title='bbox 255 1262 316 1308; x_wconf 92' lang='lat' dir='ltr'><strong>nos</strong></span> <span class='ocrx_word' id='word_1_92' title='bbox 345 1241 489 1308; x_wconf 88' lang='lat' dir='ltr'><strong>fideliter</strong></span> <span class='ocrx_word' id='word_1_93' title='bbox 520 1243 710 1308; x_wconf 86' lang='lat' dir='ltr'><strong>adiuvando</strong></span> <span class='ocrx_word' id='word_1_94' title='bbox 740 1244 832 1309; x_wconf 89' lang='lat' dir='ltr'><strong>salvo</strong></span> <span class='ocrx_word' id='word_1_95' title='bbox 863 1245 936 1309; x_wconf 92' lang='lat' dir='ltr'><strong>iure</strong></span> <span class='ocrx_word' id='word_1_96' title='bbox 964 1243 1093 1309; x_wconf 87' lang='lat' dir='ltr'><strong>iusticie</strong></span> <span class='ocrx_word' id='word_1_97' title='bbox 1121 1246 1243 1309; x_wconf 91' lang='lat' dir='ltr'><strong>nostre.</strong></span> <span class='ocrx_word' id='word_1_98' title='bbox 1291 1244 1327 1309; x_wconf 88' lang='lat' dir='ltr'><strong>Si</strong></span> <span class='ocrx_word' id='word_1_99' title='bbox 1351 1263 1430 1310; x_wconf 86' lang='lat' dir='ltr'><strong>vero</strong></span> <span class='ocrx_word' id='word_1_100' title='bbox 1453 1245 1515 1309; x_wconf 91' lang='lat' dir='ltr'><strong>hec</strong></span> <span class='ocrx_word' id='word_1_101' title='bbox 1538 1265 1605 1310; x_wconf 91' lang='lat' dir='ltr'><strong>non</strong></span> <span class='ocrx_word' id='word_1_102' title='bbox 1628 1244 1743 1311; x_wconf 87' lang='lat' dir='ltr'><strong>fecerit</strong></span> <span class='ocrx_word' id='word_1_103' title='bbox 1765 1249 1799 1312; x_wconf 89' lang='lat' dir='ltr'><strong>et</strong></span> <span class='ocrx_word' id='word_1_104' title='bbox 1822 1268 1841 1312; x_wconf 88' lang='lat' dir='ltr'><strong>a</strong></span> <span class='ocrx_word' id='word_1_105' title='bbox 1865 1248 1962 1312; x_wconf 91' lang='lat' dir='ltr'><strong>nobis</strong></span> <span class='ocrx_word' id='word_1_106' title='bbox 1985 1269 2094 1314; x_wconf 89' lang='lat' dir='ltr'><strong>reces-</strong></span> 
     </span>
     <span class='ocr_line' id='line_1_9' title="bbox 79 1348 2177 1439; baseline 0.004 -28"><span class='ocrx_word' id='word_1_107' title='bbox 79 1349 166 1426; x_wconf 85' lang='lat' dir='ltr'><strong>serit,</strong></span> <span class='ocrx_word' id='word_1_108' title='bbox 194 1349 279 1414; x_wconf 88' lang='lat' dir='ltr'><strong>sciat</strong></span> <span class='ocrx_word' id='word_1_109' title='bbox 306 1369 342 1414; x_wconf 91' lang='lat' dir='ltr'><strong>se</strong></span> <span class='ocrx_word' id='word_1_110' title='bbox 372 1368 434 1431; x_wconf 87' lang='lat' dir='ltr'><strong>per</strong></span> <span class='ocrx_word' id='word_1_111' title='bbox 460 1349 523 1413; x_wconf 89' lang='lat' dir='ltr'><strong>bec</strong></span> <span class='ocrx_word' id='word_1_112' title='bbox 544 1348 635 1413; x_wconf 89' lang='lat' dir='ltr'><strong>bona</strong></span> <span class='ocrx_word' id='word_1_113' title='bbox 667 1349 829 1433; x_wconf 87' lang='lat' dir='ltr'><strong>premissa</strong></span> <span class='ocrx_word' id='word_1_114' title='bbox 864 1349 1059 1433; x_wconf 89' lang='lat' dir='ltr'><strong>perdidisse.</strong></span> <span class='ocrx_word' id='word_1_115' title='bbox 1107 1351 1189 1414; x_wconf 89' lang='lat' dir='ltr'><strong>Item</strong></span> <span class='ocrx_word' id='word_1_116' title='bbox 1214 1350 1242 1414; x_wconf 91' lang='lat' dir='ltr'><strong>si</strong></span> <span class='ocrx_word' id='word_1_117' title='bbox 1266 1349 1375 1415; x_wconf 89' lang='lat' dir='ltr'><strong>dictus</strong></span> <span class='ocrx_word' id='word_1_118' title='bbox 1399 1350 1555 1415; x_wconf 89' lang='lat' dir='ltr'><strong>dominus</strong></span> <span class='ocrx_word' id='word_1_119' title='bbox 1580 1351 1822 1439; x_wconf 87' lang='lat' dir='ltr'><strong>Her(mannus)</strong></span> <span class='ocrx_word' id='word_1_120' title='bbox 1845 1357 1878 1418; x_wconf 89' lang='lat' dir='ltr'><strong>et</strong></span> <span class='ocrx_word' id='word_1_121' title='bbox 1900 1353 1991 1419; x_wconf 85' lang='lat' dir='ltr'><strong>iilius</strong></span> <span class='ocrx_word' id='word_1_122' title='bbox 2014 1374 2094 1420; x_wconf 92' lang='lat' dir='ltr'><strong>suus</strong></span> <span class='ocrx_word' id='word_1_123' title='bbox 2176 1433 2177 1438; x_wconf 5' lang='grc' dir='ltr'>ἵ</span> 
     </span>
     <span class='ocr_line' id='line_1_10' title="bbox 78 1452 2096 1540; baseline 0.003 -23"><span class='ocrx_word' id='word_1_124' title='bbox 78 1453 246 1518; x_wconf 81' lang='lat' dir='ltr'><strong>lohannes</strong></span> <span class='ocrx_word' id='word_1_125' title='bbox 276 1453 404 1536; x_wconf 87' lang='lat' dir='ltr'><strong>absque</strong></span> <span class='ocrx_word' id='word_1_126' title='bbox 432 1454 613 1519; x_wconf 88' lang='lat' dir='ltr'><strong>heredibus</strong></span> <span class='ocrx_word' id='word_1_127' title='bbox 643 1454 846 1520; x_wconf 85' lang='lat' dir='ltr'><strong>decesserint</strong></span> <span class='ocrx_word' id='word_1_128' title='bbox 874 1455 1025 1520; x_wconf 90' lang='lat' dir='ltr'><strong>debiturn</strong></span> <span class='ocrx_word' id='word_1_129' title='bbox 1055 1459 1175 1521; x_wconf 89' lang='lat' dir='ltr'><strong>nature</strong></span> <span class='ocrx_word' id='word_1_130' title='bbox 1206 1475 1266 1540; x_wconf 89' lang='lat' dir='ltr'><strong>per</strong></span> <span class='ocrx_word' id='word_1_131' title='bbox 1293 1458 1434 1520; x_wconf 87' lang='lat' dir='ltr'><strong>mortem</strong></span> <span class='ocrx_word' id='word_1_132' title='bbox 1463 1456 1632 1538; x_wconf 89' lang='lat' dir='ltr'><strong>solvendo,</strong></span> <span class='ocrx_word' id='word_1_133' title='bbox 1661 1459 1694 1522; x_wconf 89' lang='lat' dir='ltr'><strong>et</strong></span> <span class='ocrx_word' id='word_1_134' title='bbox 1727 1452 1755 1522; x_wconf 89' lang='lat' dir='ltr'><strong>si</strong></span> <span class='ocrx_word' id='word_1_135' title='bbox 1779 1459 1873 1523; x_wconf 89' lang='lat' dir='ltr'><strong>amici</strong></span> <span class='ocrx_word' id='word_1_136' title='bbox 1898 1461 1931 1524; x_wconf 88' lang='lat' dir='ltr'><strong>et</strong></span> <span class='ocrx_word' id='word_1_137' title='bbox 1954 1479 2096 1525; x_wconf 85' lang='lat' dir='ltr'><strong>consan-</strong></span> 
     </span>
     <span class='ocr_line' id='line_1_11' title="bbox 83 1557 2095 1648; baseline 0.005 -27"><span class='ocrx_word' id='word_1_138' title='bbox 83 1557 190 1640; x_wconf 82' lang='lat' dir='ltr'><strong>guinei</strong></span> <span class='ocrx_word' id='word_1_139' title='bbox 206 1559 356 1641; x_wconf 92' lang='lat' dir='ltr'><strong>ipsorum</strong></span> <span class='ocrx_word' id='word_1_140' title='bbox 372 1579 478 1625; x_wconf 90' lang='lat' dir='ltr'><strong>unum</strong></span> <span class='ocrx_word' id='word_1_141' title='bbox 494 1561 536 1624; x_wconf 92' lang='lat' dir='ltr'><strong>de</strong></span> <span class='ocrx_word' id='word_1_142' title='bbox 552 1559 629 1624; x_wconf 92' lang='lat' dir='ltr'><strong>filiis</strong></span> <span class='ocrx_word' id='word_1_143' title='bbox 653 1561 733 1626; x_wconf 91' lang='lat' dir='ltr'><strong>dicti</strong></span> <span class='ocrx_word' id='word_1_144' title='bbox 750 1560 875 1625; x_wconf 88' lang='lat' dir='ltr'><strong>domini</strong></span> <span class='ocrx_word' id='word_1_145' title='bbox 892 1561 1077 1626; x_wconf 90' lang='lat' dir='ltr'><strong>Hermanni</strong></span> <span class='ocrx_word' id='word_1_146' title='bbox 1099 1560 1198 1626; x_wconf 91' lang='lat' dir='ltr'><strong>nobis</strong></span> <span class='ocrx_word' id='word_1_147' title='bbox 1221 1561 1470 1627; x_wconf 84' lang='lat' dir='ltr'><strong>ministerialem</strong></span> <span class='ocrx_word' id='word_1_148' title='bbox 1486 1563 1647 1643; x_wconf 85' lang='lat' dir='ltr'><strong>dederint,</strong></span> <span class='ocrx_word' id='word_1_149' title='bbox 1670 1564 1727 1628; x_wconf 93' lang='lat' dir='ltr'><strong>ille</strong></span> <span class='ocrx_word' id='word_1_150' title='bbox 1743 1584 1945 1648; x_wconf 90' lang='lat' dir='ltr'><strong>quocunque</strong></span> <span class='ocrx_word' id='word_1_151' title='bbox 1961 1568 2095 1632; x_wconf 89' lang='lat' dir='ltr'><strong>nomine</strong></span> 
     </span>
     <span class='ocr_line' id='line_1_12' title="bbox 82 1664 2097 1754; baseline 0.004 -26"><span class='ocrx_word' id='word_1_152' title='bbox 82 1664 179 1729; x_wconf 88' lang='lat' dir='ltr'><strong>utitur</strong></span> <span class='ocrx_word' id='word_1_153' title='bbox 202 1684 285 1748; x_wconf 90' lang='lat' dir='ltr'><strong>sepe</strong></span> <span class='ocrx_word' id='word_1_154' title='bbox 308 1665 478 1730; x_wconf 87' lang='lat' dir='ltr'><strong>nominata</strong></span> <span class='ocrx_word' id='word_1_155' title='bbox 500 1665 589 1732; x_wconf 86' lang='lat' dir='ltr'><strong>bona</strong></span> <span class='ocrx_word' id='word_1_156' title='bbox 605 1667 676 1730; x_wconf 92' lang='lat' dir='ltr'><strong>iure</strong></span> <span class='ocrx_word' id='word_1_157' title='bbox 692 1667 856 1751; x_wconf 88' lang='lat' dir='ltr'><strong>premisso</strong></span> <span class='ocrx_word' id='word_1_158' title='bbox 872 1669 907 1731; x_wconf 89' lang='lat' dir='ltr'><strong>et</strong></span> <span class='ocrx_word' id='word_1_159' title='bbox 922 1667 1023 1731; x_wconf 93' lang='lat' dir='ltr'><strong>modo</strong></span> <span class='ocrx_word' id='word_1_160' title='bbox 1039 1667 1230 1751; x_wconf 91' lang='lat' dir='ltr'><strong>supradicto</strong></span> <span class='ocrx_word' id='word_1_161' title='bbox 1247 1667 1440 1750; x_wconf 90' lang='lat' dir='ltr'><strong>possidebit.</strong></span> <span class='ocrx_word' id='word_1_162' title='bbox 1480 1668 1518 1732; x_wconf 94' lang='lat' dir='ltr'><strong>In</strong></span> <span class='ocrx_word' id='word_1_163' title='bbox 1534 1667 1628 1734; x_wconf 88' lang='lat' dir='ltr'><strong>ouius</strong></span> <span class='ocrx_word' id='word_1_164' title='bbox 1645 1670 1694 1734; x_wconf 90' lang='lat' dir='ltr'><strong>rei</strong></span> <span class='ocrx_word' id='word_1_165' title='bbox 1709 1671 1936 1735; x_wconf 87' lang='lat' dir='ltr'><strong>testimonium</strong></span> <span class='ocrx_word' id='word_1_166' title='bbox 1951 1672 2097 1754; x_wconf 84' lang='lat' dir='ltr'><strong>sigillum</strong></span> 
     </span>
     <span class='ocr_line' id='line_1_13' title="bbox 80 1770 2096 1860; baseline 0.004 -28"><span class='ocrx_word' id='word_1_167' title='bbox 80 1772 228 1834; x_wconf 91' lang='lat' dir='ltr'><strong>nostrum</strong></span> <span class='ocrx_word' id='word_1_168' title='bbox 248 1770 463 1853; x_wconf 86' lang='lat' dir='ltr'><strong>presentibus</strong></span> <span class='ocrx_word' id='word_1_169' title='bbox 481 1771 635 1836; x_wconf 83' lang='lat' dir='ltr'><strong>duximus</strong></span> <span class='ocrx_word' id='word_1_170' title='bbox 653 1773 899 1855; x_wconf 88' lang='lat' dir='ltr'><strong>apponendum.</strong></span> <span class='ocrx_word' id='word_1_171' title='bbox 939 1772 1023 1837; x_wconf 90' lang='lat' dir='ltr'><strong>Item</strong></span> <span class='ocrx_word' id='word_1_172' title='bbox 1038 1773 1081 1837; x_wconf 87' lang='lat' dir='ltr'><strong>ad</strong></span> <span class='ocrx_word' id='word_1_173' title='bbox 1097 1773 1258 1838; x_wconf 84' lang='lat' dir='ltr'><strong>maiorem</strong></span> <span class='ocrx_word' id='word_1_174' title='bbox 1274 1773 1305 1838; x_wconf 88' lang='lat' dir='ltr'><strong>et</strong></span> <span class='ocrx_word' id='word_1_175' title='bbox 1322 1773 1511 1838; x_wconf 89' lang='lat' dir='ltr'><strong>uberiorem</strong></span> <span class='ocrx_word' id='word_1_176' title='bbox 1526 1773 1763 1840; x_wconf 88' lang='lat' dir='ltr'><strong>firmitudinem</strong></span> <span class='ocrx_word' id='word_1_177' title='bbox 1780 1795 1919 1859; x_wconf 89' lang='lat' dir='ltr'><strong>presens</strong></span> <span class='ocrx_word' id='word_1_178' title='bbox 1935 1777 2096 1860; x_wconf 90' lang='lat' dir='ltr'><strong>scriptum</strong></span> 
     </span>
     <span class='ocr_line' id='line_1_14' title="bbox 78 1874 2097 1960; baseline 0.004 -21"><span class='ocrx_word' id='word_1_179' title='bbox 78 1874 190 1957; x_wconf 80' lang='lat' dir='ltr'><strong>sigillis</strong></span> <span class='ocrx_word' id='word_1_180' title='bbox 223 1876 424 1941; x_wconf 90' lang='lat' dir='ltr'><strong>venerabilis</strong></span> <span class='ocrx_word' id='word_1_181' title='bbox 457 1877 519 1942; x_wconf 83' lang='lat' dir='ltr'><strong>viri</strong></span> <span class='ocrx_word' id='word_1_182' title='bbox 549 1875 694 1942; x_wconf 86' lang='lat' dir='ltr'><strong>Conradi</strong></span> <span class='ocrx_word' id='word_1_183' title='bbox 723 1877 989 1960; x_wconf 79' lang='lat' dir='ltr'><strong>Osuaburgensis</strong></span> <span class='ocrx_word' id='word_1_184' title='bbox 1024 1878 1119 1943; x_wconf 87' lang='lat' dir='ltr'><strong>electi</strong></span> <span class='ocrx_word' id='word_1_185' title='bbox 1153 1898 1192 1943; x_wconf 88' lang='lat' dir='ltr'><strong>ac</strong></span> <span class='ocrx_word' id='word_1_186' title='bbox 1226 1877 1388 1944; x_wconf 90' lang='lat' dir='ltr'><strong>nobilium</strong></span> <span class='ocrx_word' id='word_1_187' title='bbox 1421 1879 1567 1944; x_wconf 88' lang='lat' dir='ltr'><strong>viromm</strong></span> <span class='ocrx_word' id='word_1_188' title='bbox 1602 1881 1813 1946; x_wconf 88' lang='lat' dir='ltr'><strong>dominorum</strong></span> <span class='ocrx_word' id='word_1_189' title='bbox 1842 1882 1882 1947; x_wconf 91' lang='lat' dir='ltr'><strong>de</strong></span> <span class='ocrx_word' id='word_1_190' title='bbox 1912 1882 2097 1947; x_wconf 89' lang='lat' dir='ltr'><strong>Stenvorde</strong></span> 
     </span>
     <span class='ocr_line' id='line_1_15' title="bbox 78 1981 2095 2069; baseline 0.004 -25"><span class='ocrx_word' id='word_1_191' title='bbox 78 1999 203 2044; x_wconf 84' lang='lat' dir='ltr'><strong>necnon</strong></span> <span class='ocrx_word' id='word_1_192' title='bbox 243 1981 385 2047; x_wconf 85' lang='lat' dir='ltr'><strong>civitatis</strong></span> <span class='ocrx_word' id='word_1_193' title='bbox 419 1981 686 2066; x_wconf 84' lang='lat' dir='ltr'><strong>Osnabnrgensis</strong></span> <span class='ocrx_word' id='word_1_194' title='bbox 721 1981 858 2049; x_wconf 85' lang='lat' dir='ltr'><strong>fecimus</strong></span> <span class='ocrx_word' id='word_1_195' title='bbox 893 1983 1099 2050; x_wconf 91' lang='lat' dir='ltr'><strong>communiri.</strong></span> <span class='ocrx_word' id='word_1_196' title='bbox 1154 1984 1276 2050; x_wconf 88' lang='lat' dir='ltr'><strong>Datum</strong></span> <span class='ocrx_word' id='word_1_197' title='bbox 1310 1985 1459 2050; x_wconf 85' lang='lat' dir='ltr'><strong>Beveren</strong></span> <span class='ocrx_word' id='word_1_198' title='bbox 1495 2003 1582 2050; x_wconf 86' lang='lat' dir='ltr'><strong>anno</strong></span> <span class='ocrx_word' id='word_1_199' title='bbox 1616 1986 1749 2052; x_wconf 89' lang='lat' dir='ltr'><strong>Domini</strong></span> <span class='ocrx_word' id='word_1_200' title='bbox 1784 1985 2095 2069; x_wconf 85' lang='lat' dir='ltr'><strong>M⁰.CC⁰LXXIIII⁰,</strong></span> 
     </span>
     <span class='ocr_line' id='line_1_16' title="bbox 79 2086 477 2170; baseline 0.005 -20"><span class='ocrx_word' id='word_1_201' title='bbox 79 2088 195 2168; x_wconf 82' lang='lat' dir='ltr'><strong>quarto</strong></span> <span class='ocrx_word' id='word_1_202' title='bbox 220 2086 300 2151; x_wconf 90' lang='lat' dir='ltr'><strong>Idus</strong></span> <span class='ocrx_word' id='word_1_203' title='bbox 323 2087 477 2170; x_wconf 75' lang='lat' dir='ltr'><strong>Augusti.</strong></span> 
     </span>
    </p>

    <p class='ocr_par' dir='ltr' id='par_1_3' title="bbox 206 2189 2098 2595">
     <span class='ocr_line' id='line_1_17' title="bbox 206 2189 2098 2284; baseline 0.004 -30"><span class='ocrx_word' id='word_1_204' title='bbox 206 2189 265 2256; x_wconf 86' lang='lat' dir='ltr'><strong>Or.</strong></span> <span class='ocrx_word' id='word_1_205' title='bbox 288 2195 332 2256; x_wconf 85' lang='lat' dir='ltr'><strong>r&#39;m</strong></span> <span class='ocrx_word' id='word_1_206' title='bbox 354 2191 427 2278; x_wconf 77' lang='grc'><em>1191.</em></span> <span class='ocrx_word' id='word_1_207' title='bbox 454 2189 558 2258; x_wconf 76' lang='grc' dir='ltr'><em>81.-Α.</em></span> <span class='ocrx_word' id='word_1_208' title='bbox 586 2215 626 2257; x_wconf 81' lang='lat' dir='ltr'><strong>zu</strong></span> <span class='ocrx_word' id='word_1_209' title='bbox 655 2194 810 2273; x_wconf 69' lang='lat' dir='ltr'><strong>Mirator,</strong></span> <span class='ocrx_word' id='word_1_210' title='bbox 843 2192 992 2274; x_wconf 80' lang='lat' dir='ltr'><strong>Grofrclr.</strong></span> <span class='ocrx_word' id='word_1_211' title='bbox 1017 2191 1217 2281; x_wconf 72' lang='lat' dir='ltr'><strong>Rooerrsberp</strong></span> <span class='ocrx_word' id='word_1_212' title='bbox 1244 2193 1306 2260; x_wconf 87' lang='lat' dir='ltr'><strong>Nr.</strong></span> <span class='ocrx_word' id='word_1_213' title='bbox 1333 2193 1383 2260; x_wconf 85' lang='grc'><strong>13.</strong></span> <span class='ocrx_word' id='word_1_214' title='bbox 1436 2193 1500 2259; x_wconf 87' lang='lat' dir='ltr'><strong>Von</strong></span> <span class='ocrx_word' id='word_1_215' title='bbox 1528 2193 1587 2260; x_wconf 82' lang='lat' dir='ltr'><strong>den</strong></span> <span class='ocrx_word' id='word_1_216' title='bbox 1620 2199 1684 2261; x_wconf 79' lang='lat' dir='ltr'><strong>sier</strong></span> <span class='ocrx_word' id='word_1_217' title='bbox 1718 2219 1760 2260; x_wconf 85' lang='lat' dir='ltr'><strong>on</strong></span> <span class='ocrx_word' id='word_1_218' title='bbox 1783 2195 2098 2284; x_wconf 70' lang='lat' dir='ltr'><strong>Perpamentsrreisen</strong></span> 
     </span>
     <span class='ocr_line' id='line_1_18' title="bbox 289 2297 2097 2387; baseline 0.002 -25"><span class='ocrx_word' id='word_1_219' title='bbox 289 2298 467 2384; x_wconf 73' lang='lat' dir='ltr'><strong>anpelrdnqt</strong></span> <span class='ocrx_word' id='word_1_220' title='bbox 487 2321 660 2385; x_wconf 70' lang='lat' dir='ltr'><strong>pomeranam</strong></span> <span class='ocrx_word' id='word_1_221' title='bbox 685 2298 810 2386; x_wconf 73' lang='lat' dir='ltr'><strong>Sieqetn</strong></span> <span class='ocrx_word' id='word_1_222' title='bbox 831 2322 893 2364; x_wconf 82' lang='lat' dir='ltr'><strong>nur</strong></span> <span class='ocrx_word' id='word_1_223' title='bbox 915 2299 991 2364; x_wconf 83' lang='lat' dir='ltr'><strong>noclr</strong></span> <span class='ocrx_word' id='word_1_224' title='bbox 1015 2323 1056 2364; x_wconf 85' lang='lat' dir='ltr'><strong>on</strong></span> <span class='ocrx_word' id='word_1_225' title='bbox 1079 2312 1178 2365; x_wconf 76' lang='lat' dir='ltr'><strong>crater</strong></span> <span class='ocrx_word' id='word_1_226' title='bbox 1202 2297 1295 2366; x_wconf 76' lang='lat' dir='ltr'><strong>Sorte</strong></span> <span class='ocrx_word' id='word_1_227' title='bbox 1317 2301 1377 2364; x_wconf 75' lang='lat' dir='ltr'><strong>dar</strong></span> <span class='ocrx_word' id='word_1_228' title='bbox 1399 2299 1571 2387; x_wconf 69' lang='lat' dir='ltr'><strong>dreierkr&#39;ye</strong></span> <span class='ocrx_word' id='word_1_229' title='bbox 1593 2300 1647 2366; x_wconf 82' lang='lat' dir='ltr'><strong>der</strong></span> <span class='ocrx_word' id='word_1_230' title='bbox 1672 2299 1794 2382; x_wconf 76' lang='lat' dir='ltr'><strong>Grofen</strong></span> <span class='ocrx_word' id='word_1_231' title='bbox 1821 2301 1890 2367; x_wconf 78' lang='lat' dir='ltr'><strong>Orto</strong></span> <span class='ocrx_word' id='word_1_232' title='bbox 1911 2307 1968 2368; x_wconf 79' lang='lat' dir='ltr'><strong>wie</strong></span> <span class='ocrx_word' id='word_1_233' title='bbox 1983 2303 2097 2366; x_wconf 81' lang='lat' dir='ltr'><strong>Abdit-</strong></span> 
     </span>
     <span class='ocr_line' id='line_1_19' title="bbox 289 2401 2096 2496; baseline 0.004 -30"><span class='ocrx_word' id='word_1_234' title='bbox 289 2404 375 2490; x_wconf 70' lang='lat' dir='ltr'><strong>dmrp</strong></span> <span class='ocrx_word' id='word_1_235' title='bbox 405 2401 510 2485; x_wconf 72' lang='lat' dir='ltr'><strong>Wertf.</strong></span> <span class='ocrx_word' id='word_1_236' title='bbox 535 2401 686 2491; x_wconf 63' lang='grc'><em>809011,</em></span> <span class='ocrx_word' id='word_1_237' title='bbox 711 2403 788 2484; x_wconf 77' lang='lat' dir='ltr'><strong>Hest</strong></span> <span class='ocrx_word' id='word_1_238' title='bbox 808 2403 840 2484; x_wconf 84' lang='lat'><strong>2,</strong></span> <span class='ocrx_word' id='word_1_239' title='bbox 869 2403 941 2491; x_wconf 86' lang='lat' dir='ltr'><strong>Taf.</strong></span> <span class='ocrx_word' id='word_1_240' title='bbox 967 2403 1109 2485; x_wconf 86' lang='lat' dir='ltr'><strong>XXXV,</strong></span> <span class='ocrx_word' id='word_1_241' title='bbox 1134 2403 1194 2486; x_wconf 87' lang='lat' dir='ltr'><strong>Nr,</strong></span> <span class='ocrx_word' id='word_1_242' title='bbox 1221 2403 1248 2472; x_wconf 86' lang='lat'><strong>7.</strong></span> <span class='ocrx_word' id='word_1_243' title='bbox 1289 2405 1384 2472; x_wconf 71' lang='grc' dir='ltr'><em>θεάν.</em></span> <span class='ocrx_word' id='word_1_244' title='bbox 1411 2405 1539 2494; x_wconf 82' lang='lat' dir='ltr'><strong>Lomey,</strong></span> <span class='ocrx_word' id='word_1_245' title='bbox 1566 2405 1677 2472; x_wconf 69' lang='lat' dir='ltr'><strong>Greci.</strong></span> <span class='ocrx_word' id='word_1_246' title='bbox 1693 2408 1722 2472; x_wconf 89' lang='lat' dir='ltr'><strong>d.</strong></span> <span class='ocrx_word' id='word_1_247' title='bbox 1741 2407 1817 2473; x_wconf 67' lang='lat' dir='ltr'><strong>me.</strong></span> <span class='ocrx_word' id='word_1_248' title='bbox 1841 2433 1867 2472; x_wconf 85' lang='lat' dir='ltr'><strong>v.</strong></span> <span class='ocrx_word' id='word_1_249' title='bbox 1886 2403 2096 2496; x_wconf 73' lang='lat' dir='ltr'><strong>Rornmberq,</strong></span> 
     </span>
     <span class='ocr_line' id='line_1_20' title="bbox 291 2507 749 2595; baseline 0.009 -23"><span class='ocrx_word' id='word_1_250' title='bbox 291 2507 362 2574; x_wconf 85' lang='lat' dir='ltr'><strong>Cod.</strong></span> <span class='ocrx_word' id='word_1_251' title='bbox 387 2511 462 2595; x_wconf 63' lang='lat' dir='ltr'><strong>dipl.</strong></span> <span class='ocrx_word' id='word_1_252' title='bbox 487 2509 521 2575; x_wconf 83' lang='lat' dir='ltr'><strong>S.</strong></span> <span class='ocrx_word' id='word_1_253' title='bbox 545 2509 590 2575; x_wconf 84' lang='grc'><strong>49</strong></span> <span class='ocrx_word' id='word_1_254' title='bbox 612 2507 671 2576; x_wconf 80' lang='lat' dir='ltr'><strong>Nr.</strong></span> <span class='ocrx_word' id='word_1_255' title='bbox 696 2508 749 2576; x_wconf 90' lang='grc'><strong>47.</strong></span> 
     </span>
    </p>

    <p class='ocr_par' dir='ltr' id='par_1_4' title="bbox 1033 2603 1148 2682">
     <span class='ocr_line' id='line_1_21' title="bbox 1033 2603 1148 2682; baseline 0.017 -2"><span class='ocrx_word' id='word_1_256' title='bbox 1033 2603 1148 2682; x_wconf 85' lang='grc'><em>1044.</em></span> 
     </span>
    </p>
   </div>
   <div class='ocr_carea' id='block_1_3' title="bbox 79 2725 2098 2927">
    <p class='ocr_par' dir='ltr' id='par_1_5' title="bbox 79 2725 2098 2927">
     <span class='ocr_line' id='line_1_22' title="bbox 80 2725 2098 2823; baseline 0.003 -26"><span class='ocrx_word' id='word_1_257' title='bbox 80 2726 210 2817; x_wconf 66' lang='lat' dir='ltr'><strong>Herzog}</strong></span> <span class='ocrx_word' id='word_1_258' title='bbox 245 2726 385 2798; x_wconf 81' lang='lat' dir='ltr'><strong>Jolronn</strong></span> <span class='ocrx_word' id='word_1_259' title='bbox 416 2749 481 2800; x_wconf 83' lang='lat' dir='ltr'><strong>von</strong></span> <span class='ocrx_word' id='word_1_260' title='bbox 514 2725 664 2800; x_wconf 69' lang='lat' dir='ltr'><strong>antem</strong></span> <span class='ocrx_word' id='word_1_261' title='bbox 697 2736 755 2804; x_wconf 83' lang='lat' dir='ltr'><strong>etc.</strong></span> <span class='ocrx_word' id='word_1_262' title='bbox 788 2729 924 2802; x_wconf 77' lang='lat' dir='ltr'><strong>sctmkr</strong></span> <span class='ocrx_word' id='word_1_263' title='bbox 950 2729 1027 2802; x_wconf 82' lang='lat' dir='ltr'><strong>dom</strong></span> <span class='ocrx_word' id='word_1_264' title='bbox 1055 2727 1115 2802; x_wconf 84' lang='lat' dir='ltr'><strong>Kl.</strong></span> <span class='ocrx_word' id='word_1_265' title='bbox 1143 2729 1265 2804; x_wconf 82' lang='lat' dir='ltr'><strong>Loltdo</strong></span> <span class='ocrx_word' id='word_1_266' title='bbox 1291 2732 1353 2803; x_wconf 83' lang='lat' dir='ltr'><strong>mit</strong></span> <span class='ocrx_word' id='word_1_267' title='bbox 1380 2729 1627 2823; x_wconf 73' lang='lat' dir='ltr'><strong>Einwitliprnp</strong></span> <span class='ocrx_word' id='word_1_268' title='bbox 1654 2732 1765 2803; x_wconf 79' lang='lat' dir='ltr'><strong>crines</strong></span> <span class='ocrx_word' id='word_1_269' title='bbox 1794 2731 1956 2804; x_wconf 82' lang='lat' dir='ltr'><strong>Brnders</strong></span> <span class='ocrx_word' id='word_1_270' title='bbox 1979 2732 2098 2804; x_wconf 71' lang='lat' dir='ltr'><strong>Albam</strong></span> 
     </span>
     <span class='ocr_line' id='line_1_23' title="bbox 79 2831 2098 2927; baseline 0.006 -26"><span class='ocrx_word' id='word_1_271' title='bbox 79 2831 140 2902; x_wconf 83' lang='lat' dir='ltr'><strong>den</strong></span> <span class='ocrx_word' id='word_1_272' title='bbox 159 2831 312 2905; x_wconf 80' lang='lat' dir='ltr'><strong>Zcbnten</strong></span> <span class='ocrx_word' id='word_1_273' title='bbox 339 2834 399 2904; x_wconf 79' lang='lat' dir='ltr'><strong>des</strong></span> <span class='ocrx_word' id='word_1_274' title='bbox 427 2833 557 2922; x_wconf 85' lang='lat' dir='ltr'><strong>Dorfes</strong></span> <span class='ocrx_word' id='word_1_275' title='bbox 574 2833 705 2907; x_wconf 80' lang='lat' dir='ltr'><strong>Bicrdc</strong></span> <span class='ocrx_word' id='word_1_276' title='bbox 731 2857 796 2907; x_wconf 74' lang='lat' dir='ltr'><strong>aar</strong></span> <span class='ocrx_word' id='word_1_277' title='bbox 814 2833 971 2926; x_wconf 73' lang='lat' dir='ltr'><strong>Stillunq</strong></span> <span class='ocrx_word' id='word_1_278' title='bbox 988 2837 1082 2907; x_wconf 83' lang='lat' dir='ltr'><strong>einer</strong></span> <span class='ocrx_word' id='word_1_279' title='bbox 1097 2832 1265 2910; x_wconf 73' lang='lat' dir='ltr'><strong>Mentoris</strong></span> <span class='ocrx_word' id='word_1_280' title='bbox 1283 2838 1347 2927; x_wconf 77' lang='lat' dir='ltr'><strong>frtr</strong></span> <span class='ocrx_word' id='word_1_281' title='bbox 1364 2832 1439 2910; x_wconf 79' lang='lat' dir='ltr'><strong>ltro</strong></span> <span class='ocrx_word' id='word_1_282' title='bbox 1459 2838 1594 2912; x_wconf 84' lang='lat' dir='ltr'><strong>Eltern.</strong></span> <span class='ocrx_word' id='word_1_283' title='bbox 1623 2835 1749 2908; x_wconf 82' lang='lat' dir='ltr'><strong>Goslor</strong></span> <span class='ocrx_word' id='word_1_284' title='bbox 1767 2834 1869 2908; x_wconf 84' lang='grc'><strong>1274</strong></span> <span class='ocrx_word' id='word_1_285' title='bbox 1890 2835 2030 2910; x_wconf 80' lang='lat' dir='ltr'><strong>Olrtober</strong></span> <span class='ocrx_word' id='word_1_286' title='bbox 2043 2841 2098 2913; x_wconf 86' lang='lat'><strong>31.</strong></span> 
     </span>
    </p>
   </div>
   <div class='ocr_carea' id='block_1_4' title="bbox 81 2949 2106 5436">
    <p class='ocr_par' dir='ltr' id='par_1_6' title="bbox 81 2949 2106 5436">
     <span class='ocr_line' id='line_1_24' title="bbox 180 2949 2098 3038; baseline 0.003 -24"><span class='ocrx_word' id='word_1_287' title='bbox 180 2949 220 3014; x_wconf 93' lang='lat' dir='ltr'><strong>ln</strong></span> <span class='ocrx_word' id='word_1_288' title='bbox 252 2951 388 3017; x_wconf 90' lang='lat' dir='ltr'><strong>nomine</strong></span> <span class='ocrx_word' id='word_1_289' title='bbox 416 2954 530 3018; x_wconf 88' lang='lat' dir='ltr'><strong>sancte</strong></span> <span class='ocrx_word' id='word_1_290' title='bbox 559 2955 593 3017; x_wconf 86' lang='lat' dir='ltr'><strong>et</strong></span> <span class='ocrx_word' id='word_1_291' title='bbox 619 2952 790 3018; x_wconf 91' lang='lat' dir='ltr'><strong>individue</strong></span> <span class='ocrx_word' id='word_1_292' title='bbox 818 2951 974 3019; x_wconf 87' lang='lat' dir='ltr'><strong>trinitatis</strong></span> <span class='ocrx_word' id='word_1_293' title='bbox 1005 2973 1111 3019; x_wconf 88' lang='lat' dir='ltr'><strong>amen.</strong></span> <span class='ocrx_word' id='word_1_294' title='bbox 1157 2951 1330 3020; x_wconf 80' lang='lat' dir='ltr'><strong>lohannes</strong></span> <span class='ocrx_word' id='word_1_295' title='bbox 1355 2951 1416 3020; x_wconf 90' lang='lat' dir='ltr'><strong>Dei</strong></span> <span class='ocrx_word' id='word_1_296' title='bbox 1439 2955 1550 3038; x_wconf 82' lang='lat' dir='ltr'><strong>gracia</strong></span> <span class='ocrx_word' id='word_1_297' title='bbox 1572 2955 1725 3036; x_wconf 85' lang='lat' dir='ltr'><strong>Saxonie,</strong></span> <span class='ocrx_word' id='word_1_298' title='bbox 1749 2954 1904 3036; x_wconf 78' lang='lat' dir='ltr'><strong>Angarie,</strong></span> <span class='ocrx_word' id='word_1_299' title='bbox 1927 2953 2098 3021; x_wconf 84' lang='lat' dir='ltr'><strong>Westielie</strong></span> 
     </span>
     <span class='ocr_line' id='line_1_25' title="bbox 81 3043 2099 3146; baseline 0.004 -27"><span class='ocrx_word' id='word_1_300' title='bbox 81 3055 143 3120; x_wconf 87' lang='lat' dir='ltr'><strong>dux</strong></span> <span class='ocrx_word' id='word_1_301' title='bbox 166 3056 450 3142; x_wconf 80' lang='lat' dir='ltr'><strong>burcgraviusque</strong></span> <span class='ocrx_word' id='word_1_302' title='bbox 472 3043 767 3143; x_wconf 62' lang='lat' dir='ltr'><strong>Ma&#39;gdeburgensis</strong></span> <span class='ocrx_word' id='word_1_303' title='bbox 790 3059 944 3125; x_wconf 90' lang='lat' dir='ltr'><strong>omnibus</strong></span> <span class='ocrx_word' id='word_1_304' title='bbox 969 3061 1225 3144; x_wconf 89' lang='lat' dir='ltr'><strong>imperpetuum.</strong></span> <span class='ocrx_word' id='word_1_305' title='bbox 1272 3062 1356 3127; x_wconf 88' lang='lat' dir='ltr'><strong>Cum</strong></span> <span class='ocrx_word' id='word_1_306' title='bbox 1380 3080 1495 3126; x_wconf 92' lang='lat' dir='ltr'><strong>omnes</strong></span> <span class='ocrx_word' id='word_1_307' title='bbox 1519 3081 1580 3145; x_wconf 93' lang='lat' dir='ltr'><strong>per</strong></span> <span class='ocrx_word' id='word_1_308' title='bbox 1603 3057 1745 3145; x_wconf 87' lang='lat' dir='ltr'><strong>primeri</strong></span> <span class='ocrx_word' id='word_1_309' title='bbox 1766 3061 1871 3145; x_wconf 87' lang='lat' dir='ltr'><strong>patris</strong></span> <span class='ocrx_word' id='word_1_310' title='bbox 1894 3060 2001 3126; x_wconf 89' lang='lat' dir='ltr'><strong>nostri</strong></span> <span class='ocrx_word' id='word_1_311' title='bbox 2023 3082 2099 3146; x_wconf 92' lang='lat' dir='ltr'><strong>pre·</strong></span> 
     </span>
     <span class='ocr_line' id='line_1_26' title="bbox 81 3161 2099 3251; baseline 0.004 -25"><span class='ocrx_word' id='word_1_312' title='bbox 81 3161 317 3228; x_wconf 70' lang='lat' dir='ltr'><strong>causacionem</strong></span> <span class='ocrx_word' id='word_1_313' title='bbox 345 3163 379 3228; x_wconf 94' lang='lat' dir='ltr'><strong>in</strong></span> <span class='ocrx_word' id='word_1_314' title='bbox 409 3165 541 3247; x_wconf 90' lang='lat' dir='ltr'><strong>culpam</strong></span> <span class='ocrx_word' id='word_1_315' title='bbox 570 3164 656 3248; x_wconf 87' lang='lat' dir='ltr'><strong>lapsi</strong></span> <span class='ocrx_word' id='word_1_316' title='bbox 683 3164 786 3229; x_wconf 91' lang='lat' dir='ltr'><strong>simus</strong></span> <span class='ocrx_word' id='word_1_317' title='bbox 816 3183 877 3230; x_wconf 89' lang='lat' dir='ltr'><strong>neo</strong></span> <span class='ocrx_word' id='word_1_318' title='bbox 900 3165 1078 3248; x_wconf 90' lang='lat' dir='ltr'><strong>quisquam</strong></span> <span class='ocrx_word' id='word_1_319' title='bbox 1100 3168 1218 3232; x_wconf 90' lang='lat' dir='ltr'><strong>mortis</strong></span> <span class='ocrx_word' id='word_1_320' title='bbox 1241 3184 1364 3250; x_wconf 89' lang='lat' dir='ltr'><strong>penam</strong></span> <span class='ocrx_word' id='word_1_321' title='bbox 1387 3167 1533 3251; x_wconf 74' lang='lat' dir='ltr'><strong>effugere</strong></span> <span class='ocrx_word' id='word_1_322' title='bbox 1555 3167 1674 3248; x_wconf 82' lang='lat' dir='ltr'><strong>valeat,</strong></span> <span class='ocrx_word' id='word_1_323' title='bbox 1702 3169 1846 3251; x_wconf 83' lang='lat' dir='ltr'><strong>expedit,</strong></span> <span class='ocrx_word' id='word_1_324' title='bbox 1871 3169 1907 3232; x_wconf 89' lang='lat' dir='ltr'><strong>ut</strong></span> <span class='ocrx_word' id='word_1_325' title='bbox 1930 3165 2020 3233; x_wconf 90' lang='lat' dir='ltr'><strong>diem</strong></span> <span class='ocrx_word' id='word_1_326' title='bbox 2043 3190 2099 3234; x_wconf 86' lang='lat' dir='ltr'><strong>ex-</strong></span> 
     </span>
     <span class='ocr_line' id='line_1_27' title="bbox 81 3269 2100 3357; baseline 0.004 -27"><span class='ocrx_word' id='word_1_327' title='bbox 81 3270 220 3333; x_wconf 92' lang='lat' dir='ltr'><strong>tremum</strong></span> <span class='ocrx_word' id='word_1_328' title='bbox 242 3269 339 3334; x_wconf 91' lang='lat' dir='ltr'><strong>bonis</strong></span> <span class='ocrx_word' id='word_1_329' title='bbox 364 3269 523 3353; x_wconf 87' lang='lat' dir='ltr'><strong>operibus</strong></span> <span class='ocrx_word' id='word_1_330' title='bbox 547 3273 581 3336; x_wconf 87' lang='lat' dir='ltr'><strong>et</strong></span> <span class='ocrx_word' id='word_1_331' title='bbox 603 3270 839 3355; x_wconf 79' lang='lat' dir='ltr'><strong>largicionibus</strong></span> <span class='ocrx_word' id='word_1_332' title='bbox 862 3272 1119 3338; x_wconf 89' lang='lat' dir='ltr'><strong>elemosinarum</strong></span> <span class='ocrx_word' id='word_1_333' title='bbox 1142 3292 1367 3357; x_wconf 81' lang='lat' dir='ltr'><strong>preparemus</strong></span> <span class='ocrx_word' id='word_1_334' title='bbox 1406 3273 1568 3338; x_wconf 88' lang='lat' dir='ltr'><strong>Noverint</strong></span> <span class='ocrx_word' id='word_1_335' title='bbox 1590 3273 1690 3356; x_wconf 74' lang='lat' dir='ltr'><strong>igitur</strong></span> <span class='ocrx_word' id='word_1_336' title='bbox 1711 3275 1885 3356; x_wconf 89' lang='lat' dir='ltr'><strong>presentes</strong></span> <span class='ocrx_word' id='word_1_337' title='bbox 1908 3275 1942 3338; x_wconf 91' lang='lat' dir='ltr'><strong>et</strong></span> <span class='ocrx_word' id='word_1_338' title='bbox 1963 3275 2100 3357; x_wconf 90' lang='lat' dir='ltr'><strong>posteri,</strong></span> 
     </span>
     <span class='ocr_line' id='line_1_28' title="bbox 83 3375 2100 3463; baseline 0.004 -25"><span class='ocrx_word' id='word_1_339' title='bbox 83 3375 168 3456; x_wconf 87' lang='lat' dir='ltr'><strong>quod</strong></span> <span class='ocrx_word' id='word_1_340' title='bbox 191 3395 256 3439; x_wconf 92' lang='lat' dir='ltr'><strong>nos</strong></span> <span class='ocrx_word' id='word_1_341' title='bbox 280 3376 322 3440; x_wconf 88' lang='lat' dir='ltr'><strong>de</strong></span> <span class='ocrx_word' id='word_1_342' title='bbox 345 3375 518 3442; x_wconf 87' lang='lat' dir='ltr'><strong>favorabili</strong></span> <span class='ocrx_word' id='word_1_343' title='bbox 540 3396 706 3443; x_wconf 89' lang='lat' dir='ltr'><strong>consensu</strong></span> <span class='ocrx_word' id='word_1_344' title='bbox 729 3377 894 3442; x_wconf 88' lang='lat' dir='ltr'><strong>karissimi</strong></span> <span class='ocrx_word' id='word_1_345' title='bbox 918 3378 1029 3444; x_wconf 83' lang='lat' dir='ltr'><strong>fratris</strong></span> <span class='ocrx_word' id='word_1_346' title='bbox 1052 3378 1157 3444; x_wconf 84' lang='lat' dir='ltr'><strong>nostri</strong></span> <span class='ocrx_word' id='word_1_347' title='bbox 1180 3378 1305 3444; x_wconf 93' lang='lat' dir='ltr'><strong>domini</strong></span> <span class='ocrx_word' id='word_1_348' title='bbox 1321 3378 1480 3463; x_wconf 82' lang='lat' dir='ltr'><strong>Al(berii)</strong></span> <span class='ocrx_word' id='word_1_349' title='bbox 1504 3379 1597 3444; x_wconf 89' lang='lat' dir='ltr'><strong>ducis</strong></span> <span class='ocrx_word' id='word_1_350' title='bbox 1620 3379 1663 3444; x_wconf 95' lang='lat' dir='ltr'><strong>ob</strong></span> <span class='ocrx_word' id='word_1_351' title='bbox 1687 3379 1828 3444; x_wconf 90' lang='lat' dir='ltr'><strong>salutem</strong></span> <span class='ocrx_word' id='word_1_352' title='bbox 1849 3380 2100 3463; x_wconf 84' lang='lat' dir='ltr'><strong>progenitorum</strong></span> 
     </span>
     <span class='ocr_line' id='line_1_29' title="bbox 84 3482 2100 3567; baseline 0.004 -24"><span class='ocrx_word' id='word_1_353' title='bbox 84 3483 271 3545; x_wconf 89' lang='lat' dir='ltr'><strong>nostrorum</strong></span> <span class='ocrx_word' id='word_1_354' title='bbox 292 3484 325 3546; x_wconf 89' lang='lat' dir='ltr'><strong>et</strong></span> <span class='ocrx_word' id='word_1_355' title='bbox 340 3485 490 3548; x_wconf 88' lang='lat' dir='ltr'><strong>nostram</strong></span> <span class='ocrx_word' id='word_1_356' title='bbox 511 3502 644 3548; x_wconf 93' lang='lat' dir='ltr'><strong>omnem</strong></span> <span class='ocrx_word' id='word_1_357' title='bbox 668 3482 831 3548; x_wconf 90' lang='lat' dir='ltr'><strong>decimam</strong></span> <span class='ocrx_word' id='word_1_358' title='bbox 847 3483 924 3549; x_wconf 87' lang='lat' dir='ltr'><strong>ville</strong></span> <span class='ocrx_word' id='word_1_359' title='bbox 940 3483 1083 3566; x_wconf 85' lang='lat' dir='ltr'><strong>Byrden,</strong></span> <span class='ocrx_word' id='word_1_360' title='bbox 1106 3505 1207 3567; x_wconf 87' lang='lat' dir='ltr'><strong>quam</strong></span> <span class='ocrx_word' id='word_1_361' title='bbox 1222 3484 1411 3550; x_wconf 81' lang='lat' dir='ltr'><strong>Friderious</strong></span> <span class='ocrx_word' id='word_1_362' title='bbox 1426 3485 1522 3550; x_wconf 87' lang='lat' dir='ltr'><strong>miles</strong></span> <span class='ocrx_word' id='word_1_363' title='bbox 1539 3484 1581 3549; x_wconf 90' lang='lat' dir='ltr'><strong>de</strong></span> <span class='ocrx_word' id='word_1_364' title='bbox 1597 3485 1780 3567; x_wconf 79' lang='lat' dir='ltr'><strong>Stegerden</strong></span> <span class='ocrx_word' id='word_1_365' title='bbox 1796 3503 1816 3548; x_wconf 91' lang='lat' dir='ltr'><strong>a</strong></span> <span class='ocrx_word' id='word_1_366' title='bbox 1832 3483 1930 3550; x_wconf 92' lang='lat' dir='ltr'><strong>nobis</strong></span> <span class='ocrx_word' id='word_1_367' title='bbox 1946 3484 2100 3551; x_wconf 87' lang='lat' dir='ltr'><strong>feodalite</strong></span> 
     </span>
     <span class='ocr_line' id='line_1_30' title="bbox 82 3585 2101 3674; baseline 0.003 -24"><span class='ocrx_word' id='word_1_368' title='bbox 82 3585 193 3666; x_wconf 88' lang='lat' dir='ltr'><strong>tenuit,</strong></span> <span class='ocrx_word' id='word_1_369' title='bbox 214 3587 356 3654; x_wconf 87' lang='lat' dir='ltr'><strong>cenobio</strong></span> <span class='ocrx_word' id='word_1_370' title='bbox 380 3587 576 3654; x_wconf 87' lang='lat' dir='ltr'><strong>monialium</strong></span> <span class='ocrx_word' id='word_1_371' title='bbox 600 3590 670 3653; x_wconf 89' lang='lat' dir='ltr'><strong>sive</strong></span> <span class='ocrx_word' id='word_1_372' title='bbox 694 3607 845 3654; x_wconf 90' lang='lat' dir='ltr'><strong>sororum</strong></span> <span class='ocrx_word' id='word_1_373' title='bbox 868 3589 902 3654; x_wconf 93' lang='lat' dir='ltr'><strong>in</strong></span> <span class='ocrx_word' id='word_1_374' title='bbox 926 3589 1005 3654; x_wconf 87' lang='lat' dir='ltr'><strong>villa</strong></span> <span class='ocrx_word' id='word_1_375' title='bbox 1021 3590 1162 3655; x_wconf 87' lang='lat' dir='ltr'><strong>Lodben</strong></span> <span class='ocrx_word' id='word_1_376' title='bbox 1184 3593 1345 3674; x_wconf 89' lang='lat' dir='ltr'><strong>quantum</strong></span> <span class='ocrx_word' id='word_1_377' title='bbox 1368 3589 1403 3654; x_wconf 93' lang='lat' dir='ltr'><strong>in</strong></span> <span class='ocrx_word' id='word_1_378' title='bbox 1426 3589 1522 3656; x_wconf 89' lang='lat' dir='ltr'><strong>nobis</strong></span> <span class='ocrx_word' id='word_1_379' title='bbox 1546 3592 1597 3656; x_wconf 87' lang='lat' dir='ltr'><strong>est</strong></span> <span class='ocrx_word' id='word_1_380' title='bbox 1620 3592 1654 3654; x_wconf 89' lang='lat' dir='ltr'><strong>et</strong></span> <span class='ocrx_word' id='word_1_381' title='bbox 1677 3590 1757 3654; x_wconf 87' lang='lat' dir='ltr'><strong>dare</strong></span> <span class='ocrx_word' id='word_1_382' title='bbox 1779 3609 1959 3674; x_wconf 88' lang='lat' dir='ltr'><strong>possumus</strong></span> <span class='ocrx_word' id='word_1_383' title='bbox 1983 3591 2101 3657; x_wconf 84' lang='lat' dir='ltr'><strong>devote</strong></span> 
     </span>
     <span class='ocr_line' id='line_1_31' title="bbox 85 3691 2100 3778; baseline 0.004 -24"><span class='ocrx_word' id='word_1_384' title='bbox 85 3711 120 3754; x_wconf 84' lang='lat' dir='ltr'><strong>ac</strong></span> <span class='ocrx_word' id='word_1_385' title='bbox 141 3691 323 3758; x_wconf 88' lang='lat' dir='ltr'><strong>liberaliter</strong></span> <span class='ocrx_word' id='word_1_386' title='bbox 351 3713 538 3777; x_wconf 84' lang='lat' dir='ltr'><strong>erogamus,</strong></span> <span class='ocrx_word' id='word_1_387' title='bbox 567 3692 728 3775; x_wconf 76' lang='lat' dir='ltr'><strong>volenteS,</strong></span> <span class='ocrx_word' id='word_1_388' title='bbox 754 3699 793 3761; x_wconf 90' lang='lat' dir='ltr'><strong>ut</strong></span> <span class='ocrx_word' id='word_1_389' title='bbox 820 3695 908 3761; x_wconf 89' lang='lat' dir='ltr'><strong>dicte</strong></span> <span class='ocrx_word' id='word_1_390' title='bbox 935 3715 1069 3761; x_wconf 90' lang='lat' dir='ltr'><strong>sorores</strong></span> <span class='ocrx_word' id='word_1_391' title='bbox 1097 3696 1167 3762; x_wconf 89' lang='lat' dir='ltr'><strong>sive</strong></span> <span class='ocrx_word' id='word_1_392' title='bbox 1195 3697 1357 3762; x_wconf 90' lang='lat' dir='ltr'><strong>moniales</strong></span> <span class='ocrx_word' id='word_1_393' title='bbox 1380 3695 1477 3761; x_wconf 88' lang='lat' dir='ltr'><strong>annis</strong></span> <span class='ocrx_word' id='word_1_394' title='bbox 1501 3693 1639 3778; x_wconf 79' lang='lat' dir='ltr'><strong>singulis</strong></span> <span class='ocrx_word' id='word_1_395' title='bbox 1662 3693 1731 3759; x_wconf 90' lang='lat' dir='ltr'><strong>Vl⁰.</strong></span> <span class='ocrx_word' id='word_1_396' title='bbox 1761 3692 1880 3778; x_wconf 86' lang='lat' dir='ltr'><strong>Jdus1)</strong></span> <span class='ocrx_word' id='word_1_397' title='bbox 1902 3691 2100 3762; x_wconf 88' lang='lat' dir='ltr'><strong>Novembris</strong></span> 
     </span>
     <span class='ocr_line' id='line_1_32' title="bbox 83 3797 2100 3885; baseline 0.002 -24"><span class='ocrx_word' id='word_1_398' title='bbox 83 3797 206 3864; x_wconf 91' lang='lat' dir='ltr'><strong>domini</strong></span> <span class='ocrx_word' id='word_1_399' title='bbox 224 3798 384 3882; x_wconf 85' lang='lat' dir='ltr'><strong>Al(berti)</strong></span> <span class='ocrx_word' id='word_1_400' title='bbox 409 3799 464 3885; x_wconf 89' lang='lat' dir='ltr'><strong>pie</strong></span> <span class='ocrx_word' id='word_1_401' title='bbox 487 3800 646 3866; x_wconf 89' lang='lat' dir='ltr'><strong>memorie</strong></span> <span class='ocrx_word' id='word_1_402' title='bbox 668 3801 775 3884; x_wconf 87' lang='lat' dir='ltr'><strong>patris</strong></span> <span class='ocrx_word' id='word_1_403' title='bbox 799 3802 904 3867; x_wconf 83' lang='lat' dir='ltr'><strong>nostri</strong></span> <span class='ocrx_word' id='word_1_404' title='bbox 928 3820 1059 3867; x_wconf 89' lang='lat' dir='ltr'><strong>necnon</strong></span> <span class='ocrx_word' id='word_1_405' title='bbox 1082 3801 1184 3866; x_wconf 92' lang='lat' dir='ltr'><strong>VIII⁰.</strong></span> <span class='ocrx_word' id='word_1_406' title='bbox 1209 3802 1322 3884; x_wconf 83' lang='lat' dir='ltr'><strong>Idus1)</strong></span> <span class='ocrx_word' id='word_1_407' title='bbox 1347 3801 1553 3885; x_wconf 88' lang='lat' dir='ltr'><strong>Septembris</strong></span> <span class='ocrx_word' id='word_1_408' title='bbox 1577 3799 1710 3866; x_wconf 91' lang='lat' dir='ltr'><strong>domine</strong></span> <span class='ocrx_word' id='word_1_409' title='bbox 1726 3799 1854 3865; x_wconf 91' lang='lat' dir='ltr'><strong>Helene</strong></span> <span class='ocrx_word' id='word_1_410' title='bbox 1870 3800 1973 3865; x_wconf 82' lang='lat' dir='ltr'><strong>felicis</strong></span> <span class='ocrx_word' id='word_1_411' title='bbox 1990 3821 2100 3867; x_wconf 91' lang='lat' dir='ltr'><strong>recor-</strong></span> 
     </span>
     <span class='ocr_line' id='line_1_33' title="bbox 87 3903 2100 3991; baseline 0.003 -25"><span class='ocrx_word' id='word_1_412' title='bbox 87 3903 228 3970; x_wconf 87' lang='lat' dir='ltr'><strong>dacionis</strong></span> <span class='ocrx_word' id='word_1_413' title='bbox 261 3906 377 3971; x_wconf 91' lang='lat' dir='ltr'><strong>matris</strong></span> <span class='ocrx_word' id='word_1_414' title='bbox 400 3909 514 3972; x_wconf 91' lang='lat' dir='ltr'><strong>nostre</strong></span> <span class='ocrx_word' id='word_1_415' title='bbox 538 3906 779 3972; x_wconf 84' lang='lat' dir='ltr'><strong>anniversalem</strong></span> <span class='ocrx_word' id='word_1_416' title='bbox 803 3906 996 3971; x_wconf 87' lang='lat' dir='ltr'><strong>memoriam</strong></span> <span class='ocrx_word' id='word_1_417' title='bbox 1018 3911 1180 3991; x_wconf 81' lang='lat' dir='ltr'><strong>peragant</strong></span> <span class='ocrx_word' id='word_1_418' title='bbox 1202 3907 1396 3972; x_wconf 88' lang='lat' dir='ltr'><strong>solemniter</strong></span> <span class='ocrx_word' id='word_1_419' title='bbox 1417 3905 1540 3988; x_wconf 75' lang='lat' dir='ltr'><strong>vigiliis</strong></span> <span class='ocrx_word' id='word_1_420' title='bbox 1563 3908 1665 3988; x_wconf 89' lang='lat' dir='ltr'><strong>atque</strong></span> <span class='ocrx_word' id='word_1_421' title='bbox 1688 3907 1810 3972; x_wconf 90' lang='lat' dir='ltr'><strong>missis.</strong></span> <span class='ocrx_word' id='word_1_422' title='bbox 1856 3907 1902 3971; x_wconf 93' lang='lat' dir='ltr'><strong>Ut</strong></span> <span class='ocrx_word' id='word_1_423' title='bbox 1924 3909 2036 3971; x_wconf 90' lang='lat' dir='ltr'><strong>autem</strong></span> <span class='ocrx_word' id='word_1_424' title='bbox 2058 3908 2100 3972; x_wconf 92' lang='lat' dir='ltr'><strong>de</strong></span> 
     </span>
     <span class='ocr_line' id='line_1_34' title="bbox 87 4009 2100 4094; baseline 0.002 -22"><span class='ocrx_word' id='word_1_425' title='bbox 87 4009 146 4074; x_wconf 87' lang='lat' dir='ltr'><strong>hac</strong></span> <span class='ocrx_word' id='word_1_426' title='bbox 175 4011 297 4076; x_wconf 87' lang='lat' dir='ltr'><strong>devota</strong></span> <span class='ocrx_word' id='word_1_427' title='bbox 324 4011 508 4078; x_wconf 91' lang='lat' dir='ltr'><strong>donacione</strong></span> <span class='ocrx_word' id='word_1_428' title='bbox 535 4011 618 4078; x_wconf 91' lang='lat' dir='ltr'><strong>nulli</strong></span> <span class='ocrx_word' id='word_1_429' title='bbox 646 4012 785 4078; x_wconf 90' lang='lat' dir='ltr'><strong>dubium</strong></span> <span class='ocrx_word' id='word_1_430' title='bbox 810 4011 862 4093; x_wconf 91' lang='lat' dir='ltr'><strong>sit,</strong></span> <span class='ocrx_word' id='word_1_431' title='bbox 890 4011 977 4078; x_wconf 85' lang='lat' dir='ltr'><strong>hano</strong></span> <span class='ocrx_word' id='word_1_432' title='bbox 1000 4012 1144 4078; x_wconf 84' lang='lat' dir='ltr'><strong>litteram</strong></span> <span class='ocrx_word' id='word_1_433' title='bbox 1172 4013 1311 4077; x_wconf 84' lang='lat' dir='ltr'><strong>cenobio</strong></span> <span class='ocrx_word' id='word_1_434' title='bbox 1335 4014 1518 4077; x_wconf 87' lang='lat' dir='ltr'><strong>memorato</strong></span> <span class='ocrx_word' id='word_1_435' title='bbox 1543 4009 1641 4094; x_wconf 82' lang='lat' dir='ltr'><strong>sigilli</strong></span> <span class='ocrx_word' id='word_1_436' title='bbox 1664 4012 1770 4076; x_wconf 88' lang='lat' dir='ltr'><strong>nostri</strong></span> <span class='ocrx_word' id='word_1_437' title='bbox 1794 4011 1976 4076; x_wconf 91' lang='lat' dir='ltr'><strong>munimine</strong></span> <span class='ocrx_word' id='word_1_438' title='bbox 1999 4011 2100 4076; x_wconf 93' lang='lat' dir='ltr'><strong>robo-</strong></span> 
     </span>
     <span class='ocr_line' id='line_1_35' title="bbox 86 4115 2099 4200; baseline 0.002 -22"><span class='ocrx_word' id='word_1_439' title='bbox 86 4118 184 4181; x_wconf 88' lang='lat' dir='ltr'><strong>ratam</strong></span> <span class='ocrx_word' id='word_1_440' title='bbox 200 4115 361 4182; x_wconf 89' lang='lat' dir='ltr'><strong>iussimus</strong></span> <span class='ocrx_word' id='word_1_441' title='bbox 377 4117 412 4182; x_wconf 92' lang='lat' dir='ltr'><strong>in</strong></span> <span class='ocrx_word' id='word_1_442' title='bbox 427 4117 658 4184; x_wconf 91' lang='lat' dir='ltr'><strong>testimonium</strong></span> <span class='ocrx_word' id='word_1_443' title='bbox 682 4117 820 4200; x_wconf 78' lang='lat' dir='ltr'><strong>erogari.</strong></span> <span class='ocrx_word' id='word_1_444' title='bbox 858 4117 975 4183; x_wconf 87' lang='lat' dir='ltr'><strong>Testes</strong></span> <span class='ocrx_word' id='word_1_445' title='bbox 991 4120 1070 4183; x_wconf 88' lang='lat' dir='ltr'><strong>sunt</strong></span> <span class='ocrx_word' id='word_1_446' title='bbox 1085 4121 1146 4183; x_wconf 90' lang='lat' dir='ltr'><strong>eto.</strong></span> <span class='ocrx_word' id='word_1_447' title='bbox 1187 4118 1308 4183; x_wconf 88' lang='lat' dir='ltr'><strong>Datum</strong></span> <span class='ocrx_word' id='word_1_448' title='bbox 1332 4119 1367 4184; x_wconf 93' lang='lat' dir='ltr'><strong>in</strong></span> <span class='ocrx_word' id='word_1_449' title='bbox 1383 4117 1502 4183; x_wconf 87' lang='lat' dir='ltr'><strong>Goslar</strong></span> <span class='ocrx_word' id='word_1_450' title='bbox 1518 4135 1607 4182; x_wconf 92' lang='lat' dir='ltr'><strong>anno</strong></span> <span class='ocrx_word' id='word_1_451' title='bbox 1624 4116 1757 4182; x_wconf 91' lang='lat' dir='ltr'><strong>Domini</strong></span> <span class='ocrx_word' id='word_1_452' title='bbox 1772 4115 2099 4198; x_wconf 81' lang='lat' dir='ltr'><strong>M⁰.CC⁰.LXXHII⁰.,</strong></span> 
     </span>
     <span class='ocr_line' id='line_1_36' title="bbox 83 4219 644 4305; baseline 0.009 -22"><span class='ocrx_word' id='word_1_453' title='bbox 83 4219 114 4284; x_wconf 94' lang='lat' dir='ltr'><strong>in</strong></span> <span class='ocrx_word' id='word_1_454' title='bbox 136 4221 248 4305; x_wconf 79' lang='lat' dir='ltr'><strong>vigilia</strong></span> <span class='ocrx_word' id='word_1_455' title='bbox 272 4225 421 4289; x_wconf 91' lang='lat' dir='ltr'><strong>omnium</strong></span> <span class='ocrx_word' id='word_1_456' title='bbox 444 4225 644 4289; x_wconf 84' lang='lat' dir='ltr'><strong>sanctorum.</strong></span> 
     </span>
     <span class='ocr_line' id='line_1_37' title="bbox 294 4327 565 4400; baseline 0.011 -18"><span class='ocrx_word' id='word_1_457' title='bbox 294 4328 317 4395; x_wconf 82' lang='lat'><strong>¹)</strong></span> <span class='ocrx_word' id='word_1_458' title='bbox 335 4329 426 4382; x_wconf 81' lang='lat' dir='ltr'><strong>Nonas</strong></span> <span class='ocrx_word' id='word_1_459' title='bbox 443 4329 479 4381; x_wconf 79' lang='lat' dir='ltr'><strong>im</strong></span> <span class='ocrx_word' id='word_1_460' title='bbox 497 4327 565 4400; x_wconf 65' lang='grc' dir='ltr'><strong>Καρ.</strong></span> 
     </span>
     <span class='ocr_line' id='line_1_38' title="bbox 211 4414 2102 4504; baseline -0.001 -25"><span class='ocrx_word' id='word_1_461' title='bbox 211 4414 305 4480; x_wconf 72' lang='lat' dir='ltr'><strong>Nocti</strong></span> <span class='ocrx_word' id='word_1_462' title='bbox 326 4418 383 4482; x_wconf 85' lang='lat' dir='ltr'><strong>der</strong></span> <span class='ocrx_word' id='word_1_463' title='bbox 405 4417 576 4497; x_wconf 75' lang='lat' dir='ltr'><strong>Abscbrift</strong></span> <span class='ocrx_word' id='word_1_464' title='bbox 597 4421 641 4483; x_wconf 77' lang='lat' dir='ltr'><strong>im</strong></span> <span class='ocrx_word' id='word_1_465' title='bbox 663 4417 741 4504; x_wconf 84' lang='lat' dir='ltr'><strong>Kop.</strong></span> <span class='ocrx_word' id='word_1_466' title='bbox 767 4415 828 4496; x_wconf 94' lang='grc' dir='ltr'><em>ΙΙΙ,</em></span> <span class='ocrx_word' id='word_1_467' title='bbox 855 4415 918 4482; x_wconf 83' lang='grc'><strong>130</strong></span> <span class='ocrx_word' id='word_1_468' title='bbox 943 4416 977 4482; x_wconf 81' lang='lat' dir='ltr'><strong>S.</strong></span> <span class='ocrx_word' id='word_1_469' title='bbox 993 4415 1061 4482; x_wconf 83' lang='lat'><strong>106</strong></span> <span class='ocrx_word' id='word_1_470' title='bbox 1082 4421 1126 4482; x_wconf 77' lang='lat' dir='ltr'><strong>im</strong></span> <span class='ocrx_word' id='word_1_471' title='bbox 1138 4415 1213 4504; x_wconf 69' lang='lat' dir='ltr'><strong>qu.</strong></span> <span class='ocrx_word' id='word_1_472' title='bbox 1228 4415 1335 4482; x_wconf 67' lang='lat' dir='ltr'><strong>Set-A.</strong></span> <span class='ocrx_word' id='word_1_473' title='bbox 1350 4415 1577 4495; x_wconf 61' lang='lat' dir='ltr'><strong>anannooaq</strong></span> <span class='ocrx_word' id='word_1_474' title='bbox 1600 4418 1645 4479; x_wconf 80' lang='lat' dir='ltr'><strong>im</strong></span> <span class='ocrx_word' id='word_1_475' title='bbox 1658 4414 1826 4480; x_wconf 81' lang='lat' dir='ltr'><strong>Lororrnrer</strong></span> <span class='ocrx_word' id='word_1_476' title='bbox 1840 4414 1963 4501; x_wconf 82' lang='lat' dir='ltr'><strong>Kopiar</strong></span> <span class='ocrx_word' id='word_1_477' title='bbox 1987 4415 2020 4482; x_wconf 78' lang='lat' dir='ltr'><strong>S.</strong></span> <span class='ocrx_word' id='word_1_478' title='bbox 2033 4414 2102 4479; x_wconf 80' lang='lat'><strong>313</strong></span> 
     </span>
     <span class='ocr_line' id='line_1_39' title="bbox 293 4519 2100 4609; baseline 0.001 -23"><span class='ocrx_word' id='word_1_479' title='bbox 293 4520 351 4590; x_wconf 82' lang='lat' dir='ltr'><strong>Nr.</strong></span> <span class='ocrx_word' id='word_1_480' title='bbox 379 4523 456 4589; x_wconf 80' lang='grc'><em>544.</em></span> <span class='ocrx_word' id='word_1_481' title='bbox 516 4523 611 4590; x_wconf 67' lang='lat' dir='ltr'><strong>eaor.</strong></span> <span class='ocrx_word' id='word_1_482' title='bbox 640 4548 667 4590; x_wconf 83' lang='grc' dir='ltr'><strong>υ.</strong></span> <span class='ocrx_word' id='word_1_483' title='bbox 695 4522 898 4609; x_wconf 71' lang='lat' dir='ltr'><strong>Hodnrbary,</strong></span> <span class='ocrx_word' id='word_1_484' title='bbox 935 4522 1141 4609; x_wconf 76' lang='lat' dir='ltr'><strong>Colenberper</strong></span> <span class='ocrx_word' id='word_1_485' title='bbox 1173 4520 1246 4587; x_wconf 80' lang='grc' dir='ltr'><strong>ΠΒ.</strong></span> <span class='ocrx_word' id='word_1_486' title='bbox 1270 4522 1367 4589; x_wconf 73' lang='lat' dir='ltr'><strong>Abit.</strong></span> <span class='ocrx_word' id='word_1_487' title='bbox 1394 4519 1458 4600; x_wconf 91' lang='grc' dir='ltr'><em>ΙΙΙ,</em></span> <span class='ocrx_word' id='word_1_488' title='bbox 1491 4520 1526 4588; x_wconf 79' lang='lat' dir='ltr'><strong>S.</strong></span> <span class='ocrx_word' id='word_1_489' title='bbox 1548 4519 1615 4586; x_wconf 84' lang='lat'><strong>220</strong></span> <span class='ocrx_word' id='word_1_490' title='bbox 1643 4519 1704 4589; x_wconf 85' lang='lat' dir='ltr'><strong>Nr.</strong></span> <span class='ocrx_word' id='word_1_491' title='bbox 1727 4520 1811 4600; x_wconf 80' lang='lat'><strong>339,</strong></span> <span class='ocrx_word' id='word_1_492' title='bbox 1846 4521 1927 4586; x_wconf 77' lang='lat' dir='ltr'><strong>noct</strong></span> <span class='ocrx_word' id='word_1_493' title='bbox 1959 4523 2100 4588; x_wconf 71' lang='lat' dir='ltr'><strong>walchem</strong></span> 
     </span>
     <span class='ocr_line' id='line_1_40' title="bbox 292 4625 2101 4716; baseline 0 -24"><span class='ocrx_word' id='word_1_494' title='bbox 292 4627 416 4716; x_wconf 72' lang='lat' dir='ltr'><strong>Herzoy</strong></span> <span class='ocrx_word' id='word_1_495' title='bbox 439 4629 551 4696; x_wconf 75' lang='lat' dir='ltr'><strong>Alteri</strong></span> <span class='ocrx_word' id='word_1_496' title='bbox 572 4626 597 4697; x_wconf 93' lang='grc' dir='ltr'><strong>Ι.</strong></span> <span class='ocrx_word' id='word_1_497' title='bbox 630 4652 683 4694; x_wconf 84' lang='lat' dir='ltr'><strong>om</strong></span> <span class='ocrx_word' id='word_1_498' title='bbox 704 4628 736 4694; x_wconf 83' lang='lat'><strong>8.</strong></span> <span class='ocrx_word' id='word_1_499' title='bbox 760 4627 932 4696; x_wconf 79' lang='lat' dir='ltr'><strong>November</strong></span> <span class='ocrx_word' id='word_1_500' title='bbox 955 4627 1043 4694; x_wconf 83' lang='grc'><strong>1260</strong></span> <span class='ocrx_word' id='word_1_501' title='bbox 1069 4629 1135 4692; x_wconf 80' lang='lat' dir='ltr'><strong>und</strong></span> <span class='ocrx_word' id='word_1_502' title='bbox 1162 4627 1319 4715; x_wconf 74' lang='lat' dir='ltr'><strong>Herzopin</strong></span> <span class='ocrx_word' id='word_1_503' title='bbox 1342 4627 1456 4694; x_wconf 80' lang='lat' dir='ltr'><strong>Helene</strong></span> <span class='ocrx_word' id='word_1_504' title='bbox 1484 4651 1536 4692; x_wconf 84' lang='lat' dir='ltr'><strong>om</strong></span> <span class='ocrx_word' id='word_1_505' title='bbox 1564 4625 1597 4691; x_wconf 80' lang='lat'><strong>6¹.</strong></span> <span class='ocrx_word' id='word_1_506' title='bbox 1623 4627 1800 4714; x_wconf 55' lang='lat' dir='ltr'><strong>Qtember</strong></span> <span class='ocrx_word' id='word_1_507' title='bbox 1823 4625 1911 4692; x_wconf 86' lang='lat'><em>1270</em></span> <span class='ocrx_word' id='word_1_508' title='bbox 1939 4627 2101 4713; x_wconf 71' lang='lat' dir='ltr'><strong>pertorben</strong></span> 
     </span>
     <span class='ocr_line' id='line_1_41' title="bbox 293 4719 2100 4822; baseline -0.001 -24"><span class='ocrx_word' id='word_1_509' title='bbox 293 4735 379 4810; x_wconf 80' lang='lat' dir='ltr'><strong>aind‚·</strong></span> <span class='ocrx_word' id='word_1_510' title='bbox 402 4735 529 4800; x_wconf 70' lang='lat' dir='ltr'><strong>hierone</strong></span> <span class='ocrx_word' id='word_1_511' title='bbox 551 4735 657 4822; x_wconf 74' lang='lat' dir='ltr'><strong>erqibt</strong></span> <span class='ocrx_word' id='word_1_512' title='bbox 675 4735 743 4799; x_wconf 77' lang='lat' dir='ltr'><strong>sict</strong></span> <span class='ocrx_word' id='word_1_513' title='bbox 765 4736 815 4800; x_wconf 78' lang='lat' dir='ltr'><strong>die</strong></span> <span class='ocrx_word' id='word_1_514' title='bbox 834 4719 1006 4820; x_wconf 62' lang='lat' dir='ltr'><strong>decerem</strong></span> <span class='ocrx_word' id='word_1_515' title='bbox 1027 4757 1084 4799; x_wconf 82' lang='lat' dir='ltr'><strong>von</strong></span> <span class='ocrx_word' id='word_1_516' title='bbox 1108 4735 1222 4802; x_wconf 88' lang='lat' dir='ltr'><strong>Nonas</strong></span> <span class='ocrx_word' id='word_1_517' title='bbox 1244 4738 1280 4799; x_wconf 83' lang='lat' dir='ltr'><strong>in</strong></span> <span class='ocrx_word' id='word_1_518' title='bbox 1300 4734 1390 4818; x_wconf 80' lang='lat' dir='ltr'><strong>Idus,</strong></span> <span class='ocrx_word' id='word_1_519' title='bbox 1414 4733 1464 4799; x_wconf 78' lang='lat' dir='ltr'><strong>die</strong></span> <span class='ocrx_word' id='word_1_520' title='bbox 1486 4734 1580 4799; x_wconf 77' lang='lat' dir='ltr'><strong>arbon</strong></span> <span class='ocrx_word' id='word_1_521' title='bbox 1603 4734 1702 4798; x_wconf 75' lang='lat' dir='ltr'><strong>duret</strong></span> <span class='ocrx_word' id='word_1_522' title='bbox 1724 4733 1774 4799; x_wconf 79' lang='lat' dir='ltr'><strong>die</strong></span> <span class='ocrx_word' id='word_1_523' title='bbox 1795 4731 1899 4799; x_wconf 76' lang='lat' dir='ltr'><strong>Daton</strong></span> <span class='ocrx_word' id='word_1_524' title='bbox 1922 4731 2012 4799; x_wconf 76' lang='lat' dir='ltr'><strong>solbat</strong></span> <span class='ocrx_word' id='word_1_525' title='bbox 2032 4744 2100 4797; x_wconf 81' lang='lat' dir='ltr'><strong>nor-</strong></span> 
     </span>
     <span class='ocr_line' id='line_1_42' title="bbox 293 4837 2100 4927; baseline 0.001 -23"><span class='ocrx_word' id='word_1_526' title='bbox 293 4841 414 4927; x_wconf 69' lang='lat' dir='ltr'><strong>romdr&#39;q</strong></span> <span class='ocrx_word' id='word_1_527' title='bbox 436 4843 487 4906; x_wconf 82' lang='lat' dir='ltr'><strong>iat.</strong></span> <span class='ocrx_word' id='word_1_528' title='bbox 534 4841 583 4905; x_wconf 84' lang='lat' dir='ltr'><strong>Im</strong></span> <span class='ocrx_word' id='word_1_529' title='bbox 608 4841 729 4906; x_wconf 78' lang='lat' dir='ltr'><strong>Datrrm</strong></span> <span class='ocrx_word' id='word_1_530' title='bbox 761 4839 858 4906; x_wconf 66' lang='lat' dir='ltr'><strong>sectr</strong></span> <span class='ocrx_word' id='word_1_531' title='bbox 890 4841 1037 4906; x_wconf 79' lang='lat' dir='ltr'><strong>vielleirlrt</strong></span> <span class='ocrx_word' id='word_1_532' title='bbox 1069 4841 1148 4905; x_wconf 65' lang='lat' dir='ltr'><strong>auct</strong></span> <span class='ocrx_word' id='word_1_533' title='bbox 1174 4844 1223 4905; x_wconf 82' lang='lat' dir='ltr'><strong>ein</strong></span> <span class='ocrx_word' id='word_1_534' title='bbox 1245 4839 1367 4918; x_wconf 67' lang='lat' dir='ltr'><strong>Feblan</strong></span> <span class='ocrx_word' id='word_1_535' title='bbox 1403 4841 1483 4904; x_wconf 75' lang='lat' dir='ltr'><strong>deno</strong></span> <span class='ocrx_word' id='word_1_536' title='bbox 1511 4863 1563 4904; x_wconf 85' lang='lat' dir='ltr'><strong>mn</strong></span> <span class='ocrx_word' id='word_1_537' title='bbox 1590 4837 1644 4904; x_wconf 85' lang='grc'><strong>31.</strong></span> <span class='ocrx_word' id='word_1_538' title='bbox 1673 4837 1801 4904; x_wconf 83' lang='lat' dir='ltr'><strong>Oktober</strong></span> <span class='ocrx_word' id='word_1_539' title='bbox 1827 4840 1877 4925; x_wconf 92' lang='lat' dir='ltr'><strong>(in</strong></span> <span class='ocrx_word' id='word_1_540' title='bbox 1900 4840 1986 4924; x_wconf 76' lang='lat' dir='ltr'><strong>vigil.</strong></span> <span class='ocrx_word' id='word_1_541' title='bbox 2010 4859 2100 4905; x_wconf 88' lang='lat' dir='ltr'><strong>omn.</strong></span> 
     </span>
     <span class='ocr_line' id='line_1_43' title="bbox 294 4943 2103 5032; baseline -0.003 -20"><span class='ocrx_word' id='word_1_542' title='bbox 294 4950 415 5031; x_wconf 87' lang='lat' dir='ltr'><strong>sanct.)</strong></span> <span class='ocrx_word' id='word_1_543' title='bbox 438 4947 551 5012; x_wconf 62' lang='lat' dir='ltr'><strong>dotem</strong></span> <span class='ocrx_word' id='word_1_544' title='bbox 570 4946 708 5013; x_wconf 77' lang='lat' dir='ltr'><strong>derselbe</strong></span> <span class='ocrx_word' id='word_1_545' title='bbox 730 4947 905 5011; x_wconf 74' lang='lat' dir='ltr'><strong>Auerreller</strong></span> <span class='ocrx_word' id='word_1_546' title='bbox 924 4948 960 5010; x_wconf 80' lang='lat' dir='ltr'><strong>in</strong></span> <span class='ocrx_word' id='word_1_547' title='bbox 982 4947 1254 5030; x_wconf 80' lang='lat' dir='ltr'><strong>Grevingeswege</strong></span> <span class='ocrx_word' id='word_1_548' title='bbox 1274 4945 1347 5011; x_wconf 76' lang='lat' dir='ltr'><strong>oder</strong></span> <span class='ocrx_word' id='word_1_549' title='bbox 1362 4946 1648 5030; x_wconf 77' lang='lat' dir='ltr'><strong>Gerningeswege,</strong></span> <span class='ocrx_word' id='word_1_550' title='bbox 1670 4945 1730 5032; x_wconf 68' lang='lat' dir='ltr'><strong>aql.</strong></span> <span class='ocrx_word' id='word_1_551' title='bbox 1747 4944 1825 5032; x_wconf 82' lang='lat' dir='ltr'><strong>Kop.</strong></span> <span class='ocrx_word' id='word_1_552' title='bbox 1848 4943 1900 5023; x_wconf 81' lang='lat' dir='ltr'><strong>VI,</strong></span> <span class='ocrx_word' id='word_1_553' title='bbox 1920 4945 1970 5024; x_wconf 86' lang='lat'><strong>11,</strong></span> <span class='ocrx_word' id='word_1_554' title='bbox 1986 4943 2018 5012; x_wconf 84' lang='lat' dir='ltr'><strong>S.</strong></span> <span class='ocrx_word' id='word_1_555' title='bbox 2034 4943 2103 5008; x_wconf 80' lang='lat'><strong>613</strong></span> 
     </span>
     <span class='ocr_line' id='line_1_44' title="bbox 295 5047 2100 5140; baseline 0.001 -26"><span class='ocrx_word' id='word_1_556' title='bbox 295 5049 354 5117; x_wconf 90' lang='lat' dir='ltr'><strong>Nr.</strong></span> <span class='ocrx_word' id='word_1_557' title='bbox 380 5051 467 5118; x_wconf 83' lang='grc'><em>1110</em></span> <span class='ocrx_word' id='word_1_558' title='bbox 488 5057 532 5118; x_wconf 77' lang='lat' dir='ltr'><strong>im</strong></span> <span class='ocrx_word' id='word_1_559' title='bbox 554 5052 627 5140; x_wconf 73' lang='lat' dir='ltr'><strong>Kyl.</strong></span> <span class='ocrx_word' id='word_1_560' title='bbox 654 5051 760 5118; x_wconf 66' lang='lat' dir='ltr'><strong>Sam.</strong></span> <span class='ocrx_word' id='word_1_561' title='bbox 783 5073 823 5116; x_wconf 80' lang='lat' dir='ltr'><strong>zu</strong></span> <span class='ocrx_word' id='word_1_562' title='bbox 844 5049 1020 5133; x_wconf 59' lang='lat' dir='ltr'><strong>Hannone,</strong></span> <span class='ocrx_word' id='word_1_563' title='bbox 1049 5049 1268 5137; x_wconf 73' lang='lat' dir='ltr'><strong>ll&#39;apparmonn</strong></span> <span class='ocrx_word' id='word_1_564' title='bbox 1289 5050 1388 5138; x_wconf 74' lang='lat' dir='ltr'><strong>Rapq.</strong></span> <span class='ocrx_word' id='word_1_565' title='bbox 1414 5049 1580 5117; x_wconf 76' lang='lat' dir='ltr'><strong>Sodomnb.</strong></span> <span class='ocrx_word' id='word_1_566' title='bbox 1607 5051 1641 5116; x_wconf 81' lang='lat' dir='ltr'><strong>S.</strong></span> <span class='ocrx_word' id='word_1_567' title='bbox 1664 5050 1708 5116; x_wconf 81' lang='lat'><strong>95</strong></span> <span class='ocrx_word' id='word_1_568' title='bbox 1733 5049 1792 5114; x_wconf 90' lang='lat' dir='ltr'><strong>Nr.</strong></span> <span class='ocrx_word' id='word_1_569' title='bbox 1818 5047 1891 5128; x_wconf 78' lang='lat'><strong>193,</strong></span> <span class='ocrx_word' id='word_1_570' title='bbox 1915 5075 1942 5116; x_wconf 86' lang='lat' dir='ltr'><strong>c.</strong></span> <span class='ocrx_word' id='word_1_571' title='bbox 1967 5051 2100 5137; x_wconf 75' lang='lat' dir='ltr'><strong>Arpern,</strong></span> 
     </span>
     <span class='ocr_line' id='line_1_45' title="bbox 297 5153 2100 5244; baseline -0.001 -22"><span class='ocrx_word' id='word_1_572' title='bbox 297 5155 370 5222; x_wconf 81' lang='lat' dir='ltr'><strong>Cod.</strong></span> <span class='ocrx_word' id='word_1_573' title='bbox 398 5159 473 5244; x_wconf 83' lang='lat' dir='ltr'><strong>dipl.</strong></span> <span class='ocrx_word' id='word_1_574' title='bbox 507 5156 683 5224; x_wconf 55' lang='lat' dir='ltr'><strong>solemma</strong></span> <span class='ocrx_word' id='word_1_575' title='bbox 716 5153 751 5223; x_wconf 84' lang='lat' dir='ltr'><strong>S.</strong></span> <span class='ocrx_word' id='word_1_576' title='bbox 774 5157 842 5220; x_wconf 90' lang='grc'><strong>242</strong></span> <span class='ocrx_word' id='word_1_577' title='bbox 869 5155 929 5223; x_wconf 80' lang='lat' dir='ltr'><strong>Nr.</strong></span> <span class='ocrx_word' id='word_1_578' title='bbox 956 5156 1032 5236; x_wconf 86' lang='grc'><em>140,</em></span> <span class='ocrx_word' id='word_1_579' title='bbox 1072 5154 1196 5236; x_wconf 78' lang='lat' dir='ltr'><strong>Treuer,</strong></span> <span class='ocrx_word' id='word_1_580' title='bbox 1227 5155 1450 5223; x_wconf 73' lang='lat' dir='ltr'><strong>Grandi-Hiar.</strong></span> <span class='ocrx_word' id='word_1_581' title='bbox 1480 5159 1537 5224; x_wconf 80' lang='lat' dir='ltr'><strong>dar</strong></span> <span class='ocrx_word' id='word_1_582' title='bbox 1557 5156 1600 5224; x_wconf 87' lang='lat' dir='ltr'><strong>H.</strong></span> <span class='ocrx_word' id='word_1_583' title='bbox 1624 5181 1651 5223; x_wconf 86' lang='lat' dir='ltr'><strong>o.</strong></span> <span class='ocrx_word' id='word_1_584' title='bbox 1676 5157 1917 5235; x_wconf 68' lang='lat' dir='ltr'><strong>Mammam,</strong></span> <span class='ocrx_word' id='word_1_585' title='bbox 1951 5155 2022 5223; x_wconf 77' lang='grc' dir='ltr'><strong>ΠΒ.</strong></span> <span class='ocrx_word' id='word_1_586' title='bbox 2048 5157 2100 5234; x_wconf 84' lang='grc'><strong>16,</strong></span> 
     </span>
     <span class='ocr_line' id='line_1_46' title="bbox 296 5261 2106 5348; baseline 0 -22"><span class='ocrx_word' id='word_1_587' title='bbox 296 5261 413 5341; x_wconf 69' lang='lat' dir='ltr'><strong>Koite,</strong></span> <span class='ocrx_word' id='word_1_588' title='bbox 438 5263 580 5330; x_wconf 73' lang='lat' dir='ltr'><strong>Lamo.</strong></span> <span class='ocrx_word' id='word_1_589' title='bbox 608 5261 719 5330; x_wconf 69' lang='lat' dir='ltr'><strong>Garri.</strong></span> <span class='ocrx_word' id='word_1_590' title='bbox 743 5261 788 5342; x_wconf 93' lang='grc' dir='ltr'><strong>ΙΙ,</strong></span> <span class='ocrx_word' id='word_1_591' title='bbox 814 5263 849 5329; x_wconf 74' lang='lat' dir='ltr'><strong>S.</strong></span> <span class='ocrx_word' id='word_1_592' title='bbox 864 5261 905 5340; x_wconf 84' lang='grc'><strong>9,·</strong></span> <span class='ocrx_word' id='word_1_593' title='bbox 928 5286 960 5329; x_wconf 80' lang='lat' dir='ltr'><strong>es</strong></span> <span class='ocrx_word' id='word_1_594' title='bbox 980 5269 1094 5329; x_wconf 71' lang='lat' dir='ltr'><strong>merea</strong></span> <span class='ocrx_word' id='word_1_595' title='bbox 1117 5263 1199 5329; x_wconf 75' lang='lat' dir='ltr'><strong>deno</strong></span> <span class='ocrx_word' id='word_1_596' title='bbox 1219 5263 1320 5330; x_wconf 68' lang='lat' dir='ltr'><strong>drbrer</strong></span> <span class='ocrx_word' id='word_1_597' title='bbox 1339 5261 1406 5345; x_wconf 83' lang='lat' dir='ltr'><strong>Ort,</strong></span> <span class='ocrx_word' id='word_1_598' title='bbox 1430 5265 1489 5329; x_wconf 74' lang='lat' dir='ltr'><strong>den</strong></span> <span class='ocrx_word' id='word_1_599' title='bbox 1510 5264 1560 5328; x_wconf 79' lang='lat' dir='ltr'><strong>iob</strong></span> <span class='ocrx_word' id='word_1_600' title='bbox 1582 5265 1666 5329; x_wconf 71' lang='lat' dir='ltr'><strong>nicht</strong></span> <span class='ocrx_word' id='word_1_601' title='bbox 1677 5263 1855 5348; x_wconf 79' lang='lat' dir='ltr'><strong>fertatallen</strong></span> <span class='ocrx_word' id='word_1_602' title='bbox 1874 5262 1967 5341; x_wconf 64' lang='lat' dir='ltr'><strong>kann</strong></span> <span class='ocrx_word' id='word_1_603' title='bbox 1990 5265 2025 5326; x_wconf 81' lang='lat' dir='ltr'><strong>in</strong></span> <span class='ocrx_word' id='word_1_604' title='bbox 2047 5263 2106 5327; x_wconf 79' lang='lat' dir='ltr'><strong>der</strong></span> 
     </span>
     <span class='ocr_line' id='line_1_47' title="bbox 296 5368 896 5436; baseline 0.003 -3"><span class='ocrx_word' id='word_1_605' title='bbox 296 5368 389 5436; x_wconf 73' lang='lat' dir='ltr'><strong>Nate</strong></span> <span class='ocrx_word' id='word_1_606' title='bbox 409 5392 467 5436; x_wconf 84' lang='lat' dir='ltr'><strong>oon</strong></span> <span class='ocrx_word' id='word_1_607' title='bbox 489 5369 606 5436; x_wconf 78' lang='lat' dir='ltr'><strong>Gorlar</strong></span> <span class='ocrx_word' id='word_1_608' title='bbox 627 5392 667 5434; x_wconf 81' lang='lat' dir='ltr'><strong>zu</strong></span> <span class='ocrx_word' id='word_1_609' title='bbox 689 5370 800 5435; x_wconf 69' lang='lat' dir='ltr'><strong>nioben</strong></span> <span class='ocrx_word' id='word_1_610' title='bbox 820 5372 896 5435; x_wconf 66' lang='lat' dir='ltr'><strong>adn.</strong></span> 
     </span>
    </p>
   </div>
   <div class='ocr_carea' id='block_1_5' title="bbox 0 0 2543 6772">
    <p class='ocr_par' dir='ltr' id='par_1_7' title="bbox 0 0 2543 6772">
     <span class='ocr_line' id='line_1_48' title="bbox 0 0 2543 6772; baseline 0 0"><span class='ocrx_word' id='word_1_611' title='bbox 0 0 2543 6772; x_wconf 95' lang='lat' dir='ltr'><strong> </strong></span> 
     </span>
    </p>
   </div>
  </div>
 </body>
</html>
