5032 6796
441 385 509 452 432
1411 397 1478 453 1asr

1400 595 1517 676 1356.

443 727 597 816 Bisctof
626 725 770 817 Vctquirr
804 748 865 797 cor·
895 725 1045 797 Mindon
1078 723 1283 816 oerpfttodet
1317 723 1394 796 dem
1422 723 1560 812 Dudotf
1583 745 1649 796 corr
1680 723 1898 814 Steinbmpen
1924 724 2022 796 anco
2048 723 2133 813 Hof
2153 726 2216 796 mit
2240 725 2323 796 ruci
2348 726 2440 815 Hcsru

441 836 480 906 in
518 835 646 906 Retrerc
685 831 870 926 (Bedese),
907 833 991 904 awai
1027 832 1169 903 Hdreser
1204 832 1242 902 in
1280 828 2006 1010 {edgdyflhffimffebbehnghehusen)
2051 830 2124 902 uod
2165 833 2240 902 aas
2283 833 2318 902 in
2359 833 2438 904 olette

583 1073 637 1139 Or.
666 1077 710 1138 im
733 1073 849 1137 Archiv
879 1073 932 1138 dee
956 1071 1010 1140 Kt.
1035 1071 1169 1136 Locrum
1201 1072 1300 1135 duret
1331 1070 1433 1138 Nosce
1464 1070 1552 1136 ctork
1583 1073 1761 1138 oerdorbco.
1811 1071 1915 1158 Stoyci
1942 1074 2010 1137 uod
2037 1073 2246 1159 Befeatiprmq
2277 1074 2326 1137 ab.
2370 1073 2438 1144 Gedr.

655 1180 736 1244 uach
769 1181 837 1244 dem
867 1179 922 1246 Or.
958 1204 985 1244 o.
1020 1177 1213 1262 Hodeubcrp,
1260 1175 1462 1264 Calenbcrycr
1494 1177 1564 1242 UB.
1601 1178 1694 1244 Abel.
1729 1177 1792 1258 III,
1835 1179 1869 1245 S.
1908 1177 1973 1244 291
2014 1177 2077 1242 Nr.
2116 1178 2192 1258 461,
2229 1183 2288 1244 mit
2317 1180 2439 1258 subolem

655 1285 784 1351 Dabam.
834 1284 948 1350 Retzen
971 1284 1029 1351 Kr.
1055 1283 1157 1372 Hopa,
1181 1282 1439 1369 Deblr'rrqlrcusen
1462 1286 1528 1348 und
1552 1283 1643 1351 stelle
1666 1285 1725 1351 Kr.
1751 1284 1925 1373 Nicoburp.

1403 1553 1512 1632 1357.

441 1682 596 1773 Biscbos
626 1682 771 1775 Volquiu
804 1705 870 1754 coc
900 1682 1050 1754 Mindon
1084 1681 1254 1753 sclrlicttct
1282 1683 1380 1754 cinea
1408 1683 1514 1753 Streit
1541 1681 1601 1753 des
1629 1682 1734 1753 Attea
1762 1683 1897 1754 Aroold
1922 1705 1987 1754 oon
2014 1683 2163 1755 Locrum
2191 1685 2254 1756 mit
2280 1685 2353 1756 dcm
2375 1688 2440 1755 mir-

440 1792 545 1864 dcner
579 1791 777 1862 Domlcerru
810 1789 948 1861 Jobooo
982 1810 1046 1860 corr
1079 1787 1268 1884 Sctrtnbcrp
1308 1811 1422 1878 tropen
1461 1789 1581 1859 rwcier
1615 1787 1708 1878 Htse
1741 1789 1779 1860 irc
1815 1787 2002 1860 Osterlese
2043 1790 2158 1881 doliu,
2201 1790 2283 1862 duas
2321 1791 2442 1863 maon

439 1921 545 1992 peperi
583 1897 868 1988 Entsclrctdipunp
899 1917 964 1966 corr
998 1895 1082 1967 aetra
1121 1894 1230 1966 Mart
1263 1894 1336 1985 cof
1361 1895 1468 2072 211εεὶ1
1481 1895 1588 2074 {egit
1620 1918 1666 1966 arr
1700 1895 1766 1968 deu
1795 1896 1911 1984 Hosto
1948 1897 2135 1973 veretro.
2193 1897 2339 1970 Mindco
2364 1898 2441 1971 1287

1391 2023 1441 2091 pr
1546 2060 1553 2076 .

550 2142 669 2206 Testes
779 2142 872 2204 sunt:
897 2139 1070 2204 Comedus
1096 2139 1251 2220 decanuS,
1274 2137 1444 2203 lohannes
1467 2138 1509 2203 de
1534 2139 1776 2222 Sconenberge,
1801 2138 1964 2206 Ludolfus
1988 2139 2095 2204 dictus
2120 2139 2162 2204 de
2178 2140 2354 2222 Rostorpe‚
2375 2141 2441 2218 Gyso

440 2247 518 2328 voe,
543 2246 695 2312 canonici
717 2245 926 2327 Mindenses3
950 2245 1118 2312 lohannes
1141 2247 1182 2310 de
1198 2244 1393 2310 Barchusen
1417 2245 1527 2326 miles;
1553 2245 1765 2312 Hermannus
1783 2247 1824 2311 de
1840 2247 1938 2328 Foro,
1956 2245 2123 2312 Henricus
2138 2245 2283 2329 Spruuc,
2307 2247 2439 2312 Henrirus

438 2354 657 2434 Monetarius,
681 2351 856 2418 lohannes
881 2354 922 2418 de
947 2352 1152 2436 Nigenburg,
1178 2351 1412 2418 Hillemanuus
1436 2401 1444 2416 .
1469 2399 1477 2416 .
1503 2399 1510 2416 .
1535 2352 1622 2417 cives
1645 2353 1846 2419 Mindenses.

574 2475 628 2540 Or.
659 2479 703 2540 im
726 2476 841 2539 Aratio
869 2475 922 2541 dec
945 2474 998 2540 Kl.
1024 2473 1160 2539 Locrum
1189 2474 1463 2540 orucerordentticd
1490 2474 1620 2540 collecte
1647 2475 1853 2560 praetr-eben.
1902 2475 1998 2540 Beidc
2023 2474 2127 2560 δέομαί
2156 2497 2215 2540 oon
2242 2477 2300 2541 den
2326 2498 2375 2540 con
2400 2476 2440 2539 der

657 2581 736 2649 Urt.
768 2583 996 2669 praeliatorum
1022 2580 1336 2668 Perpcmentctresfen
1368 2581 1419 2646 ab.
1467 2579 1559 2645 Nocti
1588 2582 1657 2646 dem
1684 2580 1739 2646 Or.
1770 2583 1858 2667 θεάν.
1883 2607 1909 2646 υ.
1933 2580 2133 2668 Hodcnbcrp,
2164 2581 2364 2668 Calmbaper
2385 2580 2438 2646 ΙΙΒ,
2500 2589 2501 2632 t

657 2688 755 2754 Abit.
780 2685 844 2767 ΙΙΙ,
868 2686 902 2753 S.
925 2685 993 2751 293
1014 2686 1075 2752 Nr.
1100 2686 1175 2751 464.
1229 2685 1339 2773 Weprn
1363 2688 1531 2754 Osterlese
1554 2690 1614 2775 opt.
1639 2687 1711 2753 cheu
1736 2687 1796 2754 Nr.
1821 2686 1896 2756 478.

1402 2958 1513 3035 1358.

437 3090 516 3163 Das
550 3087 768 3173 Mortinstilt
807 3087 844 3157 irc
878 3085 1027 3157 Mindeu
1066 3086 1224 3174 rcrkoust
1261 3085 1370 3158 (latter
1411 3087 1449 3156 irc
1482 3086 1615 3157 Actum
1652 3085 1725 3156 aad
1767 3085 1934 3175 Echdorf
1968 3085 2043 3158 dene
2084 3085 2169 3175 stin
2212 3085 2440 3159 obemttrcta

1210 3192 1360 3264 Mindon
1387 3192 1487 3265 1287
1513 3191 1618 3284 April
1643 3192 1703 3265 28.

545 3330 615 3396 Nos
646 3331 803 3411 decanus,
836 3327 1030 3394 scolasticus
1060 3331 1237 3411 totumque
1265 3329 1451 3412 capitulum
1482 3329 1621 3395 ecclesie
1651 3328 1758 3394 sancti
1791 3328 1924 3394 Martini
1947 3328 2129 3394 Mindensis
2158 3328 2322 3394 universis
2345 3325 2441 3392 Christi

436 3436 592 3504 fidelibus
618 3435 781 3519 scripturn
806 3455 945 3518 presens
969 3435 1177 3500 intuentibus
1201 3435 1343 3501 salutem
1368 3436 1402 3500 in
1425 3435 1569 3500 Domino
1593 3437 1842 3518 sempiternam.
1888 3435 1974 3500 Cum
1997 3435 2122 3500 oblivio
2145 3455 2288 3500 noverca
2311 3433 2443 3500 memorie
2501 3427 2502 3448 ³

436 3565 489 3610 res
513 3546 621 3626 gestas
645 3545 786 3625 propter
810 3541 1065 3607 diuturnitatem
1088 3543 1249 3623 temporis
1274 3544 1381 3609 soleat
1403 3541 1588 3623 obfuscare,
1612 3563 1713 3626 opere
1736 3543 1879 3626 pretium
1903 3545 1963 3624 est,
1980 3561 2020 3607 ea
2035 3563 2101 3625 que
2117 3545 2280 3625 geruntur
2295 3543 2329 3606 in
2344 3540 2444 3623 linguis

437 3651 572 3716 testium
603 3669 732 3714 necnon
762 3647 903 3714 artificio
933 3648 1119 3714 litterarum
1149 3649 1288 3714 firmiter
1315 3650 1495 3714 observari.
1546 3649 1630 3713 Hinc
1660 3651 1720 3730 est,
1750 3650 1843 3731 quod
1872 3653 1941 3714 tam
1966 3647 2177 3731 presentibus
2201 3668 2302 3730 quam
2325 3645 2446 3730 posteris

436 3762 552 3822 tenore
576 3755 787 3840 presencium
811 3755 1027 3832 declaramus,
1052 3755 1144 3838 quod
1168 3776 1207 3820 ex
1231 3756 1398 3820 communi
1422 3775 1588 3820 consensu
1612 3759 1645 3819 et
1668 3756 1807 3821 arbitrio
1831 3757 1939 3821 tocius
1963 3755 2100 3839 capituli
2124 3755 2233 3819 nostri
2249 3756 2336 3820 bona
2351 3755 2448 3817 nostra

436 3865 471 3928 in
490 3864 616 3929 Achem
634 3863 697 3927 sita
722 3881 796 3926 cum
821 3861 951 3925 duobus
975 3863 1102 3926 mansis
1125 3861 1158 3925 iu
1177 3863 1319 3945 Ectorpe
1344 3863 1469 3926 eisdem
1492 3862 1590 3926 bonis
1614 3861 1833 3926 attinentibus
1857 3861 2070 3926 vendidimus
2094 3880 2156 3944 pro
2180 3881 2310 3926 summa
2333 3864 2447 3925 centum

436 3970 553 4052 viginti
579 3971 612 4034 et
635 3973 710 4033 octo
733 3987 920 4033 marcarum
943 3968 1135 4032 Bremensis
1160 3970 1286 4049 argenti
1311 3969 1449 4034 ecclesie
1473 3970 1569 4033 beate
1585 3969 1686 4033 Maris
1711 3968 1844 4050 virginis
1868 3969 1904 4032 in
1928 3968 2186 4034 Ovevenkevken
2209 3969 2282 4033 iure
2305 3969 2447 4051 perpetuo

437 4077 650 4160 possidenda,
680 4076 807 4140 nullam
837 4075 995 4141 facientes
1020 4075 1176 4139 inbonis
1199 4075 1339 4158 prelatis
1363 4075 1586 4141 conditionem
1612 4075 1682 4140 sive
1705 4074 1947 4157 exceptionem,
1979 4075 2039 4139 sed
2061 4074 2135 4158 ipsa
2159 4073 2307 4156 predicte
2331 4073 2447 4138 ecclesie

437 4183 678 4266 assignavimus
711 4181 918 4264 integraliter
953 4201 1027 4245 cum
1064 4182 1155 4245 omni
1189 4182 1262 4246 iure
1296 4182 1444 4246 omnium
1479 4183 1647 4247 fructuum
1684 4202 1722 4246 ac
1750 4185 1984 4264 proventuum,
2020 4181 2303 4264 quemadmodum
2330 4178 2448 4243 ecclesie

436 4294 550 4354 nostre
591 4289 750 4352 hactenus
790 4287 986 4353 servierunt.
1045 4288 1084 4352 In
1123 4289 1218 4353 cuius
1258 4288 1305 4353 rei
1344 4289 1573 4353 testimonium
1611 4288 1747 4352 evidens
1787 4287 1988 4352 contulimus
2026 4287 2093 4350 iam
2131 4286 2218 4351 dicte
2257 4286 2389 4351 ecclesie
2420 4284 2446 4345 in

436 4396 691 4462 Overenkerken
725 4400 916 4476 presentem
951 4395 1106 4478 paginam
1136 4396 1242 4478 sigillo
1272 4397 1377 4460 nostri
1414 4395 1547 4478 capituli
1582 4395 1781 4459 roboratam.
1840 4395 1968 4474 Testes,
2004 4393 2062 4476 qui
2096 4394 2198 4476 rogati
2232 4391 2444 4467 interfuerunt,

435 4503 483 4567 hii
514 4504 607 4567 sunt:
644 4502 820 4566 Heinricus
857 4502 898 4565 de
927 4502 1162 4582 Dungevdhen,
1199 4503 1367 4567 lohannes
1397 4503 1437 4567 de
1465 4501 1671 4581 Barchusen,
1707 4501 1899 4566 chhardus
1936 4503 2036 4585 Span,
2073 4500 2258 4564 Herbertus
2287 4498 2444 4580 Dyabolus‚

435 4610 572 4688 milites3
604 4609 781 4672 Heinricus
810 4609 976 4690 Spruuch‚
1007 4609 1220 4674 Hermannus
1249 4608 1290 4672 de
1318 4609 1414 4686 Foro,
1442 4606 1614 4674 lohannes
1637 4609 1679 4673 de
1708 4608 1803 4688 Rivo,
1835 4607 1996 4672 Ludolfus
2021 4609 2062 4672 de
2088 4607 2201 4686 Haste,
2224 4605 2388 4671 lohannes
2412 4602 2445 4664 de

436 4716 658 4799 Nigenbovch,
694 4715 781 4780 cives
817 4715 1016 4780 Mindenses.
1074 4716 1196 4780 Datum
1230 4716 1341 4779 llinde
1376 4735 1463 4779 anno
1497 4714 1629 4780 Domini
1663 4713 2043 4794 M⁰.CC⁰.LXXll⁰.VII⁰.,
2077 4713 2135 4778 III.
2170 4713 2337 4778 Kalendas
2369 4707 2441 4780 llaii,

435 4822 552 4887 Vitatis
576 4823 731 4888 martiris.

573 4945 628 5012 Or.
652 4951 695 5010 irrr
720 4948 836 5011 Arellio
859 4947 912 5010 dee
937 4945 986 5012 Kt.
1013 4945 1250 5011 Obemdrirclrerr.
1291 4949 1343 5010 An
1369 4944 1684 5031 Papamenauafen
1707 4945 1766 5008 dor
1789 4945 1970 5030 cinqeodlrte
1988 4943 2099 5030 Sr'epet.
2140 4943 2303 5018 Abrctrirl
2320 4942 2443 5024 Mocyrrr

649 5057 682 5116 irc
715 5053 790 5119 Mac.
825 5051 900 5134 Vll,
928 5051 1014 5117 2711
1046 5054 1100 5130 fol.
1136 5052 1179 5116 10
1206 5057 1248 5116 im
1275 5053 1347 5139 Kpr
1380 5053 1405 5118 S
1419 5056 1485 5118 .-A.
1513 5075 1553 5116 zu
1582 5051 1730 5128 Mirator,
1762 5055 1821 5116 mit
1848 5053 1916 5116 dem
1944 5050 2063 5116 Datum
2095 5049 2191 5130 1277,
2223 5054 2277 5114 rce'e
2303 5047 2373 5112 curt
2397 5043 2440 5105 drr

651 5159 759 5224 Druck
791 5158 838 5224 bei
872 5157 1100 5245 erperrnorrn,
1140 5158 1211 5227 ΠΒ.
1243 5185 1270 5226 o.
1300 5159 1527 5225 Oberrctircten
1557 5157 1590 5224 S.
1620 5157 1665 5223 37
1694 5156 1754 5225 Nr.
1787 5157 1830 5223 78
1860 5158 1923 5222 hot.
1976 5156 2047 5221 Dos
2079 5157 2133 5222 Or.
2162 5157 2218 5220 tot
2243 5153 2366 5220 deutlich
2393 5150 2439 5212 uic

652 5267 742 5331 obeo:
765 5265 861 5330 1287.
