5168 6798
432 475 496 539 106
1395 480 1463 536 1242

431 684 560 749 adiecto
589 683 786 763 hincinde,
816 681 907 763 quod
936 679 964 743 si
991 679 1079 745 forte
1107 681 1255 744 castrum
1287 677 1363 759 capi
1391 677 1433 742 ab
1461 676 1614 741 hostibus
1642 675 1694 741 vel
1724 693 1935 758 quocumque
1963 676 2063 740 modo
2087 676 2214 742 destrui
2237 677 2459 761 contingeret,

432 790 553 856 eodem
584 791 682 872 pacto
715 807 782 871 quo
805 806 895 853 nunc
923 786 1150 852 constructum
1178 786 1230 849 est
1265 783 1364 848 simul
1392 783 1513 848 iterum
1536 781 1814 848 reedificaremus.
1859 781 2036 847 Adiectum
2066 785 2117 847 est
2144 782 2247 848 etiam
2275 783 2342 850 fide
2378 784 2460 849 data

430 895 620 975 hincinde,
655 894 746 976 quod
775 893 804 957 si
826 912 889 957 nos
913 892 1109 975 episcopum
1131 890 1186 956 vel
1209 889 1381 956 ecclesiam
1413 891 1455 955 de
1482 891 1591 954 castro
1615 887 1815 966 eiceremus,
1850 888 1957 952 omnis
1981 887 2154 955 advocatia
2183 890 2315 969 nostra,
2355 909 2460 973 quam

432 1001 586 1066 tenemus
618 999 660 1063 ab
689 999 828 1065 ecclesia
855 1001 947 1063 extra
981 998 1148 1062 civitatem
1172 997 1377 1078 Wunstorpe
1404 996 1499 1060 vaoet
1521 995 1595 1077 ipso
1629 994 1702 1059 iure
1736 997 1769 1059 et
1799 993 1842 1058 ad
1871 994 2042 1059 ecclesiam
2077 997 2263 1060 revertatur
2289 995 2394 1061 libere
2421 999 2459 1062 et

432 1107 598 1173 absolute.
645 1105 681 1172 Si
704 1125 784 1170 vero
808 1104 962 1171 dominus
995 1103 1173 1188 episcopus
1200 1104 1253 1168 vel
1282 1102 1506 1168 ecclesianos
1529 1099 1658 1181 eiceret,
1682 1098 1840 1164 villicatio
1863 1099 1965 1164 curtis
1988 1099 2023 1164 in
2046 1100 2273 1184 Runneberge
2296 1104 2331 1167 et
2354 1103 2457 1167 curiis

430 1211 465 1277 in
490 1211 715 1294 Hiddestorpe
739 1211 875 1277 domino
900 1213 1015 1286 nostro
1045 1209 1140 1274 cedet
1169 1210 1244 1292 ipso
1260 1208 1354 1272 iure.
1400 1206 1578 1272 Adiectum
1606 1208 1657 1270 est
1690 1206 1787 1270 etiarn
1819 1206 1854 1270 in
1881 1205 2083 1289 obligatione
2110 1207 2275 1290 predicta,
2305 1209 2398 1291 quod
2421 1209 2458 1274 in

430 1319 540 1383 castro
563 1318 617 1383 vel
640 1319 717 1382 ante
741 1318 889 1381 castrum
911 1315 1104 1380 violentiam
1127 1314 1272 1397 aliquam
1295 1313 1348 1378 vel
1371 1313 1515 1396 spolium
1538 1331 1606 1377 non
1626 1311 1797 1391 faciemus,
1821 1313 1913 1395 quod
1932 1311 1961 1376 si
1970 1312 1997 1396 1)
2016 1311 2100 1376 forte
2121 1313 2315 1378 huiusmodi
2330 1313 2457 1380 facere-

428 1441 514 1502 mus,
538 1423 573 1487 in
597 1421 749 1489 districtu
774 1423 827 1486 vel
851 1420 1024 1487 advocatia
1046 1422 1161 1485 nostra
1185 1439 1253 1485 non
1277 1420 1479 1484 deducemus
1503 1419 1539 1483 in
1561 1421 1717 1498 castrum,
1749 1416 1849 1502 nisii)
1873 1420 1950 1483 ante
1974 1418 2108 1501 penitus
2138 1439 2190 1484 res
2218 1419 2456 1486 distrahantur.

535 1529 604 1593 Nos
629 1532 739 1594 autem
763 1529 799 1593 in
822 1528 938 1593 eadem
962 1526 1231 1593 confederatione
1258 1528 1291 1590 et
1318 1529 1435 1591 mutuo
1459 1524 1582 1590 auxilio
1610 1524 1751 1588 invicem
1780 1524 1944 1589 servando
1973 1525 2158 1590 secundum
2184 1525 2329 1590 litteram
2352 1545 2458 1610 supra

428 1634 586 1717 scriptam
619 1654 694 1699 curn
725 1633 861 1699 domino
885 1634 1037 1722 iohanne
1068 1632 1234 1697 Mindensi
1265 1631 1422 1716 episcopo
1453 1630 1734 1697 concordavimus
1787 1629 1830 1695 Et
1854 1632 1891 1695 ut
1913 1631 1976 1695 hec
1998 1630 2191 1696 inconvulsa
2218 1635 2457 1715 permaneant,

432 1759 573 1826 presens
596 1739 759 1823 scriptum
781 1739 965 1804 munimine
988 1739 1126 1805 fecimus
1149 1738 1309 1805 roborari.

644 1861 666 1933 ¹)
686 1862 709 1914 si
721 1861 796 1930 sebit
821 1859 853 1918 W.
892 1860 915 1931 ²)
934 1877 982 1914 neo
1005 1859 1042 1916 W.

562 1965 657 2032 Naar
680 1968 748 2032 on
770 1966 881 2030 umor
906 1967 956 2031 ra·
983 1964 1180 2045 333333,
1214 1965 1308 2032 sorr.
1332 1915 1406 2052 393.
1431 1962 1492 2043 rr,
1525 1963 1560 2030 n
1584 1963 1615 2029 3.
1639 1963 1718 2052 (vv.)
1770 1962 1838 2052 vqr.
1863 1967 1913 2031 aa
1934 1988 1992 2031 von
2014 1967 2070 2032 nr
2091 1970 2345 2032 omnnem
2373 1964 2455 2033 ure.

643 2073 851 2139 odroeiclrende
875 2071 946 2138 oben
968 2070 1027 2137 Nr.
1043 2070 1120 2138 306.
1157 2071 1218 2138 Die
1247 2070 1326 2140 Urlr.
1349 2073 1454 2158 9313633
1474 2073 1534 2137 wol
1554 2075 1589 2136 in
1611 2072 1662 2137 die
1684 2084 1765 2138 erate
1783 2071 1855 2137 Zeit
1876 2072 2126 2160 3331139333339
2149 2072 2287 2152 Bieobof
2302 2073 2455 2139 Jonamo.

1395 2287 1490 2365 380.

428 2415 582 2505 Bisclrof
601 2415 742 2487 Jobonn
767 2436 832 2486 oon
861 2411 1009 2486 Mindon
1042 2414 1206 2486 detondet
1241 2415 1308 2486 tien
1334 2413 1526 2503 Reatinos
1552 2415 1645 2486 eines
1672 2414 1786 2504 Hofes
1820 2415 1858 2486 in
1893 2413 2052 2489 Wcibeclc
2085 2414 2194 2486 dnrclr
2227 2415 2291 2486 dos
2319 2415 2456 2486 Moria-

1061 2519 1139 2610 stn'fl
1165 2522 1204 2592 in
1234 2521 1391 2592 Mindon.
1449 2521 1487 2596 0.
1513 2519 1549 2592 J.
1577 2521 1820 2610 (1242-53).

539 2657 705 2722 lohannes
728 2656 789 2720 Dei
812 2655 923 2740 gracia
946 2655 1127 2722 Mindensis
1164 2656 1343 2740 episcopus
1374 2655 1538 2721 universis
1562 2656 1684 2721 Christi
1706 2657 1861 2722 fidelibus
1892 2676 2031 2741 presens
2064 2657 2224 2742 scriptum
2253 2657 2456 2739 inspectruis

427 2763 572 2828 salutem
600 2763 636 2828 in
666 2783 746 2828 vero
775 2762 922 2827 salutari.
969 2762 1132 2827 Noverint
1168 2762 1331 2846 universi,
1367 2763 1458 2846 quod
1493 2762 1648 2828 dominus
1676 2762 1891 2829 Bemhardus
1925 2763 2030 2829 abbas
2064 2766 2099 2828 et
2132 2766 2316 2829 conventus
2347 2764 2457 2830 sancti

428 2869 577 2936 Mauricii
610 2870 646 2934 in
676 2869 790 2934 Insula
820 2888 840 2933 3
870 2867 1003 2934 duobus
1037 2868 1196 2933 fratribus
1227 2867 1405 2932 Lamberto
1440 2872 1475 2934 et
1497 2868 1669 2933 Waltbero
1699 2868 1877 2934 Lokcbone
1900 2869 1997 2934 dictis
2029 2869 2151 2935 nostris
2181 2869 2455 2934 ministerialibus

427 2975 600 3059 quandam
622 2975 747 3040 curiam
770 2974 806 3040 in
830 2974 994 3040 Wecbeke
1017 2993 1080 3056 pro
1103 2973 1267 3038 Vmarcie
1290 2974 1503 3038 redemerunt
1526 2976 1560 3039 et
1582 2994 1719 3040 censum
1742 2977 1939 3059 perplures
1962 2994 2068 3042 anuos
2085 2976 2257 3040 detentum
2279 2978 2314 3041 et
2336 2976 2456 3059 damp-

430 3100 512 3145 num
535 3080 754 3160 desolationis
776 3081 928 3146 eiusdem
952 3080 1053 3161 curie,
1077 3079 1166 3162 quod
1191 3079 1234 3143 ad
1257 3079 1313 3142 XX
1338 3098 1466 3143 marcas
1490 3080 1690 3165 etamplius
1714 3083 2000 3164 computaverunt,
2027 3081 2110 3164 ipsis
2132 3081 2353 3162 indulserunt,
2377 3100 2456 3145 oum

429 3190 544 3252 tamen
567 3186 668 3252 nichil
692 3186 771 3251 iuris
787 3187 823 3251 in
841 3207 881 3252 ea
896 3186 1068 3267 haberent,
1093 3185 1157 3249 nisi
1174 3185 1266 3268 quod
1288 3188 1384 3268 pater
1406 3184 1557 3268 ipsorum
1582 3185 1617 3250 in
1640 3188 1714 3269 ipsa
1737 3207 1798 3270 per
1821 3187 1950 3270 aliquot
1971 3205 2078 3254 annos
2102 3190 2179 3251 ante
2202 3206 2301 3252 suum
2324 3187 2456 3254 obitum

428 3291 600 3358 villicavit.
647 3291 877 3357 Predictorum
900 3311 979 3356 vero
1004 3291 1144 3356 fratrum
1172 3290 1282 3356 iunior
1305 3291 1528 3376 W(altherus)
1557 3293 1594 3356 in
1616 3293 1785 3376 presentia
1816 3296 1931 3358 nostra
1959 3292 2069 3358 Minde
2097 3293 2296 3358 constitutus
2323 3293 2386 3358 hec
2409 3293 2456 3358 na

433 3417 507 3463 esse
538 3397 710 3481 professus
738 3418 819 3481 sepe
845 3398 969 3462 dictam
992 3397 1116 3463 curiam
1140 3396 1236 3462 nobis
1267 3398 1300 3462 et
1323 3396 1436 3461 abbati
1460 3397 1502 3462 ad
1524 3417 1644 3464 manus
1667 3399 1805 3464 ecclesie
1827 3419 1887 3464 sue
1910 3399 2014 3464 libere
2037 3398 2225 3482 resignavit.
2271 3400 2316 3464 Ut
2338 3404 2454 3465 autem

426 3504 598 3569 heraclio
622 3505 854 3586 inposterum
885 3523 905 3568 a
927 3503 1060 3569 nemine
1082 3503 1191 3568 valeat
1214 3503 1358 3586 infringi,
1389 3504 1425 3567 in
1453 3503 1700 3569 firmamentum
1730 3505 1879 3588 predicte
1909 3505 2046 3571 ecclesie
2075 3507 2162 3571 hanc
2188 3506 2343 3590 paginam
2375 3525 2456 3571 con-

429 3608 530 3674 scribi
551 3609 688 3674 fecimus
712 3610 808 3692 sigilli
833 3609 940 3674 nostri
962 3609 1144 3675 munimine
1173 3608 1375 3674 roboratam.
1423 3611 1540 3675 Testes
1567 3611 1668 3677 huius
1697 3611 1745 3676 rei
1774 3615 1868 3677 sunt:
1904 3611 2101 3678 Thidericus
2124 3613 2166 3677 de
2189 3611 2334 3693 Eiresen,
2357 3611 2456 3677 Wul-

350 3741 353 3749 ·
427 3735 528 3780 verus
553 3716 594 3780 de
619 3715 778 3798 bulbeis,
803 3715 1005 3780 Lambertus
1029 3715 1071 3779 de
1094 3715 1258 3795 Menethe,
1283 3714 1519 3780 Helembertus
1536 3716 1747 3782 Camerarius
1770 3721 1805 3783 et
1826 3717 1929 3783 frater
1950 3737 2032 3782 suus
2055 3717 2254 3800 Alexander,
2278 3717 2455 3784 Gonradus

429 3821 471 3886 de
495 3821 608 3903 Uflen,
639 3822 816 3905 Ecgericus
848 3821 986 3904 dapifer,
1009 3821 1167 3886 Albertus
1196 3822 1238 3886 de
1262 3821 1380 3900 Horst,
1410 3821 1586 3888 Heinrious
1613 3824 1656 3889 de
1683 3824 1884 3906 Dungerden
1914 3826 1948 3889 et
1979 3824 2035 3890 alii
2062 3843 2164 3907 quarn
2193 3825 2318 3908 plures.
2365 3824 2455 3889 Huic

427 3926 550 3992 actioni
575 3946 595 3991 3
617 3927 799 3993 venerabili
832 3927 967 3994 domino
990 3926 1189 4011 Mirrdensi1)
1220 3927 1377 4011 episcopo
1406 3928 1592 4012 conscripte
1620 3947 1681 4012 ego
1711 3930 1888 3996 Heinricus
1912 3931 1954 3995 de
1977 3930 2165 4014 Rotthorpe
2193 3930 2322 4014 dapifer
2345 3931 2455 3996 domi-

429 4032 591 4098 cellorum
613 4034 655 4099 de
679 4034 928 4099 Scowenburch
950 4033 1179 4099 testimonium
1201 4033 1374 4117 perhibeo,
1399 4033 1477 4116 quia
1500 4055 1553 4099 me
1576 4036 1743 4102 mediante
1760 4036 1959 4102 Lambertus
1983 4036 2162 4102 Lolreboue
2185 4037 2297 4102 senior
2311 4035 2456 4102 fratrum

430 4137 657 4222 predictorum
692 4139 856 4223 prefatam
891 4139 1016 4204 curiam
1050 4139 1084 4203 in
1115 4139 1281 4205 Wecbeke
1316 4139 1359 4204 ad
1390 4159 1510 4206 manus
1545 4141 1670 4208 domini
1697 4143 1909 4226 B(ernhardi)
1941 4143 2071 4209 abbatis
2094 4147 2129 4209 et
2150 4143 2291 4208 fratrum
2314 4163 2456 4208 suorum

430 4243 557 4308 domini
579 4244 723 4310 Amoldi
745 4245 931 4310 sacerdotis
955 4247 989 4310 et
1012 4245 1143 4328 Gerlagi
1176 4245 1308 4311 diaconi
1332 4248 1366 4310 et
1387 4248 1538 4314 conversi
1560 4248 1725 4314 Everwini
1759 4249 1896 4314 ecclesie
1919 4250 2024 4314 sancti
2047 4249 2195 4316 Mauricii
2228 4250 2264 4314 in
2286 4249 2455 4333 gimnasio

427 4349 600 4414 Welsethe
631 4351 819 4434 resignavit.
875 4353 924 4416 De
949 4352 1086 4416 consilio
1110 4371 1189 4418 vero
1213 4351 1472 4418 castellanorum
1495 4352 1537 4418 de
1560 4354 1804 4421 Scowenborch
1838 4355 1981 4439 sigillum
2015 4354 2266 4422 domicellorum
2299 4376 2456 4421 meorum

429 4455 507 4520 huic
529 4456 650 4538 pagine
673 4457 914 4540 apponendum
937 4457 1074 4540 dignum
1096 4458 1176 4523 duxi
1200 4457 1243 4523 ad
1266 4459 1461 4524 memoriam
1484 4461 1532 4525 rei
1555 4464 1646 4542 geste
1663 4464 1697 4526 et
1712 4461 1874 4547 prefatef)
1890 4461 2028 4527 ecclesie
2043 4461 2304 4528 firmamentum.
2340 4462 2455 4527 Huius

427 4561 478 4625 rei
500 4564 604 4627 testes
632 4566 728 4628 sunt:
762 4563 969 4629 Wernherus
993 4564 1034 4629 de
1058 4563 1298 4648 Oldenthorpe,
1335 4563 1535 4631 Godefridus
1559 4566 1696 4650 Loginlr,
1733 4567 1911 4632 Heinricus
1935 4569 1976 4633 de
1999 4568 2179 4649 Welsethe,
2214 4569 2383 4634 lohannes
2408 4568 2455 4633 de

428 4668 629 4750 Stenburch,
653 4669 831 4735 Heinricus
855 4669 968 4750 Morel,
991 4669 1163 4735 Arnoldus
1185 4669 1301 4736 Pollex
1324 4674 1358 4735 et
1381 4671 1436 4736 alii
1459 4673 1707 4756 quamplures.

644 4791 666 4861 ¹)
685 4793 823 4846 Mindense
841 4791 886 4846 Or.
907 4792 929 4861 ¹)
946 4808 996 4845 oor
1015 4792 1080 4861 pref.
1099 4793 1136 4845 ist
1154 4793 1317 4846 ecclesiasta
1335 4793 1381 4847 Or.
1399 4794 1502 4865 9333191.

563 4896 618 4964 Or.
641 4901 686 4963 im
708 4897 784 4985 1191.
810 4896 917 4964 Siai.
939 4921 980 4962 zn
1003 4898 1152 4976 Mdneten
1181 4899 1282 4964 Morta
1303 4921 1334 4963 n.
1361 4898 1487 4966 Sinteon
1509 4905 1545 4966 in
1566 4901 1695 4966 blindan
1722 4899 1783 4967 Nr.
1808 4902 1860 4968 15.
1909 4901 2013 4989 813931
2033 4903 2088 4968 des
2115 4901 2261 4984 Biackofs
2281 4924 2350 4968 oonr
2374 4901 2456 4967 Per·

640 5004 893 5090 qomentrnar'fen
916 5003 967 5081 ab,
991 5003 1050 5067 doc
1073 5003 1127 5068 des
1143 5001 1267 5090 Grofen
1288 5026 1346 5069 oon
1365 5003 1578 5094 Sebonnrburg
1601 5007 1741 5073 erbolten
1764 5007 1841 5074 abor
1861 5009 1948 5074 nieht
1967 5009 2053 5074 nour
2073 5031 2114 5074 zu
2135 5008 2291 5096 erkcnnen
2337 5007 2458 5094 cheot

640 5133 669 5173 o.
692 5109 827 5195 Aspern,
853 5107 925 5174 Cod.
950 5109 1023 5194 dipl.
1048 5106 1093 5187 II,
1121 5107 1154 5176 S.
1180 5108 1245 5174 131)
1268 5109 1327 5174 Nr.
1351 5109 1397 5175 83
1419 5116 1477 5176 mit
1498 5113 1554 5178 der
1575 5112 2006 5200 Janreranqab012lr-52
2026 5115 2092 5180 und
2119 5111 2347 5201 Wipperrnorm,
2370 5112 2454 5200 Reg.

644 5212 811 5282 Schonmb.
844 5213 879 5280 S.
905 5211 948 5278 70
978 5212 1038 5283 Nr.
1064 5212 1138 5293 131,
1173 5216 1312 5282 nardini
1331 5241 1359 5284 o.
1387 5215 1539 5302 89331333,
1567 5217 1730 5285 Eversum
1753 5218 1787 5286 S.
1813 5218 1878 5287 169
1900 5219 1988 5288 Note.
2041 5219 2175 5288 Webedo
2199 5219 2235 5284 N
2240 5217 2282 5286 W.
2305 5243 2333 5287 o.
2357 5218 2454 5287 Here.

645 5318 824 5401 Oldendof,
847 5320 1013 5387 Wecbeke
1036 5325 1079 5386 iot
1107 5319 1246 5388 Weiberlr
1268 5322 1420 5387 zwisokcn
1442 5322 1619 5406 Oldendorf
1635 5325 1703 5390 ond
1723 5323 1905 5394 Fiocbbeck.
