5022 6778
1026 435 1095 490 1300
1987 415 2055 481 531·

51 746 178 835 Biselot
203 743 335 834 Lttdoll
360 767 423 816 oon
451 744 600 816 Mindon
627 743 699 815 und
728 743 828 832 Grof
848 743 987 815 Jotann
1014 765 1078 814 uon
1105 741 1288 830 Wunstorf
1315 739 1409 828 tepea
1438 739 1546 809 durch
1573 738 1818 830 Vermittelnnp
1836 739 1897 810 des
1916 737 2058 828 Grofen

123 854 188 926 Otto
215 874 279 924 von
315 852 433 942 Wdlpe
460 851 526 922 den
554 851 659 942 Strcit
686 875 744 922 um
772 850 906 922 Sclbss
932 849 1005 921 ond
1033 847 1136 920 Stodt
1171 846 1362 935 Wunstorf
1383 846 1443 916 bct.
1501 845 1650 915 Mindon
1678 844 1776 916 1300
1804 844 1887 916 Mai
1913 848 1974 921 28.

144 969 301 1036 Ludolius
324 970 386 1035 Dei
407 968 513 1052 gratia
535 968 720 1034 Mindensis
744 968 880 1033 ecclesie
903 969 1080 1052 episcopus
1104 969 1137 1031 et
1159 965 1331 1030 lohannes
1355 983 1465 1030 comes
1482 964 1524 1029 de
1540 964 1745 1047 Wunstorpe
1762 964 1805 1028 ad
1821 963 2057 1029 certitudinem

52 1079 241 1164 presencium
264 1079 298 1140 et
320 1077 514 1141 memoriam
537 1075 738 1140 futurorum.
785 1076 866 1139 Post
889 1093 1004 1156 graves
1027 1073 1221 1138 inimicicias
1245 1091 1346 1155 super
1369 1074 1477 1135 castro
1502 1073 1535 1134 et
1558 1070 1658 1153 opido
1682 1070 1718 1134 in
1741 1069 1945 1153 Wunstorpe
1967 1069 2056 1134 inter

52 1205 104 1250 nos
124 1188 206 1248 ortas
229 1182 396 1247 mediante
420 1182 524 1247 nobili
548 1183 620 1246 viro
644 1181 765 1246 comite
789 1180 912 1245 Ottone
936 1181 977 1245 de
1001 1180 1120 1263 Welpa
1154 1179 1240 1244 facta
1267 1181 1318 1242 est
1342 1175 1541 1259 composicio
1572 1177 1636 1240 sub
1659 1177 1722 1240 hac
1745 1176 1859 1241 torma.
1906 1174 2055 1258 Opidum

52 1291 233 1372 Wunstorpe
267 1291 301 1353 et
330 1289 478 1353 castrum
513 1287 541 1352 si
569 1287 775 1352 destructum
808 1307 875 1352 nou
912 1287 1021 1367 fuerit,
1057 1305 1232 1351 commune
1266 1283 1465 1348 habebimus
1499 1283 1586 1347 sicut
1619 1283 1724 1364 prius,
1758 1283 1989 1348 molendinum
2018 1284 2057 1347 in

52 1397 157 1462 lossato
186 1414 260 1458 cum
287 1394 456 1477 piscatura
485 1394 578 1459 iuxta
599 1393 838 1473 molendinum,
870 1395 1048 1470 monetam,
1076 1391 1278 1470 theloneum,
1302 1389 1437 1469 Judeos,
1473 1390 1545 1454 iura
1569 1391 1603 1454 et
1625 1388 1857 1454 iurisdiciones
1880 1390 1915 1454 et
1937 1408 2057 1453 omnes

51 1503 211 1584 proventus
235 1521 273 1565 er
297 1501 380 1583 ipsis
404 1502 639 1584 provenientes
663 1499 848 1564 dividemus
875 1499 962 1563 inter
990 1518 1052 1564 nos
1076 1498 1243 1563 socialiter
1266 1517 1353 1580 equa
1376 1497 1480 1561 lance.
1527 1496 1568 1560 Et
1600 1515 1662 1559 nos
1697 1516 1807 1561 comes
1842 1496 2057 1578 supradictus

51 1608 242 1672 medietatem
275 1607 500 1690 predictorum
536 1626 612 1671 cum
641 1607 713 1671 aliis
742 1606 840 1670 bonis
869 1605 1034 1681 omnibus,
1070 1624 1136 1686 que
1164 1603 1327 1668 habemus
1357 1603 1399 1666 ab
1429 1602 1568 1667 ecclesia
1595 1601 1761 1666 Mindensi
1791 1602 1988 1684 recipiemus
2018 1602 2056 1668 in

50 1713 198 1795 pheodum
228 1713 452 1795 abepiscopo
476 1712 640 1778 Mindensi
668 1713 834 1794 omagium
862 1711 927 1775 sibi
957 1711 1119 1776 faciendo.
1166 1709 1339 1774 Adicimus
1373 1710 1484 1786 etiam,
1519 1709 1620 1790 quod,
1644 1708 1672 1771 si
1696 1708 1851 1772 dominus
1875 1710 2055 1793 episcopus

50 1818 210 1883 Mindensis
233 1819 286 1883 vel
309 1839 518 1883 successores
543 1819 614 1883 eius
638 1839 698 1883 nos
722 1840 742 1884 a
765 1819 976 1900 possessione
1000 1817 1099 1881 castri
1123 1819 1156 1880 et
1179 1815 1270 1896 opidi
1295 1815 1330 1879 in
1354 1815 1556 1896 Wunstorpe
1580 1815 1782 1896 eiecerintl),
1819 1815 1930 1880 omnia
1953 1814 2056 1896 bona,

49 1945 104 2007 que
125 1925 224 1988 nostri
248 1925 476 2007 progenitores
499 1925 637 1990 ecclesie
660 1925 876 2006 reliquerunt,
912 1924 955 1988 ad
979 1942 1040 1986 nos
1065 1921 1269 2005 integraliter
1300 1924 1519 1985 revertantur.
1567 1921 1602 1985 Si
1626 1923 1739 1985 autem
1762 1940 1824 1985 nos
1848 1922 1958 2003 ipsum
1983 1923 2056 2005 epi-

49 2049 169 2111 scopum
198 2030 251 2095 vel
275 2049 483 2095 successores
507 2032 590 2111 elue,
625 2031 715 2114 quod
747 2029 844 2108 absit,
880 2029 1074 2094 eiecerimus
1105 2029 1158 2093 vel
1186 2028 1298 2109 ipsum
1330 2027 1535 2091 excludendo
1566 2047 1635 2090 non
1666 2027 1907 2107 admiserimus,
1942 2030 2057 2092 omnia

47 2136 124 2199 bona
154 2155 227 2200 cum
262 2135 363 2218 opido
393 2138 425 2199 et
455 2142 575 2217 castro,
610 2158 677 2221 que
706 2137 812 2200 abeo
837 2141 1000 2214 tenemus,
1025 2135 1087 2199 sibi
1111 2139 1144 2199 et
1168 2134 1306 2199 ecclesie
1330 2133 1493 2198 Mindensi
1519 2133 1621 2197 libere
1644 2134 1867 2210 vacabuntet
1891 2135 2055 2199 absolute.

49 2239 247 2306 Promisimus
282 2242 381 2306 etiam
411 2241 478 2306 fide
509 2243 595 2323 data,
631 2243 722 2324 quod
746 2262 766 2305 a
790 2242 928 2306 servicio
959 2262 1021 2306 suo
1045 2244 1077 2305 et
1103 2240 1241 2306 ecclesie
1265 2239 1449 2304 Mindensis
1473 2259 1645 2320 nunquam
1670 2241 1872 2305 recedemus.
1921 2241 1962 2304 Et
1993 2262 2055 2306 nos

48 2345 205 2428 episcopus
230 2368 409 2414 econverso
433 2349 543 2413 comiti
566 2349 673 2413 eidem
697 2347 922 2431 promittimus
945 2351 1060 2413 contra
1080 2367 1196 2411 omnes
1213 2348 1427 2411 adversantes
1445 2346 1509 2409 sibi
1526 2345 1650 2411 iniuste
1667 2347 1825 2411 auxilium
1842 2350 2056 2432 oportunum,

48 2451 166 2516 domino
189 2455 274 2519 duce
299 2456 340 2520 de
364 2455 596 2532 Lunenborch,
625 2455 745 2520 comite
769 2455 811 2519 de
835 2454 964 2536 Welpa,
997 2454 1203 2544 Coloniensi,
1239 2452 1490 2534 osnaburgensi
1514 2455 1547 2515 et
1570 2452 1797 2518 Hervordensi
1822 2455 1978 2534 ecclesiis,
2015 2456 2058 2520 de

47 2556 271 2623 Scowenhorch
296 2560 394 2624 etde
419 2561 655 2626 Ravensberch
680 2561 856 2625 comitibus
882 2562 1054 2626 dumtaxat
1077 2561 1233 2642 exceptis,
1269 2559 1391 2641 quibus
1420 2579 1481 2623 nos
1514 2558 1682 2641 oportebit
1706 2560 1872 2640 assistere,
1904 2562 1984 2625 dum
2011 2563 2054 2626 ab

46 2662 117 2744 ipsis
137 2665 294 2730 fuerimus
319 2667 477 2748 requisiti.
524 2667 700 2732 Adiectum
724 2672 774 2732 est
800 2667 947 2749 insuper,
972 2667 1071 2749 quod,
1096 2667 1125 2730 si
1147 2687 1215 2731 nos
1233 2686 1343 2730 comes
1368 2665 1514 2747 aliquam
1537 2669 1665 2746 partem
1694 2666 1763 2730 sive
1788 2668 1828 2731 de
1852 2671 1961 2731 castro
1985 2667 2056 2733 sive

47 2768 81 2830 de
101 2770 193 2851 opido
216 2770 287 2836 sive
310 2772 352 2836 de
376 2773 473 2839 bonis
497 2773 695 2858 supradictis
720 2775 776 2837 aut
799 2777 908 2839 totum
932 2793 1048 2838 sumus
1072 2773 1105 2836 in
1122 2776 1296 2855 posterum
1312 2771 1490 2852 vendituri,
1508 2773 1666 2854 episcopo
1683 2772 1852 2838 antedicto
1868 2775 1901 2838 et
1917 2776 2056 2840 ecclesie

45 2872 202 2958 llindensi,
226 2877 255 2941 si
281 2877 328 2942 eis
352 2879 524 2962 placuerit,
549 2900 609 2962 pro
632 2883 727 2945 tanta
751 2879 957 2944 dimittemus
981 2882 1123 2963 pecunie
1147 2899 1286 2954 summa,
1311 2881 1437 2961 quanta
1460 2877 1502 2942 ab
1526 2879 1598 2942 aliis
1623 2878 1793 2943 evidenter
1815 2880 1939 2945 habere
1959 2883 2056 2963 pote-

45 2979 135 3045 rimus
157 2984 283 3066 absque
307 2985 384 3049 dolo
408 3003 469 3067 pro
493 2986 629 3052 eisdem.
676 2986 716 3050 Et
740 3006 800 3051 nos
824 2987 1000 3069 episcopus
1025 2987 1060 3050 id
1083 2987 1193 3071 ipsum
1217 2986 1376 3050 faciemus
1400 2984 1511 3049 comiti
1535 2985 1606 3049 vice
1629 3005 1735 3050 versa.
1783 2985 1980 3051 Condictum
2004 2991 2057 3053 est

44 3085 176 3168 insuper,
209 3091 302 3172 quod
331 3111 392 3156 nos
420 3111 532 3156 comes
561 3093 603 3157 de
632 3095 728 3176 parte
757 3093 856 3158 castri
890 3092 942 3157 vel
974 3093 1064 3176 opidi
1094 3093 1190 3157 nohis
1219 3093 1387 3174 assignata
1417 3091 1526 3156 tacere
1556 3111 1735 3173 possumus
1770 3092 1860 3175 quod
1889 3093 2056 3176 volumus,

45 3191 208 3260 dummodo
244 3215 313 3260 non
346 3199 462 3280 vergat
495 3199 530 3262 in
560 3199 781 3280 preludicinm
813 3198 953 3263 ecclesie
985 3198 1169 3263 Mindensis
1198 3203 1231 3263 et
1253 3219 1443 3280 gravamen.
1490 3199 1535 3262 Ut
1559 3201 1671 3263 autem
1694 3198 1833 3264 ecclesia
1857 3219 1876 3263 a
1899 3201 1998 3264 nobis
2022 3203 2057 3266 et

44 3317 95 3362 nos
127 3301 166 3364 ab
196 3304 337 3369 ecclesia
372 3324 439 3369 non
467 3305 623 3370 eiciamur
652 3324 712 3370 nec
744 3307 968 3384 excludamur,
992 3325 1114 3388 penam
1138 3305 1339 3388 quicumque
1364 3305 1466 3370 alium
1490 3304 1623 3369 eiecerit
1646 3305 1769 3370 incidat
1792 3305 2055 3390 infrascriptam:

43 3407 157 3485 partem
173 3428 268 3474 suam
284 3409 488 3495 Wunstorpe
512 3430 587 3476 cum
611 3411 708 3477 bonis
729 3412 948 3477 attinentibus
973 3413 1101 3476 amittet
1118 3412 1187 3476 leso
1205 3412 1273 3476 sive
1290 3431 1390 3494 passo
1407 3411 1563 3476 iniuriam
1579 3411 1823 3493 applicandam,
1847 3417 1884 3478 ut
1901 3415 2058 3496 superius

43 3514 86 3574 est
106 3533 294 3596 expressum
302 3543 310 3596 ;
334 3517 456 3582 milites
481 3519 592 3599 etiam,
615 3519 769 3600 armigeri
794 3521 827 3583 et
850 3519 986 3600 opidani
1009 3519 1044 3582 in
1066 3520 1272 3600 Wunstorpe
1296 3517 1441 3583 absoluti
1466 3518 1535 3582 sint
1558 3519 1632 3600 ipso
1656 3518 1743 3584 facto
1766 3540 1787 3584 a
1808 3519 1967 3585 fidelitate
1987 3542 2057 3603 qua

41 3615 195 3684 hiemanti
230 3623 432 3688 tenebantur
459 3644 559 3706 passo
587 3625 741 3689 iniuriam
773 3625 974 3690 adherendo.
1020 3625 1197 3690 Adiectum
1229 3627 1281 3687 est
1310 3624 1459 3707 insuper,
1494 3625 1522 3689 si
1546 3644 1607 3688 nos
1630 3626 1683 3689 vel
1708 3625 1813 3690 nostri
1845 3646 2056 3693 successores

42 3723 173 3804 aliquam
207 3729 419 3810 questionem
453 3750 585 3795 movere
619 3731 818 3795 habebimus
852 3731 887 3794 in
919 3733 1030 3796 futuro
1063 3734 1178 3796 contra
1214 3730 1360 3812 aliquem
1402 3730 1552 3808 militem,
1588 3732 1748 3796 famulum
1782 3731 1835 3796 vel
1870 3733 2054 3815 opidanum

42 3826 338 3916 Wunstorpensem,
372 3835 463 3900 illam
491 3857 601 3902 coram
626 3837 782 3919 episcopo
805 3837 992 3901 tenebimur
1014 3839 1195 3902 terminare
1229 3839 1263 3902 in
1288 3836 1437 3900 amicicia
1460 3836 1511 3900 vel
1535 3839 1570 3900 in
1594 3838 1675 3902 iure.
1723 3838 1765 3902 Et
1788 3858 1850 3904 nos
1874 3841 2055 3924 episcopus

39 3931 68 3996 id
89 3935 194 4018 ipsum
218 3960 332 4004 coram
355 3943 475 4007 comite
499 3945 599 4008 modo
622 3943 721 4007 simili
743 3943 911 4007 iaciemus
959 3944 1000 4008 Et
1024 3947 1060 4008 ut
1083 3943 1149 4006 ista
1172 3944 1285 4007 omnia
1313 3942 1550 4007 inviolabiliter
1577 3944 1807 4024 observentur,
1842 3947 2054 4029 presentibus

39 4039 153 4108 decano
176 4050 210 4110 et
234 4047 391 4130 capitulo,
426 4049 586 4114 militibus
610 4051 643 4114 et
665 4050 858 4114 consulibus
888 4050 1025 4114 ecclesie
1053 4052 1086 4114 et
1108 4048 1252 4114 civitatis
1276 4049 1459 4114 Mindensis
1486 4049 1586 4114 fidem
1623 4049 1702 4113 hinc
1736 4050 1814 4116 inde
1842 4051 1995 4116 dedimus
2020 4056 2054 4118 et

38 4152 197 4230 proposito
221 4173 334 4219 coram
357 4155 454 4220 nohis
478 4156 635 4221 dominici
659 4157 807 4237 corporis
831 4158 1040 4221 sacramento
1064 4156 1163 4219 ambo
1188 4175 1290 4239 super
1312 4157 1375 4220 hoc
1396 4155 1600 4239 prestitimus
1620 4155 1853 4221 iuramentum.
1889 4158 2054 4224 Volumus

37 4252 126 4318 etiam
154 4258 241 4322 hanc
272 4261 550 4343 composicionem
581 4263 702 4327 realem
732 4281 805 4326 esse
834 4263 921 4326 inter
949 4283 1011 4327 nos
1036 4264 1069 4326 et
1098 4263 1272 4327 ecclesiam
1296 4263 1504 4326 Mindensem
1528 4265 1561 4326 et
1585 4265 1717 4326 nostros
1742 4283 1952 4330 successores
1975 4287 2054 4349 per-

36 4362 127 4437 petuo
162 4365 368 4447 duraturam,
403 4368 558 4433 omnibns
583 4369 657 4434 aliis
684 4369 800 4451 pactis
824 4368 955 4448 litteris,
978 4369 1157 4451 privilegiis
1181 4369 1350 4432 veteribus
1375 4368 1546 4448 revocatis,
1570 4389 1781 4452 quacumque
1805 4370 2054 4459 etiam'fuerint

35 4462 179 4532 firnritate
203 4473 337 4536 vallate.
384 4473 425 4538 Et
448 4495 509 4539 nos
532 4476 687 4539 consules
711 4478 743 4539 et
768 4475 905 4557 opidani
930 4476 1222 4560 Wunstorpenses,
1247 4478 1284 4539 ut
1307 4495 1372 4558 pax
1395 4479 1430 4540 et
1453 4476 1629 4539 eoncordia
1648 4475 1734 4539 inter
1751 4479 1883 4541 nostros
1900 4478 2052 4544 dominos

35 4575 236 4652 supradictos
261 4578 453 4661 episcopum
479 4583 511 4644 et
534 4581 707 4645 ecclesiam
731 4583 940 4646 Mindensem
963 4583 997 4646 et
1020 4582 1175 4645 comitem
1200 4585 1233 4646 et
1257 4601 1335 4647 suos
1356 4601 1565 4646 successores
1581 4581 1616 4644 in
1632 4585 1805 4664 posterum
1821 4585 2053 4666 observentur,

34 4682 261 4761 compositioni
285 4687 477 4770 supradicte
500 4687 725 4751 consentimus
749 4690 782 4750 et
805 4686 964 4752 faciemus
988 4689 1089 4771 prout
1112 4687 1266 4769 superius
1290 4691 1341 4752 est
1364 4689 1565 4768 ordinatum,
1601 4689 1639 4769 si,
1675 4689 1768 4771 quod
1797 4690 1894 4771 absit,
1930 4691 2053 4776 aliquis

33 4781 238 4854 dominorum
275 4795 465 4856 nostrorum
500 4793 601 4858 alium
624 4814 644 4858 a
666 4794 871 4875 Wunstorpe
901 4795 1060 4858 amoverit
1087 4796 1140 4859 vel
1163 4795 1273 4877 ipsum
1298 4794 1505 4859 excludendo
1529 4813 1596 4858 non
1620 4794 1799 4874 admiserit,
1834 4799 1872 4860 ut
1895 4799 2053 4881 superius

33 4891 76 4951 est
109 4895 309 4973 predictum.
354 4898 391 4962 In
423 4899 515 4965 cuius
547 4900 596 4964 rei
628 4900 854 4964 testimonium
888 4900 1032 4982 sigillum
1066 4904 1218 4965 nostrum
1252 4920 1319 4964 una
1354 4921 1430 4965 cum
1464 4901 1578 4983 sigillis
1614 4902 1825 4982 dominorum
1859 4906 2052 4969 nostrorum

32 4997 252 5074 predictorum
288 5005 499 5086 presentibus
534 5009 585 5070 est
619 5025 815 5090 appensum.
867 5008 989 5071 Datum
1024 5009 1057 5070 et
1091 5010 1202 5073 actum
1236 5008 1346 5072 Minde
1381 5026 1470 5073 anno
1493 5007 1625 5072 Domini
1656 5007 1836 5089 M⁰.CCC⁰.,
1871 5009 1906 5074 in
1940 5009 2054 5092 vigilia

30 5099 274 5174 penthecostes.

239 5215 261 5280 ¹)
281 5211 340 5267 On:
358 5216 476 5272 eiceriut.

155 5299 211 5367 Or.
237 5305 283 5365 im
305 5302 377 5390 Kyl.
401 5301 503 5370 Steti.
528 5328 568 5369 zu
591 5305 739 5383 Materter,
770 5304 928 5372 Ferme.
956 5307 1081 5370 Minden
1110 5305 1169 5372 Nr.
1193 5305 1246 5371 68.
1300 5305 1366 5371 Von
1388 5309 1447 5372 den
1470 5308 1539 5371 drei
1562 5305 1686 5392 Siepelc
1714 5310 1749 5371 in
1771 5312 1907 5374 weissen
1937 5306 2053 5373 Wache

237 5431 283 5471 an
312 5407 623 5495 Pergamentetreifen
657 5413 730 5476 sind
763 5413 821 5476 dos
850 5413 903 5478 dee
928 5412 1074 5497 Biacqu‘o
1095 5414 1172 5477 und·
1187 5412 1309 5497 Grufen
1343 5413 1432 5478 atork
1466 5414 1646 5498 beachdds'gt
1678 5414 1745 5476 und
1772 5437 1831 5478 zur
1857 5413 1966 5500 Hdlfte
1997 5413 2051 5494 ab,

1767 5538 1836 5604 67*
