5174 6798
1066 477 1240 532 rare-1220
2118 467 2157 532 21

135 680 173 742 ut
201 676 314 742 nullus
348 693 424 740 eam
459 672 618 754 deinceps
652 690 754 754 super
787 671 959 754 premissis
995 671 1151 735 omnibus
1186 690 1270 738 ausu
1304 673 1481 738 temerario
1515 671 1677 756 impetere
1711 677 1891 758 presumat.
1944 677 2161 742 Decemimus

135 802 284 867 quoque,
307 783 345 845 ut
368 781 486 846 eadem
511 778 650 844 ecelesia
673 777 779 842 sancti
811 777 972 843 lobannis
996 779 1197 860 evangeliste
1230 778 1326 844 nobis
1352 780 1387 844 et
1415 779 1505 843 omni
1535 781 1693 864 episcopo
1717 778 1882 846 Mindensi
1910 786 1988 865 post
2010 786 2162 866 tempora

44 899 49 914 ⁸
134 893 254 956 nostra
277 888 390 953 futuro
414 905 545 952 necnon
569 886 602 949 et
625 883 753 949 matrici
783 903 842 949 sue
872 883 1010 948 ecclesie
1039 884 1146 949 sancti
1169 885 1275 966 Petri,
1305 885 1346 949 de
1377 905 1443 968 qua
1467 886 1614 951 derivata
1637 889 1702 966 est,
1730 888 1949 953 reverentiam
1972 909 2106 973 semper
2128 890 2163 954 in

137 996 306 1072 omnibus,
341 1013 407 1076 que
431 994 474 1058 ad
495 982 680 1056 honestatis
704 993 737 1054 et
760 989 927 1072 religionis
951 991 1097 1072 speciem
1118 990 1232 1054 referri
1255 995 1407 1073 possunt,
1437 992 1590 1057 exhibeat
1619 993 1905 1078 promptiorem3),
1940 1014 2001 1059 nos
2029 1015 2162 1078 quoque

136 1104 171 1168 et
194 1119 404 1167 successores
435 1097 540 1163 nostri
571 1099 604 1164 et
635 1097 774 1162 ecclesia
801 1097 915 1160 nostra
943 1096 1062 1176 maior,
1092 1096 1133 1160 ad
1163 1116 1306 1179 quorum
1334 1101 1562 1180 augmentum,
1592 1099 1912 1164 administrationem
1946 1104 1979 1165 et
2007 1102 2162 1167 decorem

135 1210 255 1275 eadem
278 1207 418 1272 ecclesia
439 1205 592 1270 instituta
614 1204 786 1288 probatur,
809 1202 1003 1268 familiarius
1028 1205 1061 1268 et
1087 1203 1268 1285 specialius
1292 1204 1542 1286 amplectamur,
1567 1208 1600 1269 et
1624 1205 1651 1268 si
1674 1207 1759 1270 forte
1774 1206 1955 1271 necessitas
1979 1207 2008 1272 ei
2032 1209 2161 1272 incum-

136 1315 205 1390 bat,
229 1312 367 1378 consilio
392 1313 425 1377 et
446 1310 569 1376 auxilio
593 1328 655 1393 pro
678 1311 814 1375 modulo
838 1312 951 1376 nostro
977 1311 1095 1374 adesse
1120 1312 1153 1374 et
1175 1312 1337 1392 prodesse
1362 1311 1564 1375 studeamus.
1610 1311 1812 1376 Indulsimus
1836 1332 1970 1395 quoque
1995 1314 2162 1396 sepedicte

136 1420 276 1486 ecclesie
300 1419 479 1498 canonicis,
508 1418 555 1498 ut,
585 1436 660 1480 cum
682 1416 717 1480 in
741 1416 996 1481 solennitatibus
1023 1415 1110 1480 sicut
1133 1417 1228 1482 decet
1257 1437 1333 1481 cum
1360 1417 1586 1500 processione,
1616 1438 1716 1500 quam
1747 1418 1892 1483 universi
1917 1419 2105 1502 diligentius
2129 1423 2162 1485 et

136 1523 291 1592 devotius
320 1525 557 1605 observabunt,
589 1524 802 1606 frequentent
828 1523 1000 1588 matricem
1033 1526 1064 1589 et
1092 1524 1230 1588 visitent
1260 1522 1443 1600 ecclesiam,
1475 1522 1553 1604 quia
1581 1523 1690 1588 adhuc
1720 1524 1768 1588 eis
1803 1525 1895 1589 nulla
1926 1525 2162 1591 consolationis

136 1633 278 1698 accessit
300 1631 415 1716 gratia,
440 1632 482 1696 ad
504 1649 655 1695 mensam
680 1631 829 1694 nostram
858 1649 926 1692 una
949 1629 1125 1693 nobiscum
1149 1628 1314 1711 sumpturi
1343 1629 1435 1692 cibos
1464 1630 1500 1693 in
1529 1630 1689 1694 charitate
1720 1631 1896 1696 assideant.
1944 1632 2161 1697 Providemus

136 1759 273 1823 quoque
296 1738 406 1803 eidem
433 1736 571 1802 ecclesie
600 1735 636 1800 in
666 1735 836 1818 preposito
866 1735 1059 1800 Lieffhardo
1089 1735 1159 1800 viro
1189 1735 1309 1800 idoneo
1343 1737 1376 1799 et
1405 1733 1548 1798 discreto
1578 1737 1610 1799 et
1638 1735 1667 1799 ei
1697 1736 1731 1800 in
1759 1737 1986 1802 remissionem
2014 1739 2163 1802 omnium

135 1846 368 1931 peccaminum
391 1863 529 1908 suorum
556 1841 777 1922 iniunximuS,
807 1844 844 1906 ut
872 1842 913 1906 de
941 1861 1002 1907 sua
1030 1841 1126 1924 copia
1157 1841 1246 1906 illius
1276 1841 1412 1905 ecclesie
1443 1841 1598 1925 suppleat
1628 1842 1776 1924 inopiam
1803 1863 1962 1925 processu
1990 1845 2162 1926 temporie,

136 1973 214 2019 cum
238 1953 328 2017 Deus
352 1950 483 2015 dederit
504 1949 706 2029 facultatem,
731 1949 773 2013 de
797 1950 886 2012 statu
909 1949 1016 2029 ipsius
1041 1947 1190 2029 ecclesie,
1208 1967 1309 2030 quam
1332 1951 1418 2013 teste
1443 1949 1513 2013 Deo
1535 1950 1663 2012 bonum
1678 1950 1775 2014 valde
1794 1949 1997 2030 affectamus
2021 1951 2164 2033 amplius

136 2058 342 2142 disposituri.
390 2055 589 2137 Quicunque
624 2074 702 2137 ergo
730 2055 888 2118 instinctu
924 2054 1049 2118 diaboli
1083 2055 1281 2136 supradictis
1310 2055 1465 2119 omnibus
1494 2055 1656 2120 contraire
1684 2056 1736 2120 vel
1767 2075 1807 2120 ea
1835 2077 2035 2140 quocunque
2062 2058 2163 2121 modo

137 2168 311 2231 destruere
346 2183 406 2229 seu
433 2162 601 2228 infirmare
636 2161 850 2240 laboraverit,
881 2160 1230 2226 excommunicationis
1254 2181 1273 2224 a
1297 2161 1393 2225 nobis
1417 2162 1549 2225 vinculo
1577 2161 1797 2226 insolubiliter
1820 2163 1999 2227 innodatus
2024 2166 2106 2228 iram
2130 2166 2163 2227 et

135 2275 254 2338 odium
278 2273 339 2337 Dei
372 2269 610 2352 omnipotentis
646 2269 680 2332 et
712 2268 810 2332 beate
838 2267 940 2332 Maria
963 2267 1097 2350 virginis
1133 2269 1165 2330 et
1200 2271 1391 2332 sanctorum
1426 2269 1654 2349 apostolorum
1684 2270 1774 2333 Petri
1798 2271 1831 2332 et
1860 2270 1967 2350 Pauli,
2002 2268 2162 2334 Johannis

136 2378 342 2461 evangeliste
366 2379 400 2440 et
424 2375 572 2440 omnium
596 2377 786 2438 sanctorum
810 2393 899 2437 nunc
923 2376 956 2437 et
979 2374 1013 2438 in
1036 2372 1147 2437 futuro
1172 2374 1284 2438 seculo
1308 2373 1463 2437 incurrat.
1510 2374 1627 2438 Testes
1650 2374 1750 2438 huius
1775 2376 1821 2439 rei
1845 2380 1937 2440 sunt:
1966 2375 2162 2440 Lettbardus

135 2485 343 2570 prepositae,
367 2481 541 2549 Conradus
565 2481 712 2545 decanus
729 2479 863 2544 maioris
880 2480 1029 2560 ecclesie,
1055 2479 1250 2544 Thidericus
1275 2479 1474 2558 cellerarius,
1499 2479 1579 2546 Otto
1596 2483 1718 2560 custos,
1743 2481 1942 2546 Godelridus
1959 2481 2163 2558 scolasticus,

135 2594 321 2656 Wernerus
345 2591 386 2654 de
409 2590 573 2665 Arnhem,
609 2588 775 2652 Walterus
801 2586 841 2651 de
865 2587 1131 2670 Schowenburg‚
1168 2586 1416 2652 Godeschalcus
1449 2587 1595 2651 decanus
1627 2588 1732 2651 sancti
1761 2588 1922 2654 lobannis
1951 2588 2163 2670 evangeliste.

134 2699 260 2765 Actum
285 2716 373 2762 anno
396 2695 501 2777 gratie
524 2693 697 2772 MCCXVI,
722 2691 901 2758 indictione
925 2692 998 2758 IIII.

358 2801 379 2870 ¹)
399 2801 464 2854 litus
486 2797 542 2852 Cel.
581 2799 604 2868 ²)
625 2798 677 2850 Die
697 2797 785 2852 Laleke
806 2797 849 2851 oei
869 2798 925 2852 cur.
944 2799 1018 2851 nielt
1036 2799 1200 2868 unperleutet.
1239 2801 1261 2864 ³)
1280 2802 1430 2869 proniorem
1453 2800 1508 2854 Gur.

278 2887 351 2953 Nur
372 2889 449 2952 noclr
477 2889 512 2951 in
541 2888 596 2952 der
623 2885 785 2972 Abecln'fl
812 2885 997 2952 Culernonns
1019 2891 1053 2951 in
1075 2887 1153 2952 Mac.
1181 2885 1215 2966 Τ,
1238 2888 1283 2951 25
1306 2891 1363 2952 ool.
1388 2887 1414 2967 I,
1442 2886 1476 2953 8.
1502 2885 1607 2972 169ff.
1636 2893 1680 2952 im
1710 2889 1782 2976 qu.
1808 2888 1912 2957 Sa-A.
1937 2913 1976 2955 zu
1998 2889 2165 2956 Hannocer

354 2995 503 3060 erdalten.
550 2992 588 3057 In
611 2994 689 3056 Mac.
721 2991 790 3072 VII,
814 2991 904 3057 2703
928 2992 963 3058 S.
987 2992 1009 3056 2
1032 2997 1076 3056 im
1099 2993 1172 3078 qu.
1200 2993 1304 3058 Sc-A.
1340 3017 1379 3058 zu
1406 2995 1548 3058 Ildneter
1579 2994 1674 3071 findet
1707 2995 1774 3058 sict
1809 2996 1867 3059 dac
1895 2995 2023 3081 Reyeet:
2058 3000 2163 3082 Copia

353 3102 515 3186 privilegii
533 3102 678 3167 Conradi
703 3101 852 3183 episcopi
875 3101 1056 3166 blindansis
1080 3121 1142 3184 pro
1166 3101 1305 3166 ecclesia
1329 3101 1434 3165 sancti
1451 3100 1613 3166 lobannis
1629 3102 1754 3166 ibidem
1781 3105 1875 3168 talc.
1910 3101 1966 3165 Da
1990 3101 2076 3166 1215
2098 3104 2165 3168 and

354 3206 441 3272 1217
463 3208 519 3271 der
541 3204 756 3270 Domdecltant
778 3207 955 3272 Heinricus
978 3216 1115 3292 pertonat
1135 3207 1231 3284 wird,
1260 3229 1294 3270 co
1322 3207 1403 3270 ua'rd
1425 3207 1493 3270 Itier
1520 3210 1553 3270 in
1578 3207 1752 3272 Conradus
1780 3211 1828 3271 ein
1854 3207 2085 3292 Sclvreilrfedler
2108 3233 2164 3274 en·

352 3314 519 3378 arcneltmen
541 3316 616 3379 aeia

1122 3405 1185 3482 67.

137 3536 241 3626 Grof
262 3535 446 3606 Hermann
472 3554 535 3604 oon
562 3531 781 3622 Ravensberp
814 3531 988 3622 albertrctpt
1019 3532 1107 3603 noch
1140 3533 1268 3604 scincet
1301 3531 1392 3603 Tolle
1426 3533 1502 3602 clem
1532 3532 1750 3623 Dora-lopttel
1782 3555 1845 3604 oon
1877 3533 2075 3605 Osnaorucl
2108 3538 2163 3607 ein

135 3643 243 3717 Heus
270 3641 340 3730 auf
361 3640 422 3710 der
449 3636 680 3727 Domfreilrctt
708 3638 855 3728 (domus
882 3637 1124 3732 claustralis),
1156 3639 1221 3710 dos
1249 3661 1287 3709 er
1313 3661 1377 3710 corr
1403 3639 1479 3709 dem
1508 3638 1704 3710 Donrlcrrn
1733 3640 1914 3710 Hermann
1941 3662 2005 3711 con
2041 3641 2164 3712 Vocare

831 3743 972 3833 patrocli
999 3745 1066 3816 lat.
1124 3744 1161 3820 0.
1188 3744 1223 3820 J.
1251 3746 1326 3834 (unt
1353 3747 1473 3836 1216).

245 3865 363 3930 Testes
387 3864 485 3928 buius
509 3864 558 3927 rei
581 3865 676 3928 sunt:
708 3863 855 3926 decanus
877 3861 984 3926 maior
1007 3861 1208 3944 Gerbardus,
1232 3863 1375 3928 Adolfus
1400 3863 1441 3927 de
1464 3863 1647 3942 Blankena,
1671 3863 1829 3928 Albertus
1854 3864 1895 3930 de
1917 3865 2014 3946 Alen,
2040 3867 2164 3931 loban-

135 3994 198 4040 nes
223 3973 266 4037 de
291 3969 472 4054 Cappeleu,
498 3968 716 4053 Hugossare,
741 3967 942 4033 Lielhardus
967 3969 1008 4034 de
1032 3969 1228 4048 Dedekowe,
1251 3969 1421 4034 lohannes
1446 3970 1487 4033 de
1513 3969 1594 4050 Lon,
1617 3969 1809 4034 Alexander
1833 3971 1874 4035 de
1899 3972 2063 4036 Sendene.

273 4074 368 4140 θεάν.
392 4075 506 4152 Moser,
531 4073 663 4138 Oanabr.
689 4073 800 4139 Geced.
824 4070 887 4152 III,
914 4072 949 4137 S.
972 4071 1049 4153 243,
1074 4073 1323 4139 Moser-Abaton
1352 4072 1441 4152 VIII,
1469 4071 1503 4138 S.
1528 4071 1607 4152 161,
1637 4073 1743 4152 Leaen,
1768 4073 1897 4142 Foraclr.
1921 4100 1952 4142 u.
1982 4075 2082 4140 Urlclc.
2106 4100 2165 4141 zur

353 4180 462 4246 Greci.
488 4181 541 4244 dee
564 4179 684 4245 cevent.
710 4179 798 4245 Reor
821 4178 847 4247 I.
872 4177 933 4242 Bd.
957 4178 988 4258 2,
1021 4178 1053 4247 S.
1079 4179 1100 4243 8
1123 4177 1200 4244 Ννο.
1223 4181 1256 4243 5.
1305 4177 1333 4242 V
1329 4181 1370 4266 qt.
1396 4181 1445 4244 die
1473 4177 1623 4245 Uelena
1650 4203 1708 4244 von
1737 4178 1824 4242 1215
1850 4181 1930 4245 Iuni
1951 4180 2161 4251 ,al-Julil.

1119 4361 1185 4439 68.

135 4490 291 4579 Bisclrof
312 4489 460 4560 Kourad
486 4509 551 4559 von
578 4488 729 4560 Minden
756 4487 885 4560 belelnt
911 4485 1128 4685 {MJAEIM
1151 4511 1218 4665 {gn
1227 4487 1441 4685 {witigim
1461 4488 1525 4558 anit
1552 4487 1628 4558 dem
1656 4487 1805 4559 Zelrnlen
1833 4489 1870 4558 in
1899 4486 2164 4560 Dodenhusen.

953 4650 959 4664 .
1015 4655 1022 4670 .
1070 4617 1125 4664 um
1201 4599 1221 4664 1
1256 4599 1329 4667 -2
1372 4655 1379 4670 .

246 4713 446 4778 innomine
470 4715 584 4778 sancte
608 4713 642 4776 et
664 4713 835 4778 individue
857 4713 1027 4778 trinitatis
1075 4713 1250 4778 Gonradus
1273 4713 1335 4778 Dei
1363 4713 1467 4796 gratia
1490 4711 1671 4778 Mindensis
1700 4712 1836 4777 ecclesie
1861 4712 2050 4794 episcopus.
2096 4711 2164 4778 No-

134 4821 248 4886 verint
270 4818 418 4884 universi
441 4820 632 4901 presentem
660 4819 815 4902 paginam
842 4819 1040 4902 inspecturi,
1069 4820 1159 4902 quod
1183 4838 1244 4883 nos
1269 4819 1390 4883 dilecto
1422 4821 1536 4883 nostro
1565 4819 1699 4884 domino
1723 4819 1861 4882 Alberto
1893 4817 2006 4881 abbati
2041 4819 2165 4884 Pader-

135 4925 299 4992 bomensi
327 4925 492 4991 decimam
523 4945 625 5007 super
655 4927 800 5008 quadam
831 4927 977 4990 sundere
1004 4926 1095 4991 curie
1121 4925 1229 5007 ipsius
1255 4925 1291 4988 iu
1318 4925 1542 4990 Dodenhusen
1570 4925 1758 5004 adiacente,
1787 4943 1853 5006 que
1882 4923 2037 4988 videlicet
2068 4924 2164 4989 factis

138 5032 319 5098 novalibus
342 5051 450 5115 nuper
473 5031 602 5096 colonis
627 5031 806 5097 distributa
829 5033 890 5114 est,
913 5033 949 5097 in
972 5032 1105 5114 pheodo
1129 5031 1347 5116 porreximus.
1387 5030 1568 5112 Cupientes
1592 5049 1670 5112 ergo
1692 5030 1803 5114 ipsum
1821 5032 1934 5093 nostre
1958 5028 2165 5095 liberalitatis

136 5139 228 5204 dono
248 5137 375 5222 perfrui
400 5137 434 5200 et
456 5137 498 5201 ab
519 5125 613 5201 'omni
635 5137 756 5202 iniuria
778 5140 889 5203 tutum
913 5159 997 5220 esse,
1021 5141 1213 5220 presentem
1236 5136 1407 5202 scedulam
1429 5136 1507 5201 inde
1531 5137 1754 5219 conscriptam
1777 5135 1874 5218 sigilli
1897 5135 2002 5199 nostri
2025 5134 2164 5200 fecimus

135 5243 357 5326 impressione
389 5242 539 5308 roborari
568 5241 602 5308 et
628 5242 765 5308 testium
793 5244 1007 5309 annotatione
1037 5244 1168 5308 muniri.
1216 5243 1326 5307 Huius
1349 5243 1397 5306 rei
1420 5243 1523 5306 testes
1547 5244 1640 5308 sunt:
1675 5241 1841 5306 Henricus
1871 5242 1978 5306 maior
2006 5241 2162 5322 decanus,

133 5347 310 5414 lohannes
334 5347 554 5414 scholasticus
579 5349 876 5432 Paderbomensis,
912 5349 1087 5416 Conradus
1109 5350 1281 5430 sacerdos,
1315 5349 1485 5415 lohannes
1509 5350 1681 5429 sacerdos,
1711 5347 1878 5412 Gerardus
1906 5345 2021 5428 miles,
2057 5347 2163 5412 Here·

135 5456 265 5520 bordus
287 5455 450 5539 pincerna
473 5455 622 5538 episcopi
645 5456 932 5523 Paderbomensis
956 5459 990 5521 et
1013 5456 1069 5522 alii
1094 5456 1340 5540 quamplures.
