<?xml version="1.0" encoding="UTF-8"?>
<!DOCTYPE html PUBLIC "-//W3C//DTD XHTML 1.0 Transitional//EN"
    "http://www.w3.org/TR/xhtml1/DTD/xhtml1-transitional.dtd">
<html xmlns="http://www.w3.org/1999/xhtml" xml:lang="en" lang="en">
 <head>
  <title>
</title>
<meta http-equiv="Content-Type" content="text/html;charset=utf-8" />
  <meta name='ocr-system' content='tesseract 3.04.00' />
  <meta name='ocr-capabilities' content='ocr_page ocr_carea ocr_par ocr_line ocrx_word'/>
</head>
<body>
  <div class='ocr_page' id='page_1' title='image "./westflischesurk00westgoog_0175.png"; bbox 0 0 5168 6798; ppageno 0'>
   <div class='ocr_carea' id='block_1_1' title="bbox 1478 460 1544 516">
    <p class='ocr_par' dir='ltr' id='par_1_1' title="bbox 1478 460 1544 516">
     <span class='ocr_line' id='line_1_1' title="bbox 1478 460 1544 516; baseline -0.015 -1"><span class='ocrx_word' id='word_1_1' title='bbox 1478 460 1544 516; x_wconf 83' lang='lat'>1251</span> 
     </span>
    </p>
   </div>
   <div class='ocr_carea' id='block_1_2' title="bbox 591 656 2397 948">
    <p class='ocr_par' dir='ltr' id='par_1_2' title="bbox 591 656 2397 948">
     <span class='ocr_line' id='line_1_2' title="bbox 591 656 2397 948; baseline 0.002 -106"><span class='ocrx_word' id='word_1_2' title='bbox 591 769 744 859; x_wconf 79' lang='lat' dir='ltr'>Bischof</span> <span class='ocrx_word' id='word_1_3' title='bbox 762 769 901 843; x_wconf 78' lang='lat' dir='ltr'>Jolmuu</span> <span class='ocrx_word' id='word_1_4' title='bbox 926 790 991 840; x_wconf 78' lang='lat' dir='ltr'>von</span> <span class='ocrx_word' id='word_1_5' title='bbox 1020 767 1169 840; x_wconf 71' lang='lat' dir='ltr'>Mindon</span> <span class='ocrx_word' id='word_1_6' title='bbox 1195 767 1333 840; x_wconf 73' lang='grc'><strong><em>3111111</em></strong></span> <span class='ocrx_word' id='word_1_7' title='bbox 1350 656 1537 947; x_wconf 45' lang='lat'>3513}</span> <span class='ocrx_word' id='word_1_8' title='bbox 1555 766 1747 948; x_wconf 40' lang='lat' dir='ltr'>&amp;mm</span> <span class='ocrx_word' id='word_1_9' title='bbox 1774 769 1841 840; x_wconf 81' lang='lat' dir='ltr'>deu</span> <span class='ocrx_word' id='word_1_10' title='bbox 1867 765 1989 838; x_wconf 76' lang='lat' dir='ltr'>holten</span> <span class='ocrx_word' id='word_1_11' title='bbox 2015 769 2166 840; x_wconf 77' lang='lat' dir='ltr'>Zetnlen</span> <span class='ocrx_word' id='word_1_12' title='bbox 2192 770 2231 840; x_wconf 81' lang='lat' dir='ltr'>in</span> <span class='ocrx_word' id='word_1_13' title='bbox 2258 769 2397 845; x_wconf 68' lang='lat' dir='ltr'>Loium.</span> 
     </span>
     <span class='ocr_line' id='line_1_3' title="bbox 1501 897 1650 946; baseline 0.013 -2"><span class='ocrx_word' id='word_1_14' title='bbox 1501 897 1563 946; x_wconf 72' lang='lat' dir='ltr'>uua</span> <span class='ocrx_word' id='word_1_15' title='bbox 1642 930 1650 946; x_wconf 91' lang='lat'><strong>.</strong></span> 
     </span>
    </p>
   </div>
   <div class='ocr_carea' id='block_1_3' title="bbox 483 991 2551 1611">
    <p class='ocr_par' dir='ltr' id='par_1_3' title="bbox 483 991 2551 1611">
     <span class='ocr_line' id='line_1_4' title="bbox 591 991 2475 1081; baseline 0.002 -22"><span class='ocrx_word' id='word_1_16' title='bbox 591 994 701 1062; x_wconf 88' lang='lat' dir='ltr'>Huius</span> <span class='ocrx_word' id='word_1_17' title='bbox 732 993 781 1058; x_wconf 90' lang='lat' dir='ltr'>rei</span> <span class='ocrx_word' id='word_1_18' title='bbox 811 995 916 1059; x_wconf 90' lang='lat' dir='ltr'>testes</span> <span class='ocrx_word' id='word_1_19' title='bbox 945 997 1038 1059; x_wconf 89' lang='lat' dir='ltr'>sunt:</span> <span class='ocrx_word' id='word_1_20' title='bbox 1073 991 1268 1059; x_wconf 89' lang='lat' dir='ltr'>Thidericus</span> <span class='ocrx_word' id='word_1_21' title='bbox 1297 994 1491 1077; x_wconf 82' lang='lat' dir='ltr'>prepositus</span> <span class='ocrx_word' id='word_1_22' title='bbox 1521 992 1635 1072; x_wconf 88' lang='lat' dir='ltr'>maior,</span> <span class='ocrx_word' id='word_1_23' title='bbox 1670 992 1897 1058; x_wconf 85' lang='lat' dir='ltr'>Wedekindus</span> <span class='ocrx_word' id='word_1_24' title='bbox 1928 995 2086 1077; x_wconf 89' lang='lat' dir='ltr'>decanus,</span> <span class='ocrx_word' id='word_1_25' title='bbox 2121 995 2341 1060; x_wconf 83' lang='lat' dir='ltr'>Wedekindns</span> <span class='ocrx_word' id='word_1_26' title='bbox 2372 1001 2475 1081; x_wconf 86' lang='lat' dir='ltr'>custos,</span> 
     </span>
     <span class='ocr_line' id='line_1_5' title="bbox 483 1099 2477 1184; baseline 0.002 -20"><span class='ocrx_word' id='word_1_27' title='bbox 483 1101 676 1184; x_wconf 81' lang='lat' dir='ltr'><strong>prepositus</strong></span> <span class='ocrx_word' id='word_1_28' title='bbox 699 1101 881 1166; x_wconf 88' lang='lat' dir='ltr'>Wemerus</span> <span class='ocrx_word' id='word_1_29' title='bbox 910 1100 1015 1166; x_wconf 88' lang='lat' dir='ltr'>sancti</span> <span class='ocrx_word' id='word_1_30' title='bbox 1038 1099 1183 1182; x_wconf 88' lang='lat' dir='ltr'>Martini,</span> <span class='ocrx_word' id='word_1_31' title='bbox 1216 1099 1412 1166; x_wconf 86' lang='lat' dir='ltr'>Thidericus</span> <span class='ocrx_word' id='word_1_32' title='bbox 1441 1100 1483 1164; x_wconf 89' lang='lat' dir='ltr'>de</span> <span class='ocrx_word' id='word_1_33' title='bbox 1507 1099 1664 1180; x_wconf 77' lang='lat' dir='ltr'>Ekessem</span> <span class='ocrx_word' id='word_1_34' title='bbox 1695 1099 1852 1183; x_wconf 84' lang='lat' dir='ltr'>Egericus</span> <span class='ocrx_word' id='word_1_35' title='bbox 1876 1100 2013 1184; x_wconf 77' lang='lat' dir='ltr'><strong>dapifer,</strong></span> <span class='ocrx_word' id='word_1_36' title='bbox 2043 1101 2244 1168; x_wconf 91' lang='lat' dir='ltr'>Lambertus</span> <span class='ocrx_word' id='word_1_37' title='bbox 2267 1103 2307 1168; x_wconf 92' lang='lat' dir='ltr'>de</span> <span class='ocrx_word' id='word_1_38' title='bbox 2328 1103 2477 1170; x_wconf 87' lang='lat' dir='ltr'>llenedcn.</span> 
     </span>
     <span class='ocr_line' id='line_1_6' title="bbox 621 1199 2551 1296; baseline 0.003 -27"><span class='ocrx_word' id='word_1_39' title='bbox 621 1204 674 1271; x_wconf 87' lang='lat' dir='ltr'>Or.</span> <span class='ocrx_word' id='word_1_40' title='bbox 706 1209 751 1270; x_wconf 80' lang='lat' dir='ltr'>im</span> <span class='ocrx_word' id='word_1_41' title='bbox 773 1205 847 1292; x_wconf 65' lang='lat' dir='ltr'>Kyl.</span> <span class='ocrx_word' id='word_1_42' title='bbox 872 1205 976 1272; x_wconf 75' lang='lat' dir='ltr'>sa-A.</span> <span class='ocrx_word' id='word_1_43' title='bbox 1011 1228 1051 1270; x_wconf 80' lang='lat' dir='ltr'>zu</span> <span class='ocrx_word' id='word_1_44' title='bbox 1081 1204 1258 1283; x_wconf 79' lang='lat' dir='ltr'>Hannover,</span> <span class='ocrx_word' id='word_1_45' title='bbox 1299 1201 1467 1285; x_wconf 77' lang='lat' dir='ltr'>Woostorf</span> <span class='ocrx_word' id='word_1_46' title='bbox 1495 1201 1555 1267; x_wconf 85' lang='lat' dir='ltr'>Nr.</span> <span class='ocrx_word' id='word_1_47' title='bbox 1579 1203 1611 1284; x_wconf 87' lang='grc'>9,</span> <span class='ocrx_word' id='word_1_48' title='bbox 1649 1201 1753 1288; x_wconf 73' lang='grc' dir='ltr'><strong><em>8119ρὶ</em></strong></span> <span class='ocrx_word' id='word_1_49' title='bbox 1775 1205 1829 1270; x_wconf 74' lang='lat' dir='ltr'>des</span> <span class='ocrx_word' id='word_1_50' title='bbox 1853 1205 1998 1290; x_wconf 75' lang='lat' dir='ltr'>Biscdofs</span> <span class='ocrx_word' id='word_1_51' title='bbox 2028 1205 2079 1285; x_wconf 85' lang='lat' dir='ltr'>ab,</span> <span class='ocrx_word' id='word_1_52' title='bbox 2114 1207 2168 1273; x_wconf 77' lang='lat' dir='ltr'>des</span> <span class='ocrx_word' id='word_1_53' title='bbox 2191 1205 2328 1292; x_wconf 76' lang='lat' dir='ltr'>Kapstels</span> <span class='ocrx_word' id='word_1_54' title='bbox 2352 1199 2490 1274; x_wconf 59' lang='lat' dir='ltr'>alueus</span> <span class='ocrx_word' id='word_1_55' title='bbox 2550 1225 2551 1296; x_wconf 43' lang='grc' dir='ltr'>ζ</span> 
     </span>
     <span class='ocr_line' id='line_1_7' title="bbox 697 1305 2551 1398; baseline 0.001 -21"><span class='ocrx_word' id='word_1_56' title='bbox 697 1309 793 1377; x_wconf 71' lang='lat' dir='ltr'>Geor.</span> <span class='ocrx_word' id='word_1_57' title='bbox 816 1314 896 1376; x_wconf 70' lang='lat' dir='ltr'>nacla</span> <span class='ocrx_word' id='word_1_58' title='bbox 918 1313 987 1378; x_wconf 78' lang='lat' dir='ltr'>dam</span> <span class='ocrx_word' id='word_1_59' title='bbox 1013 1309 1067 1376; x_wconf 80' lang='lat' dir='ltr'>Or.</span> <span class='ocrx_word' id='word_1_60' title='bbox 1090 1337 1118 1377; x_wconf 87' lang='lat' dir='ltr'>o.</span> <span class='ocrx_word' id='word_1_61' title='bbox 1143 1309 1338 1396; x_wconf 70' lang='lat' dir='ltr'>Hodenberp,</span> <span class='ocrx_word' id='word_1_62' title='bbox 1365 1308 1571 1395; x_wconf 74' lang='lat' dir='ltr'>Calendarper</span> <span class='ocrx_word' id='word_1_63' title='bbox 1598 1309 1669 1378; x_wconf 78' lang='grc' dir='ltr'>ΠΒ.</span> <span class='ocrx_word' id='word_1_64' title='bbox 1695 1309 1790 1376; x_wconf 73' lang='lat' dir='ltr'>Atti.</span> <span class='ocrx_word' id='word_1_65' title='bbox 1815 1307 1876 1391; x_wconf 86' lang='lat' dir='ltr'>IX,</span> <span class='ocrx_word' id='word_1_66' title='bbox 1902 1310 1976 1377; x_wconf 64' lang='lat'>&amp;9</span> <span class='ocrx_word' id='word_1_67' title='bbox 1998 1309 2060 1378; x_wconf 81' lang='lat' dir='ltr'>Nr.</span> <span class='ocrx_word' id='word_1_68' title='bbox 2078 1311 2130 1378; x_wconf 86' lang='lat'>12.</span> <span class='ocrx_word' id='word_1_69' title='bbox 2176 1311 2278 1378; x_wconf 73' lang='lat' dir='ltr'>Letzte</span> <span class='ocrx_word' id='word_1_70' title='bbox 2300 1311 2475 1398; x_wconf 67' lang='lat' dir='ltr'>monnau</span> <span class='ocrx_word' id='word_1_71' title='bbox 2550 1305 2551 1364; x_wconf 56' lang='lat' dir='ltr'>l</span> 
     </span>
     <span class='ocr_line' id='line_1_8' title="bbox 698 1415 2477 1508; baseline 0.001 -26"><span class='ocrx_word' id='word_1_72' title='bbox 698 1419 752 1484; x_wconf 82' lang='lat' dir='ltr'>des</span> <span class='ocrx_word' id='word_1_73' title='bbox 774 1418 991 1505; x_wconf 73' lang='lat' dir='ltr'>Dompropstos</span> <span class='ocrx_word' id='word_1_74' title='bbox 1014 1418 1155 1484; x_wconf 77' lang='lat' dir='ltr'>Ds&#39;etriod</span> <span class='ocrx_word' id='word_1_75' title='bbox 1177 1440 1243 1482; x_wconf 82' lang='lat' dir='ltr'>vom</span> <span class='ocrx_word' id='word_1_76' title='bbox 1268 1415 1334 1496; x_wconf 80' lang='lat' dir='ltr'>See,</span> <span class='ocrx_word' id='word_1_77' title='bbox 1369 1417 1426 1482; x_wconf 74' lang='lat' dir='ltr'>der</span> <span class='ocrx_word' id='word_1_78' title='bbox 1445 1415 1525 1480; x_wconf 71' lang='lat' dir='ltr'>noel</span> <span class='ocrx_word' id='word_1_79' title='bbox 1546 1419 1581 1480; x_wconf 81' lang='lat' dir='ltr'>io</span> <span class='ocrx_word' id='word_1_80' title='bbox 1603 1417 1717 1483; x_wconf 60' lang='grc'><strong><em>(1111111</em></strong></span> <span class='ocrx_word' id='word_1_81' title='bbox 1738 1416 1838 1483; x_wconf 76' lang='lat' dir='ltr'>Jalre</span> <span class='ocrx_word' id='word_1_82' title='bbox 1861 1441 1913 1482; x_wconf 85' lang='lat' dir='ltr'>am</span> <span class='ocrx_word' id='word_1_83' title='bbox 1937 1416 1967 1484; x_wconf 90' lang='grc'>7.</span> <span class='ocrx_word' id='word_1_84' title='bbox 1993 1416 2116 1506; x_wconf 75' lang='lat' dir='ltr'>Soptbr.</span> <span class='ocrx_word' id='word_1_85' title='bbox 2139 1422 2284 1508; x_wconf 84' lang='lat' dir='ltr'>(llegine</span> <span class='ocrx_word' id='word_1_86' title='bbox 2304 1420 2392 1505; x_wconf 83' lang='lat' dir='ltr'><strong>virg.)</strong></span> <span class='ocrx_word' id='word_1_87' title='bbox 2410 1418 2477 1484; x_wconf 80' lang='lat' dir='ltr'>noct</span> 
     </span>
     <span class='ocr_line' id='line_1_9' title="bbox 699 1521 2551 1611; baseline -0.001 -20"><span class='ocrx_word' id='word_1_88' title='bbox 699 1527 768 1591; x_wconf 79' lang='lat' dir='ltr'>dem</span> <span class='ocrx_word' id='word_1_89' title='bbox 788 1526 949 1590; x_wconf 80' lang='lat' dir='ltr'>miudener</span> <span class='ocrx_word' id='word_1_90' title='bbox 971 1522 1126 1611; x_wconf 73' lang='lat' dir='ltr'>Neeroloq</span> <span class='ocrx_word' id='word_1_91' title='bbox 1149 1524 1238 1608; x_wconf 77' lang='lat' dir='ltr'>(Moe.</span> <span class='ocrx_word' id='word_1_92' title='bbox 1269 1521 1344 1598; x_wconf 89' lang='lat' dir='ltr'><em>VII,</em></span> <span class='ocrx_word' id='word_1_93' title='bbox 1367 1521 1457 1588; x_wconf 83' lang='grc'><em>2602</em></span> <span class='ocrx_word' id='word_1_94' title='bbox 1481 1524 1516 1590; x_wconf 84' lang='lat' dir='ltr'>S.</span> <span class='ocrx_word' id='word_1_95' title='bbox 1539 1521 1596 1608; x_wconf 83' lang='lat'>93)</span> <span class='ocrx_word' id='word_1_96' title='bbox 1618 1523 1782 1609; x_wconf 63' lang='lat' dir='ltr'>peterten</span> <span class='ocrx_word' id='word_1_97' title='bbox 1803 1527 1854 1590; x_wconf 76' lang='lat' dir='ltr'>ist.</span> <span class='ocrx_word' id='word_1_98' title='bbox 2550 1541 2551 1560; x_wconf 65' lang='lat'>¹</span> 
     </span>
    </p>
   </div>
   <div class='ocr_carea' id='block_1_4' title="bbox 711 1669 2282 1858">
    <p class='ocr_par' dir='ltr' id='par_1_4' title="bbox 711 1609 2551 1858">
     <span class='ocr_line' id='line_1_10' title="bbox 711 1669 2282 1858; baseline -0.005 -3"><span class='ocrx_word' id='word_1_99' title='bbox 711 1780 813 1853; x_wconf 77' lang='lat' dir='ltr'>Elati</span> <span class='ocrx_word' id='word_1_100' title='bbox 838 1777 959 1852; x_wconf 77' lang='lat' dir='ltr'>Brauo</span> <span class='ocrx_word' id='word_1_101' title='bbox 986 1801 1048 1851; x_wconf 85' lang='lat' dir='ltr'>von</span> <span class='ocrx_word' id='word_1_102' title='bbox 1079 1779 1277 1851; x_wconf 75' lang='lat' dir='ltr'>Osuobrdcls</span> <span class='ocrx_word' id='word_1_103' title='bbox 1303 1778 1436 1850; x_wconf 76' lang='lat' dir='ltr'>tousoht</span> <span class='ocrx_word' id='word_1_104' title='bbox 1454 1669 1612 1852; x_wconf 49' lang='grc'><strong><em>1115113111.</em></strong></span> <span class='ocrx_word' id='word_1_105' title='bbox 1641 1775 1776 1850; x_wconf 69' lang='lat' dir='ltr'>Lenem</span> <span class='ocrx_word' id='word_1_106' title='bbox 1802 1779 1931 1856; x_wconf 82' lang='lat' dir='ltr'>Erbeo.</span> <span class='ocrx_word' id='word_1_107' title='bbox 1987 1778 2086 1853; x_wconf 83' lang='grc'><strong><em>1251</em></strong></span> <span class='ocrx_word' id='word_1_108' title='bbox 2115 1783 2194 1856; x_wconf 72' lang='lat' dir='ltr'>Just</span> <span class='ocrx_word' id='word_1_109' title='bbox 2222 1783 2282 1858; x_wconf 87' lang='grc'>18.</span> 
     </span>
    </p>
   </div>
   <div class='ocr_carea' id='block_1_5' title="bbox 482 1896 2551 3366">
    <p class='ocr_par' dir='ltr' id='par_1_5' title="bbox 482 1896 2551 3152">
     <span class='ocr_line' id='line_1_11' title="bbox 588 1896 2478 1984; baseline 0.002 -19"><span class='ocrx_word' id='word_1_110' title='bbox 588 1900 705 1966; x_wconf 90' lang='lat' dir='ltr'>Bruno</span> <span class='ocrx_word' id='word_1_111' title='bbox 735 1900 795 1964; x_wconf 91' lang='lat' dir='ltr'>Dei</span> <span class='ocrx_word' id='word_1_112' title='bbox 826 1898 931 1982; x_wconf 87' lang='lat' dir='ltr'>gratia</span> <span class='ocrx_word' id='word_1_113' title='bbox 959 1896 1227 1981; x_wconf 84' lang='lat' dir='ltr'>Osnaburgensis</span> <span class='ocrx_word' id='word_1_114' title='bbox 1262 1896 1387 1962; x_wconf 90' lang='lat' dir='ltr'>electus</span> <span class='ocrx_word' id='word_1_115' title='bbox 1423 1897 1580 1964; x_wconf 89' lang='lat' dir='ltr'>omnibus</span> <span class='ocrx_word' id='word_1_116' title='bbox 1615 1896 1650 1962; x_wconf 90' lang='lat' dir='ltr'>in</span> <span class='ocrx_word' id='word_1_117' title='bbox 1679 1900 1889 1980; x_wconf 89' lang='lat' dir='ltr'>perpetuum.</span> <span class='ocrx_word' id='word_1_118' title='bbox 1935 1899 1985 1964; x_wconf 85' lang='lat' dir='ltr'>Ex</span> <span class='ocrx_word' id='word_1_119' title='bbox 2009 1902 2195 1984; x_wconf 86' lang='lat' dir='ltr'>approbata</span> <span class='ocrx_word' id='word_1_120' title='bbox 2225 1903 2395 1970; x_wconf 88' lang='lat' dir='ltr'>multorum</span> <span class='ocrx_word' id='word_1_121' title='bbox 2414 1923 2478 1968; x_wconf 90' lang='lat' dir='ltr'>con-</span> 
     </span>
     <span class='ocr_line' id='line_1_12' title="bbox 482 2003 2480 2093; baseline 0.001 -20"><span class='ocrx_word' id='word_1_122' title='bbox 482 2007 659 2074; x_wconf 88' lang='lat' dir='ltr'>suetudine</span> <span class='ocrx_word' id='word_1_123' title='bbox 686 2007 837 2071; x_wconf 90' lang='lat' dir='ltr'>noscitur</span> <span class='ocrx_word' id='word_1_124' title='bbox 860 2025 880 2070; x_wconf 91' lang='lat' dir='ltr'>a</span> <span class='ocrx_word' id='word_1_125' title='bbox 902 2005 1125 2087; x_wconf 76' lang='lat' dir='ltr'>prudentibus</span> <span class='ocrx_word' id='word_1_126' title='bbox 1151 2003 1392 2085; x_wconf 89' lang='lat' dir='ltr'>introductum,</span> <span class='ocrx_word' id='word_1_127' title='bbox 1430 2007 1467 2068; x_wconf 92' lang='lat' dir='ltr'>ut</span> <span class='ocrx_word' id='word_1_128' title='bbox 1491 2024 1619 2087; x_wconf 88' lang='lat' dir='ltr'>eaque</span> <span class='ocrx_word' id='word_1_129' title='bbox 1643 2007 1786 2090; x_wconf 85' lang='lat' dir='ltr'>aguntur</span> <span class='ocrx_word' id='word_1_130' title='bbox 1814 2004 2033 2089; x_wconf 84' lang='lat' dir='ltr'>intempore,</span> <span class='ocrx_word' id='word_1_131' title='bbox 2069 2027 2112 2074; x_wconf 92' lang='lat' dir='ltr'>ne</span> <span class='ocrx_word' id='word_1_132' title='bbox 2135 2007 2235 2073; x_wconf 91' lang='lat' dir='ltr'>simul</span> <span class='ocrx_word' id='word_1_133' title='bbox 2259 2029 2331 2074; x_wconf 90' lang='lat' dir='ltr'>cum</span> <span class='ocrx_word' id='word_1_134' title='bbox 2352 2011 2480 2093; x_wconf 89' lang='lat' dir='ltr'>tempore</span> 
     </span>
     <span class='ocr_line' id='line_1_13' title="bbox 484 2109 2477 2198; baseline -0.001 -18"><span class='ocrx_word' id='word_1_135' title='bbox 484 2113 684 2196; x_wconf 88' lang='lat' dir='ltr'>dilabantur,</span> <span class='ocrx_word' id='word_1_136' title='bbox 719 2115 805 2178; x_wconf 89' lang='lat' dir='ltr'>bene</span> <span class='ocrx_word' id='word_1_137' title='bbox 827 2111 1002 2176; x_wconf 89' lang='lat' dir='ltr'>firmentur</span> <span class='ocrx_word' id='word_1_138' title='bbox 1022 2109 1212 2176; x_wconf 85' lang='lat' dir='ltr'>testhnonio</span> <span class='ocrx_word' id='word_1_139' title='bbox 1236 2110 1432 2175; x_wconf 89' lang='lat' dir='ltr'>litterarum.</span> <span class='ocrx_word' id='word_1_140' title='bbox 1481 2111 1568 2176; x_wconf 89' lang='lat' dir='ltr'>Hinc</span> <span class='ocrx_word' id='word_1_141' title='bbox 1597 2113 1660 2194; x_wconf 86' lang='lat' dir='ltr'>est,</span> <span class='ocrx_word' id='word_1_142' title='bbox 1695 2111 1785 2195; x_wconf 93' lang='lat' dir='ltr'>quod</span> <span class='ocrx_word' id='word_1_143' title='bbox 1816 2110 1946 2177; x_wconf 88' lang='lat' dir='ltr'>futuros</span> <span class='ocrx_word' id='word_1_144' title='bbox 1981 2113 2066 2178; x_wconf 91' lang='lat' dir='ltr'>scire</span> <span class='ocrx_word' id='word_1_145' title='bbox 2094 2115 2248 2198; x_wconf 88' lang='lat' dir='ltr'>cupimus</span> <span class='ocrx_word' id='word_1_146' title='bbox 2277 2117 2310 2180; x_wconf 90' lang='lat' dir='ltr'>et</span> <span class='ocrx_word' id='word_1_147' title='bbox 2330 2119 2477 2198; x_wconf 82' lang='lat' dir='ltr'>presentes</span> 
     </span>
     <span class='ocr_line' id='line_1_14' title="bbox 484 2217 2479 2303; baseline 0.001 -18"><span class='ocrx_word' id='word_1_148' title='bbox 484 2222 642 2285; x_wconf 90' lang='lat' dir='ltr'>nolumus</span> <span class='ocrx_word' id='word_1_149' title='bbox 665 2219 828 2303; x_wconf 88' lang='lat' dir='ltr'>ignorare,</span> <span class='ocrx_word' id='word_1_150' title='bbox 864 2219 956 2302; x_wconf 90' lang='lat' dir='ltr'>quod</span> <span class='ocrx_word' id='word_1_151' title='bbox 978 2237 1038 2282; x_wconf 92' lang='lat' dir='ltr'>nos</span> <span class='ocrx_word' id='word_1_152' title='bbox 1062 2218 1104 2282; x_wconf 93' lang='lat' dir='ltr'>de</span> <span class='ocrx_word' id='word_1_153' title='bbox 1127 2235 1292 2282; x_wconf 89' lang='lat' dir='ltr'>consensu</span> <span class='ocrx_word' id='word_1_154' title='bbox 1315 2217 1419 2280; x_wconf 89' lang='lat' dir='ltr'>totins</span> <span class='ocrx_word' id='word_1_155' title='bbox 1443 2217 1579 2301; x_wconf 86' lang='lat' dir='ltr'>capituli</span> <span class='ocrx_word' id='word_1_156' title='bbox 1602 2217 1708 2283; x_wconf 82' lang='lat' dir='ltr'>nostri</span> <span class='ocrx_word' id='word_1_157' title='bbox 1731 2218 1970 2301; x_wconf 82' lang='lat' dir='ltr'>proprietatem</span> <span class='ocrx_word' id='word_1_158' title='bbox 1992 2221 2092 2286; x_wconf 86' lang='lat' dir='ltr'>unius</span> <span class='ocrx_word' id='word_1_159' title='bbox 2116 2222 2237 2287; x_wconf 92' lang='lat' dir='ltr'>domus</span> <span class='ocrx_word' id='word_1_160' title='bbox 2260 2222 2295 2286; x_wconf 90' lang='lat' dir='ltr'>in</span> <span class='ocrx_word' id='word_1_161' title='bbox 2317 2222 2479 2303; x_wconf 73' lang='lat' dir='ltr'>Menethen,</span> 
     </span>
     <span class='ocr_line' id='line_1_15' title="bbox 484 2323 2477 2409; baseline 0 -19"><span class='ocrx_word' id='word_1_162' title='bbox 484 2345 586 2408; x_wconf 87' lang='lat' dir='ltr'>quam</span> <span class='ocrx_word' id='word_1_163' title='bbox 608 2326 768 2391; x_wconf 88' lang='lat' dir='ltr'>Albertus</span> <span class='ocrx_word' id='word_1_164' title='bbox 792 2326 833 2390; x_wconf 92' lang='lat' dir='ltr'>de</span> <span class='ocrx_word' id='word_1_165' title='bbox 855 2323 1104 2406; x_wconf 90' lang='lat' dir='ltr'>Wurdighusen</span> <span class='ocrx_word' id='word_1_166' title='bbox 1140 2343 1215 2387; x_wconf 92' lang='lat' dir='ltr'>cum</span> <span class='ocrx_word' id='word_1_167' title='bbox 1249 2342 1415 2388; x_wconf 86' lang='lat' dir='ltr'>consensu</span> <span class='ocrx_word' id='word_1_168' title='bbox 1452 2324 1615 2389; x_wconf 89' lang='lat' dir='ltr'>heredum</span> <span class='ocrx_word' id='word_1_169' title='bbox 1648 2344 1785 2390; x_wconf 89' lang='lat' dir='ltr'>suorum</span> <span class='ocrx_word' id='word_1_170' title='bbox 1818 2324 1854 2389; x_wconf 93' lang='lat' dir='ltr'>in</span> <span class='ocrx_word' id='word_1_171' title='bbox 1881 2345 2000 2390; x_wconf 89' lang='lat' dir='ltr'>manus</span> <span class='ocrx_word' id='word_1_172' title='bbox 2028 2329 2160 2392; x_wconf 86' lang='lat' dir='ltr'>nostras</span> <span class='ocrx_word' id='word_1_173' title='bbox 2192 2327 2295 2393; x_wconf 90' lang='lat' dir='ltr'>libere</span> <span class='ocrx_word' id='word_1_174' title='bbox 2316 2327 2477 2409; x_wconf 73' lang='lat' dir='ltr'>resignarit,</span> 
     </span>
     <span class='ocr_line' id='line_1_16' title="bbox 482 2429 2479 2518; baseline 0 -20"><span class='ocrx_word' id='word_1_175' title='bbox 482 2435 561 2515; x_wconf 93' lang='lat' dir='ltr'>post</span> <span class='ocrx_word' id='word_1_176' title='bbox 583 2431 656 2497; x_wconf 91' lang='lat' dir='ltr'>eius</span> <span class='ocrx_word' id='word_1_177' title='bbox 679 2431 818 2496; x_wconf 86' lang='lat' dir='ltr'>liberam</span> <span class='ocrx_word' id='word_1_178' title='bbox 842 2431 1098 2513; x_wconf 83' lang='lat' dir='ltr'>resignationem</span> <span class='ocrx_word' id='word_1_179' title='bbox 1122 2429 1164 2494; x_wconf 87' lang='lat' dir='ltr'>ad</span> <span class='ocrx_word' id='word_1_180' title='bbox 1187 2430 1350 2494; x_wconf 87' lang='lat' dir='ltr'>honorem</span> <span class='ocrx_word' id='word_1_181' title='bbox 1374 2429 1612 2512; x_wconf 89' lang='lat' dir='ltr'>omnipotentis</span> <span class='ocrx_word' id='word_1_182' title='bbox 1636 2430 1697 2494; x_wconf 91' lang='lat' dir='ltr'>Dei</span> <span class='ocrx_word' id='word_1_183' title='bbox 1720 2433 1754 2494; x_wconf 92' lang='lat' dir='ltr'>et</span> <span class='ocrx_word' id='word_1_184' title='bbox 1776 2431 1942 2513; x_wconf 84' lang='lat' dir='ltr'>genitricis</span> <span class='ocrx_word' id='word_1_185' title='bbox 1959 2433 2029 2496; x_wconf 91' lang='lat' dir='ltr'>eius</span> <span class='ocrx_word' id='word_1_186' title='bbox 2046 2433 2239 2498; x_wconf 83' lang='lat' dir='ltr'>beatissime</span> <span class='ocrx_word' id='word_1_187' title='bbox 2254 2434 2381 2518; x_wconf 85' lang='lat' dir='ltr'>virginis</span> <span class='ocrx_word' id='word_1_188' title='bbox 2395 2434 2479 2499; x_wconf 87' lang='lat' dir='ltr'>llarie</span> 
     </span>
     <span class='ocr_line' id='line_1_17' title="bbox 483 2535 2477 2624; baseline -0.002 -19"><span class='ocrx_word' id='word_1_189' title='bbox 483 2541 646 2623; x_wconf 87' lang='lat' dir='ltr'>perpetua</span> <span class='ocrx_word' id='word_1_190' title='bbox 681 2539 861 2603; x_wconf 83' lang='lat' dir='ltr'>donatione</span> <span class='ocrx_word' id='word_1_191' title='bbox 896 2538 1099 2602; x_wconf 89' lang='lat' dir='ltr'>contulimus</span> <span class='ocrx_word' id='word_1_192' title='bbox 1134 2539 1167 2601; x_wconf 91' lang='lat' dir='ltr'>et</span> <span class='ocrx_word' id='word_1_193' title='bbox 1195 2536 1349 2601; x_wconf 91' lang='lat' dir='ltr'>dedimus</span> <span class='ocrx_word' id='word_1_194' title='bbox 1385 2536 1525 2600; x_wconf 89' lang='lat' dir='ltr'>cenobio</span> <span class='ocrx_word' id='word_1_195' title='bbox 1562 2535 1863 2602; x_wconf 89' lang='lat' dir='ltr'>sanctimonialium</span> <span class='ocrx_word' id='word_1_196' title='bbox 1899 2539 1934 2601; x_wconf 90' lang='lat' dir='ltr'>in</span> <span class='ocrx_word' id='word_1_197' title='bbox 1962 2537 2108 2604; x_wconf 79' lang='lat' dir='ltr'>Leseren</span> <span class='ocrx_word' id='word_1_198' title='bbox 2142 2540 2377 2624; x_wconf 88' lang='lat' dir='ltr'>proprietatem</span> <span class='ocrx_word' id='word_1_199' title='bbox 2396 2539 2477 2603; x_wconf 90' lang='lat' dir='ltr'>unius</span> 
     </span>
     <span class='ocr_line' id='line_1_18' title="bbox 483 2641 2479 2727; baseline -0.001 -19"><span class='ocrx_word' id='word_1_200' title='bbox 483 2645 604 2710; x_wconf 90' lang='lat' dir='ltr'>domus</span> <span class='ocrx_word' id='word_1_201' title='bbox 626 2644 661 2710; x_wconf 94' lang='lat' dir='ltr'>in</span> <span class='ocrx_word' id='word_1_202' title='bbox 684 2643 896 2726; x_wconf 85' lang='lat' dir='ltr'>Bidigdorpe,</span> <span class='ocrx_word' id='word_1_203' title='bbox 920 2663 1021 2726; x_wconf 87' lang='lat' dir='ltr'>quam</span> <span class='ocrx_word' id='word_1_204' title='bbox 1045 2643 1237 2709; x_wconf 87' lang='lat' dir='ltr'>Swetherus</span> <span class='ocrx_word' id='word_1_205' title='bbox 1261 2643 1303 2708; x_wconf 93' lang='lat' dir='ltr'>de</span> <span class='ocrx_word' id='word_1_206' title='bbox 1327 2642 1428 2725; x_wconf 92' lang='lat' dir='ltr'>Iburg</span> <span class='ocrx_word' id='word_1_207' title='bbox 1451 2643 1492 2707; x_wconf 92' lang='lat' dir='ltr'>de</span> <span class='ocrx_word' id='word_1_208' title='bbox 1516 2661 1617 2706; x_wconf 91' lang='lat' dir='ltr'>manu</span> <span class='ocrx_word' id='word_1_209' title='bbox 1641 2641 1769 2708; x_wconf 87' lang='lat' dir='ltr'>comitis</span> <span class='ocrx_word' id='word_1_210' title='bbox 1792 2642 2124 2727; x_wconf 86' lang='lat' dir='ltr'>Thekeneburgensis</span> <span class='ocrx_word' id='word_1_211' title='bbox 2147 2646 2286 2711; x_wconf 89' lang='lat' dir='ltr'>tenebat</span> <span class='ocrx_word' id='word_1_212' title='bbox 2307 2649 2338 2711; x_wconf 88' lang='lat' dir='ltr'>et</span> <span class='ocrx_word' id='word_1_213' title='bbox 2352 2646 2380 2710; x_wconf 89' lang='lat' dir='ltr'>ei</span> <span class='ocrx_word' id='word_1_214' title='bbox 2395 2645 2479 2710; x_wconf 88' lang='lat' dir='ltr'>libere</span> 
     </span>
     <span class='ocr_line' id='line_1_19' title="bbox 483 2747 2480 2834; baseline -0.002 -19"><span class='ocrx_word' id='word_1_215' title='bbox 483 2750 672 2834; x_wconf 86' lang='lat' dir='ltr'>resignavit,</span> <span class='ocrx_word' id='word_1_216' title='bbox 706 2751 741 2814; x_wconf 95' lang='lat' dir='ltr'>in</span> <span class='ocrx_word' id='word_1_217' title='bbox 769 2750 963 2815; x_wconf 88' lang='lat' dir='ltr'>concambio</span> <span class='ocrx_word' id='word_1_218' title='bbox 994 2769 1035 2814; x_wconf 83' lang='lat' dir='ltr'>ex</span> <span class='ocrx_word' id='word_1_219' title='bbox 1057 2751 1220 2833; x_wconf 88' lang='lat' dir='ltr'>perpetua</span> <span class='ocrx_word' id='word_1_220' title='bbox 1243 2749 1314 2813; x_wconf 89' lang='lat' dir='ltr'>eius</span> <span class='ocrx_word' id='word_1_221' title='bbox 1339 2748 1517 2813; x_wconf 89' lang='lat' dir='ltr'>donatione</span> <span class='ocrx_word' id='word_1_222' title='bbox 1540 2747 1738 2829; x_wconf 83' lang='lat' dir='ltr'>recipientes</span> <span class='ocrx_word' id='word_1_223' title='bbox 1762 2767 1782 2812; x_wconf 87' lang='lat' dir='ltr'>a</span> <span class='ocrx_word' id='word_1_224' title='bbox 1805 2749 1924 2813; x_wconf 85' lang='lat' dir='ltr'>comite</span> <span class='ocrx_word' id='word_1_225' title='bbox 1948 2754 2142 2816; x_wconf 91' lang='lat' dir='ltr'>memorato.</span> <span class='ocrx_word' id='word_1_226' title='bbox 2189 2753 2237 2817; x_wconf 88' lang='lat' dir='ltr'>Ul</span> <span class='ocrx_word' id='word_1_227' title='bbox 2259 2755 2365 2818; x_wconf 85' lang='lat' dir='ltr'>autem</span> <span class='ocrx_word' id='word_1_228' title='bbox 2385 2749 2480 2815; x_wconf 90' lang='lat' dir='ltr'>huius-</span> 
     </span>
     <span class='ocr_line' id='line_1_20' title="bbox 483 2853 2480 2942; baseline -0.002 -21"><span class='ocrx_word' id='word_1_229' title='bbox 483 2857 573 2921; x_wconf 91' lang='lat' dir='ltr'>modi</span> <span class='ocrx_word' id='word_1_230' title='bbox 609 2858 722 2922; x_wconf 89' lang='lat' dir='ltr'>uostra</span> <span class='ocrx_word' id='word_1_231' title='bbox 755 2856 892 2921; x_wconf 88' lang='lat' dir='ltr'>donatio</span> <span class='ocrx_word' id='word_1_232' title='bbox 920 2855 1111 2939; x_wconf 90' lang='lat' dir='ltr'>supradicto</span> <span class='ocrx_word' id='word_1_233' title='bbox 1135 2855 1274 2921; x_wconf 91' lang='lat' dir='ltr'>cenobio</span> <span class='ocrx_word' id='word_1_234' title='bbox 1298 2858 1463 2937; x_wconf 86' lang='lat' dir='ltr'>perpetuo</span> <span class='ocrx_word' id='word_1_235' title='bbox 1489 2857 1562 2919; x_wconf 85' lang='lat' dir='ltr'>rata</span> <span class='ocrx_word' id='word_1_236' title='bbox 1585 2855 1620 2918; x_wconf 89' lang='lat' dir='ltr'>et</span> <span class='ocrx_word' id='word_1_237' title='bbox 1643 2853 1838 2918; x_wconf 89' lang='lat' dir='ltr'>inconvulsa</span> <span class='ocrx_word' id='word_1_238' title='bbox 1860 2859 2065 2938; x_wconf 89' lang='lat' dir='ltr'>permaneat,</span> <span class='ocrx_word' id='word_1_239' title='bbox 2099 2877 2240 2942; x_wconf 86' lang='lat' dir='ltr'>presens</span> <span class='ocrx_word' id='word_1_240' title='bbox 2263 2859 2378 2942; x_wconf 85' lang='lat' dir='ltr'>pagina</span> <span class='ocrx_word' id='word_1_241' title='bbox 2398 2875 2480 2939; x_wconf 88' lang='lat' dir='ltr'>super</span> 
     </span>
     <span class='ocr_line' id='line_1_21' title="bbox 482 2957 2551 3048; baseline -0.001 -21"><span class='ocrx_word' id='word_1_242' title='bbox 482 2964 548 3027; x_wconf 87' lang='lat' dir='ltr'>hoc</span> <span class='ocrx_word' id='word_1_243' title='bbox 570 2963 720 3028; x_wconf 85' lang='lat' dir='ltr'>contecta</span> <span class='ocrx_word' id='word_1_244' title='bbox 743 2961 850 3044; x_wconf 88' lang='lat' dir='ltr'>sigillo</span> <span class='ocrx_word' id='word_1_245' title='bbox 875 2964 989 3026; x_wconf 89' lang='lat' dir='ltr'>nostro</span> <span class='ocrx_word' id='word_1_246' title='bbox 1014 2965 1048 3027; x_wconf 92' lang='lat' dir='ltr'>et</span> <span class='ocrx_word' id='word_1_247' title='bbox 1071 2962 1178 3046; x_wconf 91' lang='lat' dir='ltr'>sigillo</span> <span class='ocrx_word' id='word_1_248' title='bbox 1201 2960 1335 3026; x_wconf 88' lang='lat' dir='ltr'>maioris</span> <span class='ocrx_word' id='word_1_249' title='bbox 1359 2960 1498 3024; x_wconf 88' lang='lat' dir='ltr'>ecclesie</span> <span class='ocrx_word' id='word_1_250' title='bbox 1521 2962 1635 3025; x_wconf 91' lang='lat' dir='ltr'>nostre</span> <span class='ocrx_word' id='word_1_251' title='bbox 1658 2960 1693 3024; x_wconf 94' lang='lat' dir='ltr'>in</span> <span class='ocrx_word' id='word_1_252' title='bbox 1717 2961 1853 3026; x_wconf 88' lang='lat' dir='ltr'>evidens</span> <span class='ocrx_word' id='word_1_253' title='bbox 1875 2957 2102 3028; x_wconf 88' lang='lat' dir='ltr'>testiinonium</span> <span class='ocrx_word' id='word_1_254' title='bbox 2126 2965 2159 3030; x_wconf 89' lang='lat' dir='ltr'>et</span> <span class='ocrx_word' id='word_1_255' title='bbox 2182 2965 2286 3030; x_wconf 84' lang='lat' dir='ltr'>robur</span> <span class='ocrx_word' id='word_1_256' title='bbox 2307 2966 2478 3048; x_wconf 88' lang='lat' dir='ltr'>perpetuum</span> <span class='ocrx_word' id='word_1_257' title='bbox 2550 3031 2551 3044; x_wconf 19' lang='lat'>¹</span> 
     </span>
     <span class='ocr_line' id='line_1_22' title="bbox 484 3064 2551 3152; baseline 0 -18"><span class='ocrx_word' id='word_1_258' title='bbox 484 3071 535 3134; x_wconf 89' lang='lat' dir='ltr'>est</span> <span class='ocrx_word' id='word_1_259' title='bbox 557 3069 696 3133; x_wconf 87' lang='lat' dir='ltr'>munita.</span> <span class='ocrx_word' id='word_1_260' title='bbox 743 3067 828 3132; x_wconf 86' lang='lat' dir='ltr'>Acta</span> <span class='ocrx_word' id='word_1_261' title='bbox 850 3070 929 3133; x_wconf 90' lang='lat' dir='ltr'>sunt</span> <span class='ocrx_word' id='word_1_262' title='bbox 950 3069 1013 3133; x_wconf 91' lang='lat' dir='ltr'>hec</span> <span class='ocrx_word' id='word_1_263' title='bbox 1036 3087 1124 3135; x_wconf 89' lang='lat' dir='ltr'>anno</span> <span class='ocrx_word' id='word_1_264' title='bbox 1147 3067 1278 3132; x_wconf 91' lang='lat' dir='ltr'>Domini</span> <span class='ocrx_word' id='word_1_265' title='bbox 1302 3064 1538 3147; x_wconf 86' lang='lat' dir='ltr'>M⁰.C⁰C⁰.Ll⁰.,</span> <span class='ocrx_word' id='word_1_266' title='bbox 1563 3066 1629 3130; x_wconf 88' lang='lat' dir='ltr'>XV.</span> <span class='ocrx_word' id='word_1_267' title='bbox 1654 3066 1823 3131; x_wconf 89' lang='lat' dir='ltr'>Kalendas</span> <span class='ocrx_word' id='word_1_268' title='bbox 1847 3066 2000 3152; x_wconf 83' lang='lat' dir='ltr'>Augusti.</span> <span class='ocrx_word' id='word_1_269' title='bbox 2550 3143 2551 3146; x_wconf 8' lang='grc' dir='ltr'><strong>Ἴ</strong></span> 
     </span>
    </p>

    <p class='ocr_par' dir='ltr' id='par_1_6' title="bbox 617 3169 2551 3366">
     <span class='ocr_line' id='line_1_23' title="bbox 617 3169 2551 3262; baseline 0.001 -26"><span class='ocrx_word' id='word_1_270' title='bbox 617 3172 674 3239; x_wconf 78' lang='lat' dir='ltr'>Or.</span> <span class='ocrx_word' id='word_1_271' title='bbox 697 3177 742 3236; x_wconf 81' lang='lat' dir='ltr'>im</span> <span class='ocrx_word' id='word_1_272' title='bbox 764 3173 837 3258; x_wconf 64' lang='lat' dir='ltr'>th.</span> <span class='ocrx_word' id='word_1_273' title='bbox 864 3171 967 3240; x_wconf 70' lang='lat' dir='ltr'>Sc-A.</span> <span class='ocrx_word' id='word_1_274' title='bbox 991 3195 1031 3236; x_wconf 80' lang='lat' dir='ltr'>zu</span> <span class='ocrx_word' id='word_1_275' title='bbox 1054 3173 1204 3250; x_wconf 69' lang='lat' dir='ltr'>Mamur,</span> <span class='ocrx_word' id='word_1_276' title='bbox 1239 3171 1358 3237; x_wconf 69' lang='lat' dir='ltr'>Luam</span> <span class='ocrx_word' id='word_1_277' title='bbox 1381 3169 1442 3234; x_wconf 84' lang='lat' dir='ltr'>Nr.</span> <span class='ocrx_word' id='word_1_278' title='bbox 1467 3170 1519 3238; x_wconf 86' lang='lat'>70.</span> <span class='ocrx_word' id='word_1_279' title='bbox 1568 3169 1673 3257; x_wconf 74' lang='lat' dir='ltr'>Siepel</span> <span class='ocrx_word' id='word_1_280' title='bbox 1693 3175 1728 3235; x_wconf 81' lang='lat' dir='ltr'>in</span> <span class='ocrx_word' id='word_1_281' title='bbox 1751 3175 1887 3236; x_wconf 77' lang='lat' dir='ltr'>weissem</span> <span class='ocrx_word' id='word_1_282' title='bbox 1917 3171 2026 3238; x_wconf 75' lang='lat' dir='ltr'>Waclss</span> <span class='ocrx_word' id='word_1_283' title='bbox 2049 3197 2091 3239; x_wconf 82' lang='lat' dir='ltr'>un</span> <span class='ocrx_word' id='word_1_284' title='bbox 2114 3173 2418 3262; x_wconf 74' lang='lat' dir='ltr'>Perpammtstreifen</span> <span class='ocrx_word' id='word_1_285' title='bbox 2435 3183 2480 3257; x_wconf 74' lang='lat' dir='ltr'>gut</span> <span class='ocrx_word' id='word_1_286' title='bbox 2550 3177 2551 3184; x_wconf 72' lang='grc'>’</span> 
     </span>
     <span class='ocr_line' id='line_1_24' title="bbox 696 3275 2481 3366; baseline -0.003 -22"><span class='ocrx_word' id='word_1_287' title='bbox 696 3280 844 3356; x_wconf 58' lang='lat' dir='ltr'>ahalma,</span> <span class='ocrx_word' id='word_1_288' title='bbox 878 3279 908 3353; x_wconf 91' lang='grc'>1)</span> <span class='ocrx_word' id='word_1_289' title='bbox 932 3280 986 3344; x_wconf 82' lang='lat' dir='ltr'>des</span> <span class='ocrx_word' id='word_1_290' title='bbox 1009 3276 1159 3356; x_wconf 73' lang='lat' dir='ltr'>Biaoltofs</span> <span class='ocrx_word' id='word_1_291' title='bbox 1180 3281 1237 3344; x_wconf 82' lang='lat' dir='ltr'>wie</span> <span class='ocrx_word' id='word_1_292' title='bbox 1259 3277 1441 3364; x_wconf 67' lang='lat' dir='ltr'>Albitdunq</span> <span class='ocrx_word' id='word_1_293' title='bbox 1471 3275 1576 3364; x_wconf 76' lang='lat' dir='ltr'>Westf.</span> <span class='ocrx_word' id='word_1_294' title='bbox 1603 3275 1707 3362; x_wconf 67' lang='lat' dir='ltr'>stapel</span> <span class='ocrx_word' id='word_1_295' title='bbox 1728 3275 1808 3357; x_wconf 78' lang='lat' dir='ltr'>Heft</span> <span class='ocrx_word' id='word_1_296' title='bbox 1830 3276 1877 3356; x_wconf 88' lang='grc' dir='ltr'>ΙΙ,</span> <span class='ocrx_word' id='word_1_297' title='bbox 1901 3279 1997 3344; x_wconf 74' lang='lat' dir='ltr'>Atel.</span> <span class='ocrx_word' id='word_1_298' title='bbox 2022 3279 2052 3358; x_wconf 91' lang='lat'>1,</span> <span class='ocrx_word' id='word_1_299' title='bbox 2080 3278 2152 3366; x_wconf 86' lang='lat' dir='ltr'>Tof.</span> <span class='ocrx_word' id='word_1_300' title='bbox 2175 3279 2223 3346; x_wconf 83' lang='lat'>52</span> <span class='ocrx_word' id='word_1_301' title='bbox 2245 3279 2304 3348; x_wconf 85' lang='lat' dir='ltr'>Nr.</span> <span class='ocrx_word' id='word_1_302' title='bbox 2326 3279 2357 3360; x_wconf 82' lang='lat'>3,</span> <span class='ocrx_word' id='word_1_303' title='bbox 2387 3279 2418 3365; x_wconf 85' lang='grc'>2)</span> <span class='ocrx_word' id='word_1_304' title='bbox 2438 3278 2481 3340; x_wconf 78' lang='lat' dir='ltr'>des</span> 
     </span>
    </p>
   </div>
   <div class='ocr_carea' id='block_1_6' title="bbox 696 3380 2482 3644">
    <p class='ocr_par' dir='ltr' id='par_1_7' title="bbox 696 3380 2482 3644">
     <span class='ocr_line' id='line_1_25' title="bbox 696 3380 2482 3474; baseline 0.001 -28"><span class='ocrx_word' id='word_1_305' title='bbox 696 3383 838 3470; x_wconf 82' lang='lat' dir='ltr'>Kapitels</span> <span class='ocrx_word' id='word_1_306' title='bbox 875 3389 931 3450; x_wconf 62' lang='lat' dir='ltr'>eoae</span> <span class='ocrx_word' id='word_1_307' title='bbox 962 3385 1149 3470; x_wconf 67' lang='lat' dir='ltr'>Albitdunq</span> <span class='ocrx_word' id='word_1_308' title='bbox 1183 3384 1301 3451; x_wconf 79' lang='lat' dir='ltr'>edenda</span> <span class='ocrx_word' id='word_1_309' title='bbox 1337 3383 1416 3468; x_wconf 80' lang='lat' dir='ltr'>Heft</span> <span class='ocrx_word' id='word_1_310' title='bbox 1450 3380 1513 3463; x_wconf 82' lang='lat'><em>111,</em></span> <span class='ocrx_word' id='word_1_311' title='bbox 1556 3381 1629 3469; x_wconf 83' lang='lat' dir='ltr'>Taf.</span> <span class='ocrx_word' id='word_1_312' title='bbox 1667 3383 1729 3448; x_wconf 86' lang='lat'>101</span> <span class='ocrx_word' id='word_1_313' title='bbox 1768 3381 1829 3447; x_wconf 89' lang='lat' dir='ltr'>Nr.</span> <span class='ocrx_word' id='word_1_314' title='bbox 1863 3385 1896 3452; x_wconf 81' lang='lat'>5.</span> <span class='ocrx_word' id='word_1_315' title='bbox 1953 3387 2124 3474; x_wconf 79' lang='lat' dir='ltr'>Bidigtorp</span> <span class='ocrx_word' id='word_1_316' title='bbox 2161 3391 2206 3453; x_wconf 78' lang='lat' dir='ltr'>ist</span> <span class='ocrx_word' id='word_1_317' title='bbox 2239 3385 2415 3470; x_wconf 48' lang='lat' dir='ltr'>Blaundos</span> <span class='ocrx_word' id='word_1_318' title='bbox 2442 3381 2482 3448; x_wconf 79' lang='lat' dir='ltr'>lei</span> 
     </span>
     <span class='ocr_line' id='line_1_26' title="bbox 703 3471 1548 3644; baseline 0.002 -108"><span class='ocrx_word' id='word_1_319' title='bbox 703 3471 1032 3559; x_wconf 73' lang='lat' dir='ltr'>Wellinplrolzlsuusen.</span> <span class='ocrx_word' id='word_1_320' title='bbox 1431 3563 1548 3644; x_wconf 69' lang='lat' dir='ltr'>553a</span> 
     </span>
    </p>
   </div>
   <div class='ocr_carea' id='block_1_7' title="bbox 483 3673 2480 3978">
    <p class='ocr_par' dir='ltr' id='par_1_8' title="bbox 483 3627 2550 3978">
     <span class='ocr_line' id='line_1_27' title="bbox 483 3673 2479 3768; baseline -0.001 -22"><span class='ocrx_word' id='word_1_321' title='bbox 483 3674 554 3746; x_wconf 80' lang='lat' dir='ltr'>Dte</span> <span class='ocrx_word' id='word_1_322' title='bbox 582 3673 772 3764; x_wconf 73' lang='lat' dir='ltr'>Grdfinneu</span> <span class='ocrx_word' id='word_1_323' title='bbox 799 3675 923 3768; x_wconf 69' lang='lat' dir='ltr'>sophie</span> <span class='ocrx_word' id='word_1_324' title='bbox 954 3697 1019 3746; x_wconf 83' lang='lat' dir='ltr'>oon</span> <span class='ocrx_word' id='word_1_325' title='bbox 1052 3674 1177 3746; x_wconf 78' lang='lat' dir='ltr'>Vechta</span> <span class='ocrx_word' id='word_1_326' title='bbox 1211 3675 1619 3766; x_wconf 70' lang='grc'><strong><em>11111(1111111)]11111</em></strong></span> <span class='ocrx_word' id='word_1_327' title='bbox 1652 3673 1805 3746; x_wconf 83' lang='lat' dir='ltr'>erlasseu</span> <span class='ocrx_word' id='word_1_328' title='bbox 1836 3697 1914 3746; x_wconf 77' lang='lat' dir='ltr'>aum</span> <span class='ocrx_word' id='word_1_329' title='bbox 1947 3673 2134 3748; x_wconf 77' lang='lat' dir='ltr'>Seelenheil</span> <span class='ocrx_word' id='word_1_330' title='bbox 2165 3676 2226 3748; x_wconf 86' lang='lat' dir='ltr'>des</span> <span class='ocrx_word' id='word_1_331' title='bbox 2260 3676 2390 3765; x_wconf 63' lang='lat' dir='ltr'>Grates</span> <span class='ocrx_word' id='word_1_332' title='bbox 2420 3673 2479 3746; x_wconf 81' lang='lat' dir='ltr'>om</span> 
     </span>
     <span class='ocr_line' id='line_1_28' title="bbox 483 3777 2480 3874; baseline -0.002 -22"><span class='ocrx_word' id='word_1_333' title='bbox 483 3802 548 3852; x_wconf 80' lang='lat' dir='ltr'>sou</span> <span class='ocrx_word' id='word_1_334' title='bbox 574 3781 795 3872; x_wconf 75' lang='lat' dir='ltr'>Ruueusberp</span> <span class='ocrx_word' id='word_1_335' title='bbox 822 3781 898 3852; x_wconf 81' lang='lat' dir='ltr'>dem</span> <span class='ocrx_word' id='word_1_336' title='bbox 926 3781 1141 3854; x_wconf 81' lang='lat' dir='ltr'>Hortmodus</span> <span class='ocrx_word' id='word_1_337' title='bbox 1169 3782 1308 3871; x_wconf 74' lang='lat' dir='ltr'>Dusa’up</span> <span class='ocrx_word' id='word_1_338' title='bbox 1342 3781 1446 3853; x_wconf 81' lang='lat' dir='ltr'>Laud</span> <span class='ocrx_word' id='word_1_339' title='bbox 1479 3781 1646 3853; x_wconf 66' lang='grc'><strong><em>1111311111</em></strong></span> <span class='ocrx_word' id='word_1_340' title='bbox 1681 3779 1805 3853; x_wconf 78' lang='lat' dir='ltr'>Vechta</span> <span class='ocrx_word' id='word_1_341' title='bbox 1832 3781 1904 3853; x_wconf 78' lang='lat' dir='ltr'>und</span> <span class='ocrx_word' id='word_1_342' title='bbox 1933 3781 2038 3874; x_wconf 77' lang='lat' dir='ltr'>Oytlte</span> <span class='ocrx_word' id='word_1_343' title='bbox 2070 3783 2143 3854; x_wconf 80' lang='lat' dir='ltr'>und</span> <span class='ocrx_word' id='word_1_344' title='bbox 2174 3783 2232 3856; x_wconf 82' lang='lat' dir='ltr'>die</span> <span class='ocrx_word' id='word_1_345' title='bbox 2258 3785 2360 3856; x_wconf 81' lang='lat' dir='ltr'>vierte</span> <span class='ocrx_word' id='word_1_346' title='bbox 2385 3777 2480 3854; x_wconf 80' lang='lat' dir='ltr'>Garbe</span> 
     </span>
     <span class='ocr_line' id='line_1_29' title="bbox 1024 3885 1973 3978; baseline 0.001 -20"><span class='ocrx_word' id='word_1_347' title='bbox 1024 3909 1088 3958; x_wconf 80' lang='lat' dir='ltr'>uus</span> <span class='ocrx_word' id='word_1_348' title='bbox 1112 3889 1228 3960; x_wconf 67' lang='lat' dir='ltr'>seton</span> <span class='ocrx_word' id='word_1_349' title='bbox 1256 3889 1417 3959; x_wconf 77' lang='lat' dir='ltr'>Aaclreru.</span> <span class='ocrx_word' id='word_1_350' title='bbox 1480 3886 1606 3958; x_wconf 84' lang='lat' dir='ltr'>Vechta</span> <span class='ocrx_word' id='word_1_351' title='bbox 1634 3885 1727 3958; x_wconf 87' lang='grc'>1251</span> <span class='ocrx_word' id='word_1_352' title='bbox 1753 3887 1890 3978; x_wconf 71' lang='lat' dir='ltr'>Aupust</span> <span class='ocrx_word' id='word_1_353' title='bbox 1916 3892 1973 3959; x_wconf 80' lang='lat'>14.</span> 
     </span>
    </p>
   </div>
   <div class='ocr_carea' id='block_1_8' title="bbox 484 4004 2484 4620">
    <p class='ocr_par' dir='ltr' id='par_1_9' title="bbox 484 4004 2484 4620">
     <span class='ocr_line' id='line_1_30' title="bbox 592 4004 2480 4092; baseline -0.003 -22"><span class='ocrx_word' id='word_1_354' title='bbox 592 4004 720 4087; x_wconf 86' lang='lat' dir='ltr'>Sophia</span> <span class='ocrx_word' id='word_1_355' title='bbox 747 4009 782 4070; x_wconf 93' lang='lat' dir='ltr'>et</span> <span class='ocrx_word' id='word_1_356' title='bbox 809 4004 901 4069; x_wconf 78' lang='lat' dir='ltr'>tutta</span> <span class='ocrx_word' id='word_1_357' title='bbox 932 4005 1099 4070; x_wconf 89' lang='lat' dir='ltr'>comitisse</span> <span class='ocrx_word' id='word_1_358' title='bbox 1129 4006 1171 4070; x_wconf 89' lang='lat' dir='ltr'>de</span> <span class='ocrx_word' id='word_1_359' title='bbox 1204 4006 1329 4070; x_wconf 90' lang='lat' dir='ltr'>Vechta</span> <span class='ocrx_word' id='word_1_360' title='bbox 1363 4005 1531 4085; x_wconf 90' lang='lat' dir='ltr'>omnibus,</span> <span class='ocrx_word' id='word_1_361' title='bbox 1566 4005 1610 4070; x_wconf 88' lang='lat' dir='ltr'>ad</span> <span class='ocrx_word' id='word_1_362' title='bbox 1639 4024 1725 4088; x_wconf 90' lang='lat' dir='ltr'>quos</span> <span class='ocrx_word' id='word_1_363' title='bbox 1755 4025 1894 4089; x_wconf 91' lang='lat' dir='ltr'>presens</span> <span class='ocrx_word' id='word_1_364' title='bbox 1925 4005 2085 4090; x_wconf 89' lang='lat' dir='ltr'>scriptum</span> <span class='ocrx_word' id='word_1_365' title='bbox 2115 4009 2317 4092; x_wconf 77' lang='lat' dir='ltr'>pervenerit,</span> <span class='ocrx_word' id='word_1_366' title='bbox 2350 4004 2480 4072; x_wconf 85' lang='lat' dir='ltr'>salutem.</span> 
     </span>
     <span class='ocr_line' id='line_1_31' title="bbox 484 4106 2482 4196; baseline -0.002 -23"><span class='ocrx_word' id='word_1_367' title='bbox 484 4109 645 4175; x_wconf 82' lang='lat' dir='ltr'>Noverint</span> <span class='ocrx_word' id='word_1_368' title='bbox 667 4111 822 4194; x_wconf 88' lang='lat' dir='ltr'>universi,</span> <span class='ocrx_word' id='word_1_369' title='bbox 855 4112 946 4194; x_wconf 89' lang='lat' dir='ltr'>quod</span> <span class='ocrx_word' id='word_1_370' title='bbox 970 4132 1030 4178; x_wconf 88' lang='lat' dir='ltr'>nos</span> <span class='ocrx_word' id='word_1_371' title='bbox 1053 4113 1097 4177; x_wconf 90' lang='lat' dir='ltr'>ob</span> <span class='ocrx_word' id='word_1_372' title='bbox 1121 4111 1263 4176; x_wconf 89' lang='lat' dir='ltr'>salutem</span> <span class='ocrx_word' id='word_1_373' title='bbox 1287 4113 1396 4176; x_wconf 88' lang='lat' dir='ltr'>anime</span> <span class='ocrx_word' id='word_1_374' title='bbox 1418 4111 1528 4176; x_wconf 88' lang='lat' dir='ltr'>fidelis</span> <span class='ocrx_word' id='word_1_375' title='bbox 1551 4110 1658 4176; x_wconf 91' lang='lat' dir='ltr'>nostri</span> <span class='ocrx_word' id='word_1_376' title='bbox 1680 4109 1844 4196; x_wconf 74' lang='lat' dir='ltr'>Olttonis)</span> <span class='ocrx_word' id='word_1_377' title='bbox 1871 4112 2001 4177; x_wconf 88' lang='lat' dir='ltr'>comitis</span> <span class='ocrx_word' id='word_1_378' title='bbox 2025 4114 2067 4178; x_wconf 90' lang='lat' dir='ltr'>de</span> <span class='ocrx_word' id='word_1_379' title='bbox 2089 4113 2329 4196; x_wconf 87' lang='lat' dir='ltr'>Ravenesberg</span> <span class='ocrx_word' id='word_1_380' title='bbox 2350 4106 2482 4194; x_wconf 87' lang='lat' dir='ltr'>agrosiu</span> 
     </span>
     <span class='ocr_line' id='line_1_32' title="bbox 484 4213 2483 4304; baseline 0 -24"><span class='ocrx_word' id='word_1_381' title='bbox 484 4235 603 4299; x_wconf 87' lang='lat' dir='ltr'>campo</span> <span class='ocrx_word' id='word_1_382' title='bbox 627 4217 708 4282; x_wconf 91' lang='lat' dir='ltr'>sitos</span> <span class='ocrx_word' id='word_1_383' title='bbox 724 4217 811 4282; x_wconf 91' lang='lat' dir='ltr'>inter</span> <span class='ocrx_word' id='word_1_384' title='bbox 825 4218 986 4282; x_wconf 89' lang='lat' dir='ltr'>Vechtam</span> <span class='ocrx_word' id='word_1_385' title='bbox 1001 4220 1034 4282; x_wconf 91' lang='lat' dir='ltr'>et</span> <span class='ocrx_word' id='word_1_386' title='bbox 1049 4217 1160 4283; x_wconf 85' lang='lat' dir='ltr'>villam</span> <span class='ocrx_word' id='word_1_387' title='bbox 1178 4216 1253 4282; x_wconf 90' lang='lat' dir='ltr'>Oite</span> <span class='ocrx_word' id='word_1_388' title='bbox 1269 4217 1476 4302; x_wconf 89' lang='lat' dir='ltr'>pertinentes</span> <span class='ocrx_word' id='word_1_389' title='bbox 1497 4216 1632 4283; x_wconf 83' lang='lat' dir='ltr'>dommo</span> <span class='ocrx_word' id='word_1_390' title='bbox 1648 4216 1835 4283; x_wconf 91' lang='lat' dir='ltr'>Hartmodo</span> <span class='ocrx_word' id='word_1_391' title='bbox 1853 4217 2000 4302; x_wconf 86' lang='lat' dir='ltr'>Dusingo</span> <span class='ocrx_word' id='word_1_392' title='bbox 2016 4219 2050 4284; x_wconf 87' lang='lat' dir='ltr'>et</span> <span class='ocrx_word' id='word_1_393' title='bbox 2064 4219 2135 4284; x_wconf 91' lang='lat' dir='ltr'>suis</span> <span class='ocrx_word' id='word_1_394' title='bbox 2150 4217 2239 4301; x_wconf 87' lang='lat' dir='ltr'>filiis,</span> <span class='ocrx_word' id='word_1_395' title='bbox 2264 4219 2321 4304; x_wconf 92' lang='lat' dir='ltr'>qui</span> <span class='ocrx_word' id='word_1_396' title='bbox 2335 4218 2369 4282; x_wconf 91' lang='lat' dir='ltr'>in</span> <span class='ocrx_word' id='word_1_397' title='bbox 2383 4213 2483 4298; x_wconf 80' lang='lat' dir='ltr'>quarto</span> 
     </span>
     <span class='ocr_line' id='line_1_33' title="bbox 484 4319 2484 4408; baseline -0.003 -22"><span class='ocrx_word' id='word_1_398' title='bbox 484 4321 657 4406; x_wconf 89' lang='lat' dir='ltr'>manipulo</span> <span class='ocrx_word' id='word_1_399' title='bbox 681 4322 777 4388; x_wconf 91' lang='lat' dir='ltr'>nobis</span> <span class='ocrx_word' id='word_1_400' title='bbox 801 4323 951 4405; x_wconf 90' lang='lat' dir='ltr'>quolibet</span> <span class='ocrx_word' id='word_1_401' title='bbox 974 4343 1061 4388; x_wconf 87' lang='lat' dir='ltr'>anno</span> <span class='ocrx_word' id='word_1_402' title='bbox 1086 4325 1221 4390; x_wconf 86' lang='lat' dir='ltr'>luerunt</span> <span class='ocrx_word' id='word_1_403' title='bbox 1243 4323 1278 4387; x_wconf 93' lang='lat' dir='ltr'>in</span> <span class='ocrx_word' id='word_1_404' title='bbox 1300 4325 1464 4408; x_wconf 89' lang='lat' dir='ltr'>pensione</span> <span class='ocrx_word' id='word_1_405' title='bbox 1488 4323 1623 4400; x_wconf 84' lang='lat' dir='ltr'>astricti,</span> <span class='ocrx_word' id='word_1_406' title='bbox 1647 4342 1732 4406; x_wconf 87' lang='lat' dir='ltr'>quos</span> <span class='ocrx_word' id='word_1_407' title='bbox 1755 4322 1955 4388; x_wconf 88' lang='lat' dir='ltr'>timebamus</span> <span class='ocrx_word' id='word_1_408' title='bbox 1977 4323 2100 4390; x_wconf 87' lang='lat' dir='ltr'>iniuste</span> <span class='ocrx_word' id='word_1_409' title='bbox 2123 4326 2307 4408; x_wconf 87' lang='lat' dir='ltr'>possidere,</span> <span class='ocrx_word' id='word_1_410' title='bbox 2334 4319 2484 4388; x_wconf 86' lang='lat' dir='ltr'>absolutos</span> 
     </span>
     <span class='ocr_line' id='line_1_34' title="bbox 485 4425 2484 4515; baseline -0.004 -23"><span class='ocrx_word' id='word_1_411' title='bbox 485 4427 578 4493; x_wconf 89' lang='lat' dir='ltr'>atali</span> <span class='ocrx_word' id='word_1_412' title='bbox 599 4429 763 4513; x_wconf 89' lang='lat' dir='ltr'>pensione</span> <span class='ocrx_word' id='word_1_413' title='bbox 787 4429 853 4493; x_wconf 88' lang='lat' dir='ltr'>iam</span> <span class='ocrx_word' id='word_1_414' title='bbox 877 4429 966 4495; x_wconf 83' lang='lat' dir='ltr'>dicto</span> <span class='ocrx_word' id='word_1_415' title='bbox 991 4429 1206 4515; x_wconf 87' lang='lat' dir='ltr'>H(artmod0)</span> <span class='ocrx_word' id='word_1_416' title='bbox 1229 4431 1377 4513; x_wconf 89' lang='lat' dir='ltr'>Dusingo</span> <span class='ocrx_word' id='word_1_417' title='bbox 1401 4433 1434 4496; x_wconf 90' lang='lat' dir='ltr'>et</span> <span class='ocrx_word' id='word_1_418' title='bbox 1457 4431 1526 4494; x_wconf 92' lang='lat' dir='ltr'>suis</span> <span class='ocrx_word' id='word_1_419' title='bbox 1550 4429 1729 4494; x_wconf 89' lang='lat' dir='ltr'>heredibus</span> <span class='ocrx_word' id='word_1_420' title='bbox 1737 4429 1764 4513; x_wconf 85' lang='lat' dir='ltr'>l)</span> <span class='ocrx_word' id='word_1_421' title='bbox 1787 4429 1973 4495; x_wconf 90' lang='lat' dir='ltr'>dimisimus</span> <span class='ocrx_word' id='word_1_422' title='bbox 1989 4429 2112 4496; x_wconf 86' lang='lat' dir='ltr'>liberos</span> <span class='ocrx_word' id='word_1_423' title='bbox 2128 4432 2163 4496; x_wconf 90' lang='lat' dir='ltr'>et</span> <span class='ocrx_word' id='word_1_424' title='bbox 2177 4432 2357 4498; x_wconf 83' lang='lat' dir='ltr'>absolutos.</span> <span class='ocrx_word' id='word_1_425' title='bbox 2399 4425 2437 4490; x_wconf 84' lang='lat' dir='ltr'>Et</span> <span class='ocrx_word' id='word_1_426' title='bbox 2450 4439 2484 4486; x_wconf 88' lang='lat' dir='ltr'>ne</span> 
     </span>
     <span class='ocr_line' id='line_1_35' title="bbox 486 4530 2484 4620; baseline -0.001 -21"><span class='ocrx_word' id='word_1_427' title='bbox 486 4534 534 4599; x_wconf 91' lang='lat' dir='ltr'>eis</span> <span class='ocrx_word' id='word_1_428' title='bbox 568 4534 602 4597; x_wconf 91' lang='lat' dir='ltr'>in</span> <span class='ocrx_word' id='word_1_429' title='bbox 629 4537 802 4618; x_wconf 89' lang='lat' dir='ltr'>posterum</span> <span class='ocrx_word' id='word_1_430' title='bbox 837 4535 998 4601; x_wconf 89' lang='lat' dir='ltr'>dubitatio</span> <span class='ocrx_word' id='word_1_431' title='bbox 1033 4537 1085 4600; x_wconf 86' lang='lat' dir='ltr'>vel</span> <span class='ocrx_word' id='word_1_432' title='bbox 1113 4536 1349 4601; x_wconf 81' lang='lat' dir='ltr'>offendiculum</span> <span class='ocrx_word' id='word_1_433' title='bbox 1378 4535 1485 4617; x_wconf 89' lang='lat' dir='ltr'>possit</span> <span class='ocrx_word' id='word_1_434' title='bbox 1513 4535 1674 4617; x_wconf 87' lang='lat' dir='ltr'>generari,</span> <span class='ocrx_word' id='word_1_435' title='bbox 1709 4555 1849 4619; x_wconf 91' lang='lat' dir='ltr'>presens</span> <span class='ocrx_word' id='word_1_436' title='bbox 1876 4535 2038 4620; x_wconf 87' lang='lat' dir='ltr'>scriptum</span> <span class='ocrx_word' id='word_1_437' title='bbox 2068 4535 2183 4619; x_wconf 86' lang='lat' dir='ltr'>sigillis</span> <span class='ocrx_word' id='word_1_438' title='bbox 2205 4536 2328 4603; x_wconf 89' lang='lat' dir='ltr'>nostris</span> <span class='ocrx_word' id='word_1_439' title='bbox 2351 4530 2484 4599; x_wconf 82' lang='lat' dir='ltr'>donnus</span> 
     </span>
    </p>
   </div>
   <div class='ocr_carea' id='block_1_9' title="bbox 484 4639 2364 4816">
    <p class='ocr_par' dir='ltr' id='par_1_10' title="bbox 484 4639 2364 4816">
     <span class='ocr_line' id='line_1_36' title="bbox 484 4639 2364 4726; baseline 0 -22"><span class='ocrx_word' id='word_1_440' title='bbox 484 4640 720 4706; x_wconf 88' lang='lat' dir='ltr'>roborandum.</span> <span class='ocrx_word' id='word_1_441' title='bbox 766 4641 889 4706; x_wconf 87' lang='lat' dir='ltr'>Datum</span> <span class='ocrx_word' id='word_1_442' title='bbox 911 4642 947 4706; x_wconf 90' lang='lat' dir='ltr'>in</span> <span class='ocrx_word' id='word_1_443' title='bbox 971 4643 1099 4708; x_wconf 88' lang='lat' dir='ltr'>Vechta</span> <span class='ocrx_word' id='word_1_444' title='bbox 1121 4661 1210 4706; x_wconf 89' lang='lat' dir='ltr'>anno</span> <span class='ocrx_word' id='word_1_445' title='bbox 1234 4641 1366 4706; x_wconf 89' lang='lat' dir='ltr'>Domini</span> <span class='ocrx_word' id='word_1_446' title='bbox 1388 4639 1588 4723; x_wconf 86' lang='lat' dir='ltr'><strong>M⁰CC⁰LI⁰.,</strong></span> <span class='ocrx_word' id='word_1_447' title='bbox 1611 4641 1647 4705; x_wconf 93' lang='lat' dir='ltr'>in</span> <span class='ocrx_word' id='word_1_448' title='bbox 1671 4641 1780 4724; x_wconf 86' lang='lat' dir='ltr'>vigilia</span> <span class='ocrx_word' id='word_1_449' title='bbox 1802 4641 2077 4726; x_wconf 68' lang='lat' dir='ltr'>assumptionisl)</span> <span class='ocrx_word' id='word_1_450' title='bbox 2100 4643 2200 4710; x_wconf 86' lang='lat' dir='ltr'>beate</span> <span class='ocrx_word' id='word_1_451' title='bbox 2222 4642 2364 4726; x_wconf 84' lang='lat' dir='ltr'>virginis.</span> 
     </span>
     <span class='ocr_line' id='line_1_37' title="bbox 701 4745 1302 4816; baseline 0.005 -18"><span class='ocrx_word' id='word_1_452' title='bbox 701 4745 723 4816; x_wconf 80' lang='grc' dir='ltr'>ι)</span> <span class='ocrx_word' id='word_1_453' title='bbox 742 4745 804 4800; x_wconf 88' lang='lat' dir='ltr'>Or..·</span> <span class='ocrx_word' id='word_1_454' title='bbox 823 4747 982 4802; x_wconf 83' lang='lat' dir='ltr'>heredimus.</span> <span class='ocrx_word' id='word_1_455' title='bbox 1021 4746 1124 4814; x_wconf 74' lang='lat' dir='ltr'>²)Or.:</span> <span class='ocrx_word' id='word_1_456' title='bbox 1143 4747 1302 4815; x_wconf 80' lang='lat' dir='ltr'>asuptionis.</span> 
     </span>
    </p>
   </div>
   <div class='ocr_carea' id='block_1_10' title="bbox 622 4825 2485 5027">
    <p class='ocr_par' dir='ltr' id='par_1_11' title="bbox 622 4781 2548 5027">
     <span class='ocr_line' id='line_1_38' title="bbox 622 4825 2485 4922; baseline -0.001 -26"><span class='ocrx_word' id='word_1_457' title='bbox 622 4831 675 4896; x_wconf 87' lang='lat' dir='ltr'>Or.</span> <span class='ocrx_word' id='word_1_458' title='bbox 699 4837 741 4897; x_wconf 84' lang='lat' dir='ltr'>im</span> <span class='ocrx_word' id='word_1_459' title='bbox 765 4833 996 4922; x_wconf 74' lang='lat' dir='ltr'>Grossderzoyl.</span> <span class='ocrx_word' id='word_1_460' title='bbox 1020 4833 1220 4900; x_wconf 74' lang='lat' dir='ltr'>Homarcdio</span> <span class='ocrx_word' id='word_1_461' title='bbox 1242 4838 1276 4899; x_wconf 82' lang='lat' dir='ltr'>in</span> <span class='ocrx_word' id='word_1_462' title='bbox 1299 4833 1489 4919; x_wconf 74' lang='lat' dir='ltr'>Ohlendurq,</span> <span class='ocrx_word' id='word_1_463' title='bbox 1521 4835 1571 4898; x_wconf 80' lang='lat' dir='ltr'>die</span> <span class='ocrx_word' id='word_1_464' title='bbox 1596 4833 1701 4920; x_wconf 63' lang='lat' dir='ltr'>sager</span> <span class='ocrx_word' id='word_1_465' title='bbox 1721 4856 1778 4900; x_wconf 85' lang='lat' dir='ltr'>oon</span> <span class='ocrx_word' id='word_1_466' title='bbox 1801 4835 1860 4902; x_wconf 80' lang='lat' dir='ltr'>den</span> <span class='ocrx_word' id='word_1_467' title='bbox 1882 4832 2195 4921; x_wconf 63' lang='lat' dir='ltr'>Psyamenoaresen</span> <span class='ocrx_word' id='word_1_468' title='bbox 2218 4837 2362 4902; x_wconf 80' lang='lat' dir='ltr'>verloren.</span> <span class='ocrx_word' id='word_1_469' title='bbox 2405 4825 2485 4895; x_wconf 78' lang='lat' dir='ltr'>Gedr·</span> 
     </span>
     <span class='ocr_line' id='line_1_39' title="bbox 697 4937 2322 5027; baseline 0.001 -23"><span class='ocrx_word' id='word_1_470' title='bbox 697 4940 870 5022; x_wconf 71' lang='lat' dir='ltr'>sedlerhaft</span> <span class='ocrx_word' id='word_1_471' title='bbox 893 4939 1093 5022; x_wconf 70' lang='lat' dir='ltr'>Nieberding,</span> <span class='ocrx_word' id='word_1_472' title='bbox 1120 4938 1228 5006; x_wconf 62' lang='lat' dir='ltr'>deuel.</span> <span class='ocrx_word' id='word_1_473' title='bbox 1253 4940 1283 5006; x_wconf 90' lang='lat' dir='ltr'>d.</span> <span class='ocrx_word' id='word_1_474' title='bbox 1307 4939 1433 5006; x_wconf 72' lang='lat' dir='ltr'>abanet.</span> <span class='ocrx_word' id='word_1_475' title='bbox 1459 4937 1665 5020; x_wconf 77' lang='lat' dir='ltr'>Niederstifta</span> <span class='ocrx_word' id='word_1_476' title='bbox 1688 4941 1827 5006; x_wconf 69' lang='lat' dir='ltr'>diductae·</span> <span class='ocrx_word' id='word_1_477' title='bbox 1850 4938 1875 5020; x_wconf 84' lang='lat'>1,</span> <span class='ocrx_word' id='word_1_478' title='bbox 1899 4939 2035 5027; x_wconf 61' lang='lat' dir='ltr'>Among</span> <span class='ocrx_word' id='word_1_479' title='bbox 2060 4939 2095 5007; x_wconf 79' lang='lat' dir='ltr'>S.</span> <span class='ocrx_word' id='word_1_480' title='bbox 2120 4939 2190 5006; x_wconf 87' lang='lat' dir='ltr'>XV</span> <span class='ocrx_word' id='word_1_481' title='bbox 2207 4940 2267 5008; x_wconf 84' lang='lat' dir='ltr'>Nr.</span> <span class='ocrx_word' id='word_1_482' title='bbox 2295 4940 2322 5006; x_wconf 92' lang='lat'>7.</span> 
     </span>
    </p>
   </div>
   <div class='ocr_carea' id='block_1_11' title="bbox 485 5084 2486 5507">
    <p class='ocr_par' dir='ltr' id='par_1_12' title="bbox 485 5084 2486 5507">
     <span class='ocr_line' id='line_1_40' title="bbox 485 5084 2486 5287; baseline 0.001 -23"><span class='ocrx_word' id='word_1_483' title='bbox 485 5192 741 5266; x_wconf 85' lang='lat' dir='ltr'>Widukiudus</span> <span class='ocrx_word' id='word_1_484' title='bbox 770 5195 933 5266; x_wconf 85' lang='lat' dir='ltr'>decanus</span> <span class='ocrx_word' id='word_1_485' title='bbox 960 5194 1167 5267; x_wconf 86' lang='lat' dir='ltr'>Mindeusis</span> <span class='ocrx_word' id='word_1_486' title='bbox 1194 5202 1294 5267; x_wconf 70' lang='grc'><strong><em>1111111</em></strong></span> <span class='ocrx_word' id='word_1_487' title='bbox 1321 5196 1388 5266; x_wconf 79' lang='lat' dir='ltr'>deu</span> <span class='ocrx_word' id='word_1_488' title='bbox 1414 5084 1551 5284; x_wconf 56' lang='grc' dir='ltr'>Ζεόωἶῒη</span> <span class='ocrx_word' id='word_1_489' title='bbox 1579 5193 1641 5266; x_wconf 86' lang='lat' dir='ltr'>der</span> <span class='ocrx_word' id='word_1_490' title='bbox 1678 5195 1841 5268; x_wconf 73' lang='lat' dir='ltr'>Urlunde</span> <span class='ocrx_word' id='word_1_491' title='bbox 1868 5197 2005 5287; x_wconf 73' lang='lat' dir='ltr'>Herzop</span> <span class='ocrx_word' id='word_1_492' title='bbox 2033 5196 2126 5270; x_wconf 81' lang='lat' dir='ltr'>Ottos</span> <span class='ocrx_word' id='word_1_493' title='bbox 2152 5219 2217 5270; x_wconf 78' lang='lat' dir='ltr'>von</span> <span class='ocrx_word' id='word_1_494' title='bbox 2242 5187 2486 5275; x_wconf 76' lang='lat' dir='ltr'>Braunsclweir</span> 
     </span>
     <span class='ocr_line' id='line_1_41' title="bbox 1088 5299 1806 5400; baseline 0.004 -26"><span class='ocrx_word' id='word_1_495' title='bbox 1088 5388 1094 5400; x_wconf 43' lang='grc'><strong><em>,</em></strong></span> <span class='ocrx_word' id='word_1_496' title='bbox 1194 5301 1257 5390; x_wconf 76' lang='lat' dir='ltr'>fab·</span> <span class='ocrx_word' id='word_1_497' title='bbox 1283 5303 1348 5374; x_wconf 82' lang='lat' dir='ltr'>dos</span> <span class='ocrx_word' id='word_1_498' title='bbox 1375 5299 1431 5372; x_wconf 88' lang='grc' dir='ltr'>Κ1.</span> <span class='ocrx_word' id='word_1_499' title='bbox 1459 5300 1652 5389; x_wconf 74' lang='lat' dir='ltr'>Nonudon‘.</span> <span class='ocrx_word' id='word_1_500' title='bbox 1705 5305 1806 5378; x_wconf 69' lang='lat'>1252</span> 
     </span>
     <span class='ocr_line' id='line_1_42' title="bbox 624 5415 1711 5507; baseline 0.001 -23"><span class='ocrx_word' id='word_1_501' title='bbox 624 5416 719 5484; x_wconf 70' lang='grc' dir='ltr'><em>θεάν.</em></span> <span class='ocrx_word' id='word_1_502' title='bbox 742 5442 770 5484; x_wconf 87' lang='lat' dir='ltr'>o.</span> <span class='ocrx_word' id='word_1_503' title='bbox 795 5416 991 5506; x_wconf 75' lang='lat' dir='ltr'>Hodenberp,</span> <span class='ocrx_word' id='word_1_504' title='bbox 1014 5417 1120 5507; x_wconf 77' lang='lat' dir='ltr'>Hoyer·</span> <span class='ocrx_word' id='word_1_505' title='bbox 1147 5417 1217 5486; x_wconf 88' lang='lat' dir='ltr'>UB.</span> <span class='ocrx_word' id='word_1_506' title='bbox 1241 5419 1337 5485; x_wconf 70' lang='lat' dir='ltr'>Abit.</span> <span class='ocrx_word' id='word_1_507' title='bbox 1370 5417 1422 5498; x_wconf 90' lang='lat' dir='ltr'>VI,</span> <span class='ocrx_word' id='word_1_508' title='bbox 1448 5415 1482 5483; x_wconf 83' lang='lat' dir='ltr'>S.</span> <span class='ocrx_word' id='word_1_509' title='bbox 1508 5417 1552 5481; x_wconf 92' lang='grc'><strong><em>12</em></strong></span> <span class='ocrx_word' id='word_1_510' title='bbox 1572 5415 1633 5483; x_wconf 83' lang='lat' dir='ltr'>Nr.</span> <span class='ocrx_word' id='word_1_511' title='bbox 1659 5417 1711 5485; x_wconf 92' lang='lat'>17.</span> 
     </span>
    </p>
   </div>
   <div class='ocr_carea' id='block_1_12' title="bbox 0 0 2596 6788">
    <p class='ocr_par' dir='ltr' id='par_1_13' title="bbox 0 0 2596 6788">
     <span class='ocr_line' id='line_1_43' title="bbox 0 0 2596 6788; baseline 0 0"><span class='ocrx_word' id='word_1_512' title='bbox 0 0 2596 6788; x_wconf 95' lang='lat' dir='ltr'> </span> 
     </span>
    </p>
   </div>
  </div>
 </body>
</html>
