5168 6798
438 437 503 502 110
1427 457 1495 512 1243

436 653 640 735 abnegantes
674 670 808 717 carnem
837 670 933 716 suam
956 669 1030 714 cum
1053 650 1144 716 viciis
1168 654 1201 717 et
1224 651 1501 736 concupiscentiis
1525 653 1722 736 crucifigunt
1744 655 1779 720 in
1802 655 1918 721 castris
1941 656 2175 724 claustralibus
2199 680 2235 726 se
2257 662 2461 745 claudendo,

435 760 536 844 gratis
560 758 754 824 attollantur
777 757 946 822 favoribus
970 758 1003 822 et
1026 747 1180 839 congruis
1203 757 1356 840 presidiis
1380 758 1568 841 fulciantur,
1602 760 1681 826 hinc
1709 763 1770 842 est,
1805 764 1893 845 quod
1918 763 1961 826 ad
1985 764 2206 846 cognitionem
2234 769 2303 832 tam
2326 771 2459 836 futuro-

436 887 511 932 rum
542 885 644 949 quarn
671 864 876 947 presentium
899 864 1054 947 cupimus
1076 863 1260 948 pervenire,
1296 865 1397 948 quod,
1433 885 1509 932 cum
1532 866 1702 932 abbatissa
1723 869 1758 934 et
1781 871 1965 934 conventus
1989 868 2193 936 Leverenses
2217 872 2461 951 Cysterciensis

435 972 561 1037 ordinis
584 991 687 1036 unam
710 971 847 1035 domum
868 969 904 1034 in
927 971 1119 1049 Quernhem
1142 973 1175 1035 et
1197 989 1300 1036 unam
1322 971 1357 1034 in
1380 971 1544 1038 Brocbem
1568 992 1644 1037 cum
1667 973 1823 1039 omnibus
1846 975 2034 1040 attinenciis
2050 996 2070 1041 a
2085 977 2261 1044 Wulfardo
2284 980 2388 1046 milite
2412 982 2457 1046 de

433 1080 548 1158 Wede,
572 1097 657 1161 quas
682 1079 723 1143 de
746 1097 847 1143 manu
871 1081 987 1143 nostra
1011 1077 1128 1157 tenuit,
1153 1081 1393 1161 conparassent
1416 1080 1449 1142 et
1472 1078 1560 1143 idem
1583 1079 1804 1162 W(ulfardus)
1836 1083 1870 1145 et
1893 1082 1945 1146 sui
1969 1081 2108 1148 heredes
2132 1086 2313 1167 premissas
2337 1088 2457 1152 domos

432 1185 469 1250 in
500 1203 619 1251 manus
653 1186 784 1250 nostras
819 1183 997 1249 liberaliter
1030 1183 1264 1266 resignassent,
1300 1203 1362 1248 nos
1390 1184 1496 1268 ipsius
1524 1189 1708 1252 conventus
1736 1187 1934 1270 orationum,
1969 1207 2054 1271 quas
2088 1189 2206 1273 iugiter
2236 1191 2380 1258 fundunt
2411 1195 2459 1259 ad

433 1291 623 1373 Dominum,
647 1290 860 1374 participium
883 1289 1075 1356 affectantes
1098 1310 1174 1355 cum
1195 1290 1398 1357 couscientia
1414 1294 1447 1356 et
1463 1310 1630 1358 consensu
1644 1293 1782 1376 capituli
1798 1293 1902 1360 nostri
1918 1294 2062 1376 maioriS,
2086 1295 2175 1362 sicut
2190 1317 2232 1362 ex
2247 1299 2457 1382 appensione

433 1399 486 1464 sui
509 1397 606 1482 sigilli
628 1397 790 1480 perpendi
818 1399 938 1479 potest,
968 1397 1208 1479 proprietatem
1235 1398 1429 1462 earumdem
1457 1398 1632 1464 domorum
1660 1399 1830 1482 sepedicto
1861 1401 2040 1467 conventui
2070 1401 2174 1468 libere
2198 1405 2398 1470 contulimus
2421 1409 2460 1472 et

433 1505 551 1570 solute.
598 1504 649 1570 Ne
671 1504 771 1586 igitur
793 1504 981 1586 aliquorum
1004 1502 1189 1586 malignitas
1213 1523 1315 1588 super
1337 1503 1539 1586 venditione,
1574 1506 1743 1588 emptione
1766 1509 1800 1571 et
1822 1507 1997 1573 collatione
2020 1508 2235 1592 proprietatis
2263 1511 2457 1577 huiusmodi

432 1611 495 1675 rite
519 1613 552 1676 et
574 1631 614 1676 ex
637 1611 818 1676 deliberato
841 1609 979 1674 consilio
1002 1609 1145 1692 peractis
1169 1613 1285 1675 contra
1307 1614 1588 1694 prememoratum
1612 1616 1813 1678 conventum
1838 1613 2061 1698 calumpniam
2088 1615 2320 1698 inposterum
2342 1618 2456 1683 valeat

432 1717 585 1799 excitare,
609 1718 670 1782 sed
692 1716 805 1781 omnia
827 1717 863 1780 in
886 1735 947 1780 suo
971 1717 1091 1782 robore
1115 1718 1272 1782 maneant
1294 1720 1328 1782 et
1350 1717 1473 1800 vigore,
1497 1737 1558 1782 nos
1575 1720 1766 1801 presentem
1788 1719 1945 1801 paginam
1961 1739 2063 1804 super
2078 1720 2251 1804 premissis
2268 1722 2456 1788 confectam

432 1823 540 1888 eidem
570 1823 746 1888 conventui
778 1824 922 1889 dandam
951 1823 1107 1889 duximus
1130 1821 1236 1888 nostri
1259 1826 1293 1888 et
1316 1822 1451 1906 capituli
1475 1823 1582 1890 nostri
1605 1823 1789 1908 sigillorum
1812 1826 1996 1892 munimine
2019 1828 2220 1892 roboratam.
2266 1828 2352 1893 Acta
2374 1831 2457 1894 sunt

431 1930 494 1995 hec
510 1949 598 1994 anno
614 1929 747 1995 Domini
770 1930 946 1995 millesimo
970 1929 1197 1996 ducentesImo
1220 1929 1475 2012 quadragesimo
1499 1931 1614 2012 tercio,
1637 1932 1673 1995 in
1696 1929 1860 2024 divisione
1883 1934 2122 2016 apostolomm,
2146 1933 2360 2017 presentibus
2376 1935 2455 2017 niis,

431 2055 573 2119 quorum
596 2038 676 2100 sunt
698 2037 833 2102 nomina
856 2036 1051 2102 subnotata:
1086 2037 1254 2102 lohannes
1279 2037 1436 2118 decanuS,
1466 2035 1580 2102 Bruno
1604 2037 1805 2121 prepositus,
1836 2038 2005 2104 Arnoldus
2029 2042 2155 2120 cantor,
2188 2039 2374 2122 Segebodo,
2398 2042 2456 2106 Ja-

433 2144 538 2209 cobus
560 2142 765 2224 scolasticus
799 2142 885 2226 Gyso
908 2143 1147 2224 thesaurarius,
1180 2142 1349 2209 Gerardus
1381 2143 1423 2207 de
1446 2143 1532 2208 Foro
1567 2146 1601 2208 ct
1629 2144 1685 2209 alii
1720 2147 1832 2211 nostre
1866 2145 2004 2210 ecclesie
2039 2145 2202 2226 canonici;
2238 2147 2457 2212 Hermannus

431 2247 557 2330 UncuS,
591 2248 761 2314 Iohannes
785 2251 902 2332 Ursus,
936 2247 1304 2333 Amelungus'dapiier,
1338 2248 1566 2331 Alfgrimmus,
1602 2249 1817 2332 Gyselbertus
1846 2253 1888 2317 de
1912 2252 2025 2334 Horst‚
2060 2251 2174 2319 Bruno
2203 2252 2341 2336 dapifer,
2377 2253 2455 2319 Udo

432 2354 560 2438 dapifer
594 2355 635 2420 de
670 2355 814 2437 Braken,
849 2357 1062 2422 Hermannus
1098 2357 1139 2422 de
1173 2357 1373 2422 Wilsettlren
1408 2359 1442 2421 et
1480 2355 1536 2422 alii
1579 2375 1680 2439 quam
1714 2357 1829 2439 plures
1863 2357 1986 2423 milites
2014 2360 2047 2422 et
2077 2357 2271 2440 burgenses.
2331 2358 2457 2424 Datum

432 2459 619 2543 Osenburg,
644 2481 732 2526 anno
757 2465 790 2528 et
812 2463 866 2528 die
889 2463 1092 2546 prescriptis,
1117 2461 1331 2546 pontificatus
1355 2462 1465 2526 nostri
1488 2481 1576 2526 anno
1599 2463 1725 2545 quinto.

568 2565 621 2630 Or.
645 2571 690 2631 im
711 2567 785 2654 Kpl.
811 2567 915 2636 sc-A.
939 2591 980 2632 aa
1002 2569 1151 2645 Minater,
1176 2565 1297 2632 Lenem
1321 2565 1380 2632 Nr.
1404 2564 1459 2632 52.
1500 2566 1598 2632 Beide
1622 2565 1726 2653 Saepel
1747 2589 1805 2632 oon
1826 2567 1886 2632 den
1907 2566 2220 2654 Perpamentcmeffen
2243 2568 2294 2634 ab.
2335 2567 2457 2650 Quem-

644 2674 724 2739 heim
746 2675 813 2739 aad
835 2673 992 2739 Broclcom
1015 2673 1097 2740 bride
1124 2671 1159 2740 0.
1184 2672 1352 2758 Lernfcirda
1373 2676 1409 2737 in
1430 2671 1608 2738 Hannonem

432 2929 532 3019 Grof
554 2930 628 3002 Otto
656 2952 720 3002 oon
750 2927 968 3020 Ravcnsberg
995 2928 1158 3000 habundet
1184 2925 1372 3019 Beilcganp
1396 2818 1492 2999 {elvia
1520 2928 1662 3001 Sireites
1689 2927 1750 3000 das
1767 2929 1882 3001 Edeta
1908 2950 1974 3000 ooo
1992 2928 2086 3001 Lolve
2113 2929 2270 3001 mildam
2296 2929 2454 3002 Morien-

723 3037 797 3126 slist
822 3038 860 3108 ia
888 3035 1038 3107 Mindon
1063 3057 1176 3126 coepere
1202 3035 1261 3106 des
1288 3034 1439 3107 Zcbntca
1466 3035 1504 3106 in
1522 3035 1659 3112 Rebmc.
1723 3033 1840 3107 Vloilvo
1868 3033 1972 3108 1243
1996 3035 2073 3106 dall
2098 3038 2157 3112 26.

537 3155 647 3242 O(tto)
670 3155 731 3220 Dei
755 3155 865 3238 gracia
889 3175 1000 3220 comes
1025 3156 1066 3219 de
1089 3153 1325 3235 Ravensberge
1349 3152 1478 3218 cunctis
1502 3173 1641 3237 presens
1665 3153 1826 3238 scriptum
1848 3153 2050 3236 inspecturis
2073 3153 2216 3218 salutem
2239 3153 2275 3218 in
2297 3153 2453 3219 Domino.

430 3260 545 3326 Sciant
568 3261 689 3345 singuli
712 3264 746 3327 et
766 3260 925 3342 universi,
954 3261 1045 3343 quod
1076 3258 1338 3344 controversia¹)
1367 3261 1440 3323 orta
1462 3260 1550 3325 inter
1574 3258 1745 3324 dominam
1767 3259 1972 3325 abbatissam
1993 3258 2131 3324 ecclesie
2153 3262 2267 3325 sancte
2291 3260 2394 3325 Maria
2418 3261 2455 3325 iu

428 3366 542 3434 blinda
565 3389 605 3432 ex
627 3372 724 3452 parte
746 3388 814 3434 una
837 3369 870 3432 et
893 3367 1104 3431 Gotscalcum
1126 3364 1233 3430 filium
1257 3365 1379 3431 nobilis
1403 3365 1445 3430 de
1469 3365 1542 3430 Lon
1566 3368 1723 3449 exparte
1747 3367 1852 3430 altera
1874 3385 1976 3449 super
1999 3366 2351 3447 excommunicatione,
2384 3386 2454 3450 qua

430 3475 536 3540 dictus
570 3475 691 3540 nobilis
725 3474 789 3539 luit
822 3473 971 3538 irretitus
1005 3492 1067 3556 pro
1096 3472 1224 3537 decima
1254 3471 1289 3534 in
1313 3472 1430 3553 Reme,
1461 3471 1558 3536 nobis
1590 3475 1623 3537 et
1645 3471 1718 3536 aliis
1741 3471 1819 3536 viris
1843 3472 1994 3537 discretis
2016 3471 2240 3537 mediantibus
2263 3473 2376 3538 taliter
2401 3475 2454 3537 est

430 3582 554 3666 sopita:
578 3581 685 3647 dictus
709 3581 905 3646 Gotscalcus
929 3599 1096 3644 annonam
1120 3581 1323 3644 subtractam
1347 3579 1389 3643 ad
1413 3577 1596 3642 triennium
1618 3599 1638 3644 a
1661 3581 1756 3662 patre
1780 3598 1842 3644 suo
1865 3578 1952 3643 infra
1974 3582 2042 3644 tres
2065 3597 2171 3645 annos
2194 3579 2347 3662 proximo
2370 3599 2454 3644 ven-

428 3690 522 3752 turos
544 3688 722 3770 persolvet,
747 3687 794 3750 ita
816 3685 979 3765 videlicet,
1004 3686 1093 3768 quod
1117 3685 1266 3768 quolibet
1287 3703 1375 3751 anno
1392 3687 1470 3749 ante
1486 3685 1694 3750 nativitatem
1710 3685 1845 3750 Domini
1861 3685 1962 3750 XVIII
1979 3685 2104 3751 solidos
2121 3703 2253 3750 annone
2269 3687 2452 3766 persolvet.

429 3795 494 3873 Qui
517 3794 545 3858 si
569 3794 717 3876 negliens
745 3793 853 3874 brevit,
888 3792 1058 3856 Arnoldus
1088 3793 1129 3856 de
1151 3791 1344 3872 Vornlrolte,
1381 3791 1525 3856 Rabodo
1549 3791 1590 3855 de
1613 3791 1893 3872 Worthencbove,
1930 3790 2090 3856 Ludollus
2114 3791 2156 3855 de
2179 3790 2290 3857 Withe
2327 3791 2454 3856 milites

428 3903 505 3966 ante
540 3899 807 3984 purificationem
841 3899 939 3963 beate
972 3898 1108 3981 virginis
1139 3897 1262 3962 dictam
1289 3916 1459 3962 annonam
1482 3897 1572 3963 omni
1596 3897 1699 3962 dubio
1722 3897 1909 3981 postposito
1932 3897 2137 3980 persolvent,
2172 3898 2216 3962 ad
2238 3897 2331 3979 quod
2355 3917 2391 3962 se
2417 3898 2454 3962 in

428 4027 546 4072 manus
576 4006 730 4072 Menfridi
764 4007 806 4070 de
837 4005 1030 4070 Barchusen
1065 4006 1098 4069 et
1128 4003 1271 4070 Conradi
1303 4003 1345 4068 de
1375 4002 1473 4068 Utleu
1508 4003 1649 4068 militum
1684 4002 1875 4086 obligarunt
1909 4023 2040 4069 necnon
2074 4004 2110 4068 in
2140 4024 2259 4068 manus
2287 4004 2454 4069 Wolberti

428 4112 616 4198 canonici2)
651 4115 767 4177 sancte
793 4110 896 4176 Marde
924 4110 959 4175 in
987 4110 1100 4175 lllinda
1134 4109 1197 4174 sub
1228 4128 1317 4193 pena
1351 4110 1702 4174 excommunicationis
1737 4109 1971 4192 promiserunt.
2030 4109 2186 4176 Promisit
2216 4111 2317 4174 etlam
2341 4109 2454 4175 dictus

428 4219 633 4298 GotscalcuS,
670 4219 761 4301 quod
791 4221 868 4282 aute
896 4218 1018 4283 festum
1048 4215 1178 4280 MartIni
1208 4216 1359 4298 proximo
1391 4217 1570 4280 ventumm
1594 4235 1630 4280 se
1654 4235 1766 4280 coram
1790 4216 1876 4281 dicta
1899 4215 2069 4281 abbatissa
2091 4218 2322 4299 probaturum,
2358 4217 2455 4298 quod

429 4326 591 4391 decimam
614 4324 649 4388 in
672 4325 802 4390 Remen
825 4327 921 4407 pater
944 4343 1025 4388 suus
1049 4323 1176 4406 etipse
1200 4322 1287 4387 iusto
1310 4321 1408 4387 titulo
1432 4321 1606 4404 pensionis
1629 4322 1850 4404 possederint.
1897 4323 1936 4386 In
1960 4341 2026 4404 quo
2050 4321 2078 4385 si
2100 4321 2249 4405 negliens
2272 4320 2373 4386 fuerit
2396 4323 2456 4387 vel

428 4431 594 4511 dimissae,
618 4451 638 4496 a
661 4430 789 4496 decima
812 4430 917 4510 cadet,
942 4431 974 4494 ct
997 4429 1072 4512 ipsa
1095 4429 1199 4493 libera
1221 4429 1264 4494 ad
1288 4427 1463 4494 ecclesiam
1486 4427 1617 4493 redibit.
1664 4429 1759 4494 Diem
1782 4448 1860 4493 vero
1884 4428 2094 4510 probationis
2118 4429 2253 4493 domine
2278 4428 2452 4493 abbatisse

428 4539 470 4602 ad
493 4538 568 4602 octo
592 4536 662 4601 dies
685 4536 843 4619 predicet,
874 4540 911 4601 ut
935 4555 1012 4600 eum
1035 4540 1070 4601 et
1092 4554 1172 4599 suos
1196 4535 1249 4600 die
1273 4535 1363 4600 dicta
1387 4553 1408 4598 a
1429 4534 1652 4616 burgensibus
1676 4534 1858 4601 Mindensis
1880 4534 2024 4599 civitatis
2048 4533 2149 4600 faciat
2171 4553 2316 4599 securos.
2362 4534 2454 4598 Acta

429 4645 508 4708 sunt
530 4643 592 4707 hec
611 4642 762 4707 Vlotowe
786 4642 820 4706 in
844 4642 944 4708 domo
968 4643 1082 4707 nostra
1105 4660 1193 4708 anno
1210 4640 1343 4706 Domini
1358 4639 1659 4722 lll⁰.CC⁰.X⁰LIII⁰.,
1683 4640 1826 4706 crastino
1850 4641 1973 4706 Jacobi.
2021 4641 2138 4706 Testes
2160 4640 2261 4705 buius
2285 4640 2332 4704 rei
2355 4645 2455 4706 sunt:

427 4749 640 4814 Hermannus
662 4749 877 4831 Angarensis
913 4747 1105 4814 Wolbertus
1137 4751 1252 4813 sancte
1279 4747 1381 4812 Maria
1411 4747 1446 4810 in
1468 4747 1581 4813 Minda
1612 4747 1772 4828 canonici,
1808 4747 1982 4812 Conradus
2014 4749 2049 4811 et
2079 4746 2247 4811 Hisfridus
2282 4746 2453 4830 capellani

428 4855 543 4936 nostri,
567 4853 735 4920 lohannes
759 4856 799 4919 de
824 4853 978 4937 Capellis,
1004 4854 1217 4919 Hermannus
1242 4854 1283 4917 de
1307 4852 1556 4936 Gallenthorpe‚
1580 4853 1725 4918 Rabodo
1742 4855 1783 4918 de
1799 4853 2064 4934 Wordencbove,
2088 4852 2251 4918 Ludolius
2268 4853 2309 4917 de
2324 4851 2454 4934 Witbe,

427 4960 609 5041 Luderusi)
634 4962 676 5026 de
691 4961 813 5042 Werle,
837 4960 940 5026 Artus
964 4960 1005 5025 de
1021 4959 1164 5040 Breden,
1188 4959 1385 5025 Meinfridus
1410 4959 1451 5024 de
1466 4957 1707 5041 Barchusen4),
1732 4959 1907 5023 Conradus
1931 4959 1973 5023 de
1997 4958 2108 5040 Ussen,
2131 4958 2264 5039 milites,
2288 4961 2321 5023 et
2344 4977 2453 5040 quam

426 5067 540 5150 plures
564 5067 629 5132 alii.
676 5066 720 5132 Ut
743 5070 855 5132 autem
878 5067 939 5131 bec
961 5065 1058 5130 firma
1081 5066 1114 5129 et
1136 5065 1330 5134 inconvulsa
1353 5067 1585 5148 permaneant,
1608 5067 1799 5148 presentem
1821 5066 1977 5149 paginam
2002 5066 2107 5130 nostri
2124 5064 2222 5148 sigilli
2238 5063 2455 5146 inpressione

425 5174 563 5240 fecimus
586 5173 720 5238 muniri.

643 5263 662 5327 ¹)
681 5261 727 5313 Or.
747 5261 934 5315 controversia.
974 5258 1059 5327 ¹)Or.
1078 5260 1221 5315 canomeis.
1260 5259 1282 5330 ³)
1302 5259 1423 5312 Luderus
1443 5259 1494 5328 ovs
1509 5257 1608 5311 Raaur.
1647 5259 1668 5324 ⁴)
1687 5257 1733 5310 Or.
1753 5257 1902 5314 Barhusen.

514 5367 516 5370 ·
558 5347 614 5414 Or.
638 5353 682 5412 im
704 5347 779 5434 Kpl.
804 5347 908 5412 sc-A.
931 5350 966 5412 in
989 5347 1135 5426 Manita,
1160 5372 1185 5413 c.
1202 5347 1311 5412 Maria
1332 5351 1367 5411 ia
1390 5347 1517 5412 Miaden
1540 5345 1600 5412 Nr.
1615 5345 1647 5409 2.
1686 5345 1749 5411 Die
1773 5345 1879 5412 beiden
1904 5344 2007 5431 Sr'epcl
2029 5345 2080 5411 ab.
2123 5342 2215 5412 θεάν.
2240 5369 2267 5412 v.
2287 5343 2449 5424 bedebur,

639 5453 748 5520 Geruli.
773 5455 829 5518 der
853 5452 947 5517 stadt
968 5455 1034 5517 und
1054 5451 1244 5536 Herrsclvast
1270 5450 1379 5517 Vlotlro
1404 5453 1438 5519 S.
1464 5453 1537 5518 125.
