5112 6768
443 399 508 463 528
1434 411 1502 468 1300

437 737 513 808 Die
541 735 775 807 Ilotsmdnner
808 735 869 806 der
898 734 998 806 sade
1028 733 1176 806 Mindon
1211 609 1506 826 aberyebmlffi
1538 735 1704 826 Edelvoyt
1741 734 1903 808 Gerlrerd
1937 757 2010 806 eoin
2043 736 2157 824 Berge
2189 736 2337 808 hermeri
2369 737 2474 808 Mart

614 844 653 913 in
679 841 775 914 ihrer
802 840 1006 912 §treitsccie
1032 842 1094 912 mit
1121 841 1188 912 den
1216 841 1382 913 Brrtdern
1407 863 1471 912 von
1498 841 1635 917 Haseel.
1690 843 1748 913 Im
1775 841 1952 913 Rotiuuse
1981 840 2079 914 1300
2108 841 2216 912 Matre
2245 846 2297 914 21.

549 961 588 1024 In
618 959 751 1024 nomine
783 958 915 1024 Domini
950 977 1057 1022 amen.
1104 957 1274 1022 dolrannes
1305 958 1470 1042 Gyselere,
1504 959 1717 1024 Alebrandus
1745 959 1788 1024 de
1817 959 1963 1039 Letelen‚
2000 959 2177 1024 Heinricus
2202 959 2244 1024 de
2268 961 2473 1040 Hiddessen,

441 1067 611 1132 lohannes
635 1064 751 1146 Cruse,
774 1065 946 1130 Arnoldus
971 1065 1012 1128 de
1029 1065 1128 1144 Rivo,
1152 1063 1324 1130 iohannes
1341 1063 1382 1129 de
1399 1065 1597 1145 Stochusen,
1622 1065 1760 1146 Godinc,
1782 1064 1952 1129 lohannes
1969 1064 2010 1130 de
2027 1064 2228 1147 Ovenstede‚
2252 1067 2475 1149 Marquardus

442 1173 483 1237 de
519 1173 637 1252 Herse,
672 1170 843 1236 lohannes
878 1170 1089 1254 Senepmole,
1126 1170 1339 1234 Burchardus
1374 1169 1490 1252 Cruse,
1525 1171 1696 1236 Arnoldus
1733 1171 1774 1235 de
1811 1171 1938 1254 Hagen,
1973 1171 2126 1235 Andreas
2162 1173 2203 1236 de
2242 1173 2476 1254 Drakenburg,

441 1277 612 1344 lohannes
648 1277 689 1342 de
723 1277 820 1356 Rivo,
854 1277 1024 1342 lohannes
1060 1277 1100 1340 de
1135 1276 1424 1355 Hemmincberen,
1461 1276 1675 1344 Hermannus
1710 1277 1825 1357 Cruse,
1861 1277 2027 1358 Ritzerus,
2062 1276 2234 1344 iohannes
2264 1277 2476 1361 Hegerhuse,

441 1383 627 1448 Richardus
667 1382 758 1463 Bloc,
799 1383 970 1448 Helmicus
1011 1383 1052 1446 de
1087 1381 1254 1464 Rintelen,
1294 1382 1484 1446 Gerhardus
1521 1383 1562 1446 de
1596 1381 1728 1460 Brema,
1767 1381 1945 1447 Heinricus
1980 1383 2130 1465 Cloninc,
2168 1383 2404 1449 Wedekindus
2439 1386 2477 1448 de

441 1491 623 1571 Meyessen,
659 1489 857 1554 Lambertus
882 1489 923 1552 de
947 1489 1067 1564 Werst,
1104 1488 1315 1552 Hermannus
1339 1488 1380 1551 de
1404 1487 1542 1568 Achem,
1577 1487 1792 1553 Bernhardus
1824 1488 1912 1568 Esel,
1949 1489 2124 1570 Stoltevot,
2161 1489 2324 1554 Ludollus
2356 1490 2478 1561 Pares,

441 1595 611 1661 lohannes
634 1595 738 1673 Kole,
766 1594 926 1660 Albertus
951 1594 992 1657 de
1017 1594 1140 1674 Gradu,
1165 1593 1324 1674 Lerbelre,
1349 1593 1528 1658 Heinricus
1552 1595 1667 1660 Novus
1691 1595 1849 1672 carnifex,
1873 1594 2042 1662 Arnoldus
2066 1595 2143 1676 Pec,
2173 1594 2349 1662 lohannes
2376 1597 2477 1677 Sege-

441 1702 539 1782 bode,
574 1721 639 1784 que
669 1704 782 1766 nostra
819 1705 898 1765 sunt
927 1703 1001 1764 acta
1031 1700 1199 1782 presentia
1231 1699 1359 1764 cunctis
1393 1698 1465 1763 fieri
1494 1703 1647 1784 cupimus
1676 1701 1862 1766 manifesta.
1909 1701 2073 1766 Noverint
2105 1702 2206 1786 igitur
2242 1703 2477 1768 universorum

440 1809 582 1873 fidelitas
606 1812 639 1872 et
667 1806 835 1888 discrecio,
872 1807 963 1889 quod
993 1826 1054 1870 nos
1085 1807 1226 1888 predicti
1261 1805 1415 1870 consules
1451 1826 1491 1872 ex
1522 1826 1688 1872 consensu
1712 1811 1743 1872 et
1768 1809 1862 1872 iussu
1886 1811 2000 1872 nostre
2023 1808 2248 1873 universitatis
2273 1807 2381 1873 nobili
2408 1809 2477 1870 viro

442 1915 643 1999 Ger(hardo)
673 1915 835 1980 advocato
867 1912 988 1976 Montis
1019 1915 1151 1976 centum
1183 1929 1311 1976 marcas
1343 1911 1532 1977 Bremensis
1564 1913 1692 1996 argenti
1722 1913 1923 1978 contulimus
1957 1933 2019 1996 pro
2049 1913 2173 1996 treugis
2204 1933 2271 1998 que
2293 1913 2478 1996 vulgariter

442 2021 598 2085 dicuntur
614 2023 706 2102 wort‚
732 2039 816 2102 quas
832 2018 1037 2082 Wernherus
1053 2020 1088 2082 et
1104 2017 1308 2100 Volcquinus
1332 2016 1449 2082 fraires
1473 2019 1515 2082 de
1532 2019 1635 2084 Haste
1659 2021 1692 2084 et
1716 2038 1834 2084 eorum
1858 2020 2037 2102 complices
2061 2022 2278 2084 cassaverunt
2299 2019 2480 2095 violenter,

441 2128 475 2194 et
499 2126 734 2191 nichilominus
759 2126 887 2190 adhoc
911 2125 1079 2188 civitatem
1103 2127 1251 2187 nostram
1274 2123 1435 2188 incendiis
1460 2126 1493 2187 et
1518 2125 1644 2206 rapinis
1667 2125 1817 2190 indebite
1841 2125 2069 2191 molestarunt.
2116 2126 2227 2204 Quare
2263 2146 2325 2191 nos
2357 2145 2479 2209 supra-

442 2232 520 2297 dicti
554 2233 757 2298 unanimiter
793 2235 826 2295 et
856 2231 1065 2294 concorditer
1100 2229 1237 2293 consilio
1271 2233 1304 2293 et
1332 2229 1454 2304 auxilio
1488 2231 1718 2295 universitatis
1753 2236 1865 2296 nostre
1900 2232 2067 2298 mediante
2101 2232 2191 2297 bona
2226 2233 2358 2297 illorum
2398 2232 2476 2294 fidei

441 2338 641 2403 violatorum
664 2338 700 2402 in
728 2337 975 2422 possessionem
1003 2338 1150 2402 nostram
1180 2335 1377 2417 recepimus
1408 2357 1583 2419 quousque
1614 2340 1727 2402 nostre
1758 2338 1882 2402 civitati
1906 2338 1932 2402 C
1956 2357 2083 2403 marcas
2107 2339 2288 2402 restituant
2311 2341 2346 2402 ei
2369 2339 2478 2400 eciam

443 2446 624 2528 dampnum
650 2446 771 2509 nostris
796 2444 987 2509 concivibus
1012 2443 1113 2507 nullis
1137 2463 1254 2507 eorum
1277 2442 1404 2507 meritis
1428 2443 1637 2526 exigentibus
1660 2442 1791 2508 illatum
1813 2445 2018 2526 integraliter
2036 2443 2214 2508 emendent
2230 2447 2265 2508 et
2280 2445 2478 2509 refundent.

444 2551 515 2614 Hec
539 2554 652 2614 autem
675 2551 787 2615 omnia
819 2551 911 2616 utin
935 2550 1096 2635 predictis
1120 2550 1275 2613 omnibus
1311 2550 1345 2613 in
1371 2550 1516 2614 futurum
1543 2553 1615 2614 rata
1639 2553 1671 2613 et
1695 2549 1890 2614 inconvulsa
1913 2553 2141 2634 permaneant,
2178 2554 2369 2634 presentem
2403 2551 2479 2612 inde

442 2657 597 2741 paginam
618 2657 780 2721 conscribi
806 2659 838 2719 et
862 2657 968 2738 sigillo
993 2658 1107 2719 nostre
1131 2655 1275 2719 civitatis
1299 2654 1436 2718 lecimus
1460 2655 1619 2738 insigniri.
1666 2655 1751 2720 Acta
1767 2659 1846 2720 sunt
1860 2656 1922 2720 hec
1938 2675 2027 2720 anno
2044 2655 2208 2720 dominice
2224 2655 2478 2720 incarnacionis

441 2762 618 2827 millesimo
643 2761 761 2842 000⁰,
785 2761 900 2842 seriel)
925 2763 1072 2827 secunda
1097 2765 1173 2844 post
1196 2761 1326 2840 Letare,
1351 2760 1383 2823 in
1410 2761 1508 2825 domo
1533 2761 1718 2826 consulum.

660 2867 681 2936 ¹)
705 2866 758 2920 Vor
777 2867 842 2919 scria
861 2868 897 2918 iet
915 2867 1047 2919 dominica
1066 2866 1150 2918 derel
1170 2865 1260 2918 Rasur
1280 2866 1404 2933 cntscrnt.

579 2957 632 3022 Or.
664 2960 707 3019 im
736 2954 810 3040 Kpl.
837 2953 941 3019 Sr-A.
970 2977 1009 3018 zu
1033 2955 1182 3031 Miinater,
1218 2953 1331 3038 Depos.
1361 2955 1416 3016 der
1446 2953 1539 3016 Stude
1565 2954 1693 3018 rilinden
1720 2953 1781 3020 Nr.
1806 2954 1859 3018 21.
1910 2956 1959 3018 An
1987 2953 2299 3039 Perpammtetreis'en
2329 2956 2392 3017 das
2427 2969 2480 3040 ped

656 3062 809 3126 etaltera
835 3059 1029 3144 Stadteiepel.
1080 3059 1175 3124 Gedr.
1209 3058 1311 3144 Weetfi
1340 3058 1561 3124 Proerna-Bet.
1587 3058 1614 3137 Ι,
1640 3059 1716 3145 Hesi
1737 3059 1769 3140 2,
1797 3059 1830 3125 S.
1855 3059 1908 3124 23.
1959 3059 2071 3145 Repeet
2094 3085 2124 3124 a.
2149 3085 2178 3126 a.
2209 3059 2245 3125 O.
2271 3058 2314 3138 II,
2344 3059 2426 3146 Hesi
2453 3063 2479 3136 i,

658 3168 692 3233 S.
716 3167 760 3231 6⁸5
792 3165 851 3234 Nr.
880 3167 951 3231 153.

1401 3329 1515 3405 1645.

444 3459 545 3547 Grof
569 3459 707 3530 ‚Ieiuno
740 3481 804 3527 oon
841 3458 1021 3545 Wunstort
1052 3457 1123 3544 pili
1157 3457 1232 3526 dem
1264 3456 1410 3544 Biselrof
1440 3456 1571 3544 Luctus
1605 3478 1668 3526 eon
1713 3455 1859 3526 ,triades
1891 3456 1961 3526 ibin
1995 3479 2057 3526 von
2092 3457 2215 3528 diesem
2253 3455 2481 3547 eerpsrinddr

809 3563 918 3635 Giitcr
945 3563 1077 3638 caritot.
1136 3563 1293 3650 rilindem,
1321 3564 1370 3632 im
1398 3562 1633 3652 discledlliclcen
1663 3561 1783 3632 Pelusi
1813 3561 1910 3633 1300
1938 3562 2043 3653 April
2073 3564 2105 3632 7.

550 3683 619 3746 Nos
649 3682 816 3746 lohannes
848 3681 909 3745 Dei
944 3683 1049 3764 gratia
1084 3701 1194 3745 comes
1225 3680 1267 3744 de
1296 3681 1498 3762 Wunstorpe
1530 3681 1703 3760 universis,
1739 3680 1781 3742 ad
1818 3699 1901 3763 quos
1924 3700 2062 3764 presens
2086 3681 2249 3762 scriptum
2272 3683 2479 3761 pervenerit.

442 3790 596 3853 volumus
621 3807 693 3850 esse
718 3790 846 3866 notum,
871 3788 962 3870 quod
985 3787 1221 3852 villicationem
1249 3786 1283 3848 in
1307 3785 1532 3868 Runneberge.
1556 3789 1588 3849 et
1612 3786 1821 3850 advocatiam
1845 3786 1880 3850 in
1903 3784 2145 3866 Bonretheren,
2177 3806 2243 3868 que
2267 3785 2309 3850 ab
2334 3787 2479 3850 ecclesia

443 3895 606 3959 blindensi
643 3913 703 3975 pro
738 3894 883 3975 quadam
915 3913 1046 3957 summa
1077 3894 1219 3976 pecunie
1253 3892 1288 3956 in
1319 3892 1456 3974 pignore
1485 3892 1665 3970 tenuimus,
1699 3892 1879 3957 venerabili
1908 3892 1995 3975 patri
2024 3892 2158 3957 domino
2191 3894 2306 3956 nostro
2332 3893 2479 3958 Ludolto

443 4001 600 4081 episeopo
630 3999 806 4080 Mindensi,
843 3999 911 4063 suis
947 3999 1196 4064 successoribus
1232 4002 1264 4062 et
1295 4017 1353 4062 sue
1386 3997 1549 4062 Mindensi
1584 3998 1721 4063 ecclesie
1749 3999 1900 4081 predicte
1932 3999 1973 4062 de
2002 4017 2167 4063 consensu
2199 4001 2232 4061 et
2262 3999 2478 4081 beneplacito

444 4105 575 4170 Ludolii
604 4105 662 4168 filii
692 4105 795 4168 nostri
826 4106 947 4170 liberas
972 4108 1004 4168 et
1028 4105 1156 4170 solutas
1187 4104 1403 4183 restituimus,
1437 4105 1528 4168 omni
1560 4105 1633 4181 iuri,
1670 4106 1761 4186 quod
1786 4105 1820 4168 in
1844 4105 1969 4169 eisdem
1993 4104 2090 4168 bonis
2113 4105 2302 4182 habuimus,
2339 4107 2479 4188 penitu-

443 4212 672 4276 renuntiantes
708 4215 740 4274 et
776 4211 903 4288 litteris
940 4211 973 4274 in
1005 4211 1127 4292 quibus
1161 4212 1257 4274 nobis
1286 4211 1374 4274 dicta
1402 4210 1490 4275 bona
1518 4231 1537 4273 a
1567 4211 1657 4274 dicta
1687 4210 1850 4275 Mindensi
1879 4209 2019 4274 ecclesia
2049 4209 2181 4275 fueraut
2210 4210 2368 4292 obligata,
2411 4233 2478 4294 que

443 4319 579 4402 quidem
617 4318 725 4382 littere
755 4337 844 4381 nunc
874 4322 952 4381 sunt
982 4317 1123 4400 perdite,
1159 4318 1218 4381 sed
1242 4317 1269 4380 si
1295 4335 1453 4398 umquam
1476 4315 1602 4381 fuerint
1625 4317 1769 4396 invente,
1806 4316 1983 4380 reddemus
2007 4335 2064 4380 eas
2088 4315 2174 4380 dicto
2198 4316 2334 4381 domino
2359 4323 2479 4380 nostro

444 4423 587 4488 Ludollo
622 4422 673 4486 vel
709 4424 777 4486 suis
812 4423 1060 4488 successoribus
1097 4427 1129 4487 et
1165 4444 1223 4486 sue
1254 4421 1418 4486 Mindeusi
1455 4421 1591 4485 ecclesie
1626 4421 1804 4504 sepedicta.
1864 4421 2107 4486 Renuntiemus
2145 4421 2246 4486 etiarn
2282 4423 2374 4486 omni
2413 4425 2478 4486 iuri

444 4531 601 4595 canonico
625 4549 685 4593 seu
710 4530 807 4610 civili,
842 4530 960 4593 litteris
985 4529 1176 4612 apostolicis
1201 4550 1261 4594 seu
1285 4528 1505 4611 imperatoriis
1528 4527 1714 4609 impetratis
1739 4546 1798 4591 seu
1823 4527 2051 4608 impetrandis,
2079 4527 2267 4610 exceptioni
2292 4529 2360 4592 doli
2384 4529 2479 4594 maii.

444 4640 564 4715 metus,
599 4636 648 4699 vis
682 4635 899 4718 compulsive,
935 4655 993 4698 seu
1015 4635 1201 4717 'privilegiis
1232 4637 1264 4698 et
1292 4633 1476 4697 interdictis
1509 4633 1787 4715 quibuscumque,
1823 4631 1945 4713 quibus
1979 4651 2118 4715 presens
2155 4633 2264 4697 littera
2302 4638 2421 4716 posset
2446 4636 2479 4698 in

444 4745 617 4826 posterum
645 4741 832 4823 inpugnari.
881 4742 919 4804 ln
942 4740 1037 4805 cuius
1061 4741 1109 4805 rei
1132 4741 1409 4824 protestacionem
1437 4740 1522 4802 hanc
1546 4738 1688 4802 litteram
1713 4739 1827 4804 nostro
1850 4739 1959 4820 sigillo
1982 4737 2123 4803 fecimus
2146 4739 2305 4804 roborari.
2354 4739 2479 4804 Testes

443 4848 543 4912 huius
578 4847 626 4910 rei
662 4851 754 4911 sunt:
791 4847 910 4911 nobilis
946 4847 996 4911 vir
1031 4847 1110 4911 Otto
1145 4867 1255 4913 comes
1285 4848 1325 4910 de
1353 4845 1482 4927 Welpa,
1522 4844 1601 4910 Giso
1633 4843 1887 4908 archidiaconus
1916 4845 1952 4908 in
1979 4844 2136 4924 Alethen,
2172 4845 2317 4910 lacobus
2346 4852 2478 4920 cantor,

443 4952 612 5017 iohannes
643 4955 684 5017 de
712 4954 862 5048 Lutbeke
894 4954 989 5018 miles
1020 4959 1053 5019 et
1077 4953 1272 5018 Lodewicus
1297 4954 1338 5016 de
1361 4951 1715 5032 Endelingeborstolde
1745 4949 1900 5016 famulus
1947 4953 2068 5016 Datum
2098 4953 2133 5016 el
2155 4955 2266 5016 actum
2292 4951 2406 5016 Minde.
2444 4955 2478 5016 in

443 5061 544 5124 domo
570 5060 751 5142 episcopali
774 5078 862 5124 anno
886 5059 1018 5124 Domini
1043 5058 1221 5139 n1⁰.uuu⁰.‚
1245 5060 1280 5124 in
1304 5077 1387 5122 cena
1411 5057 1553 5122 Domini.

578 5163 632 5229 Or.
661 5168 704 5226 im
728 5163 801 5249 Kpl.
828 5163 933 5228 Se-A.
961 5187 1000 5227 zu
1024 5165 1174 5241 divinate-13
1209 5161 1365 5227 inretent.
1392 5162 1519 5226 Minden
1550 5159 1612 5222 Nr.
1636 5159 1690 5226 67.
1739 5159 1861 5245 Scld'lfl
1888 5161 2026 5225 tellurem
2055 5159 2143 5224 atari
2170 5161 2332 5237 amilcari,
2372 5163 2476 5244 δίε-μα’

656 5270 744 5336 nebat
762 5269 964 5354 Beteete'yunp
985 5267 1031 5332 od.
1081 5267 1176 5334 Gedr.
1200 5267 1312 5332 lorii-zer
1343 5266 1539 5344 Wiirdtroein,
1563 5265 1655 5331 Nono
1678 5267 1763 5330 eabe.
1789 5265 1849 5345 IX,
1876 5266 1910 5330 S.
1937 5265 2010 5332 105.
2058 5265 2172 5352 Repete
2196 5267 2272 5331 illac.
2298 5264 2343 5343 II,
2372 5267 2471 5333 1890.

658 5374 717 5438 Νη
744 5375 808 5439 153
830 5377 896 5439 und
920 5374 981 5438 174
1017 5377 1083 5438 und
1112 5375 1260 5439 Zeitaclrr.
1285 5376 1314 5439 d.
1339 5375 1412 5437 dict.
1442 5371 1511 5439 Ver.
1534 5375 1560 5454 f.
1585 5371 1830 5438 Nr'edersoclrsen
1858 5371 1912 5458 «19.
1937 5370 2023 5438 1887
2052 5369 2086 5436 S.
2112 5372 2176 5436 152
2202 5370 2264 5434 Nr.
2288 5372 2365 5438 2⁸22.
2412 5373 2471 5438 Dic
