5086 6768
440 401 510 468 tot
1408 414 1477 469 1292

441 614 555 699 peciit,
579 613 669 696 quod
686 612 788 676 irater
804 611 1017 676 Reimbertus
1041 614 1122 676 tunc
1145 609 1234 696 prior
1249 608 1431 674 Miudensis
1454 611 1489 675 et
1506 609 1609 675 irater
1624 609 1793 675 lohannes
1809 609 1951 693 Sapiens
1974 613 2142 694 quondam
2165 613 2256 696 prior
2279 613 2445 682 iuramento

441 721 623 797 firmarent,
658 718 749 801 quod
780 720 964 782 conventus
989 717 1174 782 Lodhensis
1204 716 1281 800 plus
1305 717 1388 780 iuris
1411 716 1549 780 haberet
1572 715 1606 779 in
1629 716 1779 798 predicta
1802 716 1930 782 decima
1954 737 2055 800 quam
2079 717 2266 784 antedictus
2291 720 2391 800 miles,
2420 729 2446 787 et

444 827 491 893 sic
521 827 593 910 ipse
625 828 809 889 conventus
838 823 880 888 ab
914 823 1036 887 iniuria
1065 822 1257 888 huiusmodi
1287 826 1433 887 cessaret
1461 822 1596 888 omnino
1626 841 1687 887 nec
1717 822 1860 906 amplius
1892 823 2017 906 aliquid
2047 823 2083 888 in
2112 825 2255 907 predicti
2283 831 2445 892 conventus

442 931 630 998 Lodhensis
663 930 882 1014 preiudicium
915 931 1140 1011 attemptaret,
1171 947 1260 994 anno
1291 929 1404 1011 itaque
1427 927 1567 992 M⁰.CC⁰.
1599 928 1815 1010 nonagesimo
1847 931 1994 994 secundo
2017 931 2171 1014 proxima
2194 931 2247 996 die
2270 935 2345 1014 post
2367 933 2446 998 datos

441 1039 571 1104 cineres
594 1037 740 1101 intrante
764 1036 887 1100 ieiunio
911 1035 1012 1100 irater
1029 1034 1242 1100 Reimbertus
1266 1035 1331 1099 iam
1356 1035 1464 1098 dictus
1487 1034 1587 1116 prior,
1611 1033 1712 1098 frater
1727 1035 1896 1100 lohannes
1920 1036 2087 1118 quondam
2111 1036 2200 1120 prior
2215 1039 2447 1120 cognominatus

443 1145 596 1228 Sapiens,
625 1143 727 1208 frater
751 1142 920 1208 lohannes
950 1141 992 1205 de
1017 1141 1165 1206 Helbeke
1190 1139 1346 1224 supprior
1370 1144 1403 1206 et
1426 1140 1527 1204 irater
1551 1139 1764 1205 Hermannus
1788 1141 1830 1206 de
1854 1141 2062 1207 lekenlrusen
2085 1144 2205 1208 domus
2228 1144 2401 1208 Miudensis
2421 1151 2447 1210 et

442 1253 508 1317 duo
536 1250 654 1314 fratres
684 1249 767 1326 layci
796 1250 837 1312 de
866 1247 1015 1326 Lodhen,
1045 1247 1146 1311 irater
1168 1246 1345 1312 Heinricus
1372 1246 1527 1311 videlicet
1557 1246 1707 1329 provisor
1738 1246 1860 1311 ibidem
1890 1252 1925 1312 et
1950 1251 2052 1314 frater
2073 1248 2245 1314 lohannes
2269 1249 2448 1315 Hatremunt

440 1357 604 1422 venerunt
641 1353 874 1438 prenominato
907 1353 1005 1418 militi
1037 1353 1123 1418 sicut
1153 1353 1302 1435 requisiti
1334 1353 1467 1417 inerant
1496 1353 1718 1418 occurrentes.
1764 1353 1807 1416 Et
1837 1373 1913 1418 cum
1944 1357 2079 1435 rogatus
2109 1357 2143 1420 et
2170 1356 2318 1420 monitus
2346 1359 2448 1420 tama

442 1462 632 1528 castellanis
657 1464 689 1525 et
713 1462 872 1525 advocato
896 1460 990 1524 ducis
1014 1479 1115 1543 quam
1139 1460 1238 1523 etiam
1262 1481 1282 1524 a
1304 1458 1461 1525 iratribus
1485 1458 1660 1524 antedictis
1683 1459 1718 1523 in
1742 1459 1869 1524 nullam
1885 1459 2024 1525 formam
2041 1460 2140 1526 aliam
2155 1461 2237 1526 iuris
2253 1462 2448 1542 consentiret,

441 1570 484 1636 ad
516 1568 711 1633 instanciam
748 1566 1004 1632 castellanorum
1035 1569 1068 1631 et
1102 1566 1253 1630 advocati
1286 1566 1379 1631 ducis
1413 1566 1479 1630 iam
1510 1565 1651 1648 predicti
1680 1585 1701 1628 a
1729 1567 1917 1630 iuramento
1947 1567 2111 1649 parcitum
2139 1570 2190 1632 est
2216 1568 2332 1656 priori,
2365 1568 2449 1633 irater

318 1715 321 1720 -
439 1674 612 1742 lohannes
640 1693 719 1738 reno
743 1673 884 1757 Sapiens
912 1674 1081 1754 quondam
1110 1673 1203 1756 prior
1233 1675 1267 1736 et
1298 1674 1400 1737 frater
1423 1672 1638 1736 Hermannus
1666 1671 1707 1736 de
1732 1671 1940 1738 Iolenhuseu
1972 1673 2130 1737 antedicti
2160 1674 2340 1757 assumptis
2368 1673 2449 1738 stolis

442 1785 475 1846 et
498 1780 597 1846 tactis
621 1779 842 1844 sacrosanctis
866 1778 1054 1860 ewangeliis
1071 1779 1231 1843 advocato
1248 1779 1342 1843 ducis
1358 1777 1527 1860 sepedicto
1543 1779 1683 1843 formam
1699 1776 1876 1842 iuramenti
1893 1777 2038 1843 dictante
2054 1778 2260 1856 iuraverunt,
2283 1779 2450 1844 claustrum
2526 1775 2527 1800 ¹

440 1888 476 1952 in
494 1887 632 1952 Lodhen
656 1886 779 1950 habere
803 1885 854 1950 ius
878 1885 911 1948 in
939 1885 1066 1949 decima
1082 1884 1253 1965 Mundere,
1278 1903 1379 1966 quarn
1403 1882 1563 1967 possedit,
1587 1885 1620 1946 et
1642 1883 1695 1947 ius
1719 1884 1754 1947 in
1770 1882 1826 1948 illa
1841 1887 1936 1968 parte
1952 1883 2091 1949 militem
2107 1905 2182 1950 cum
2198 1886 2271 1951 suis
2286 1885 2449 1950 heredibus

439 2013 510 2059 non
532 1993 665 2058 habere.
706 1992 802 2056 Prior
825 2011 960 2074 quoque
983 1991 1085 2054 frater
1102 1990 1314 2055 Reimbertus
1338 1990 1562 2054 iuramentum
1584 1988 1687 2054 fuisse
1710 1989 1845 2070 iustum,
1868 1992 1960 2072 quod
1984 1991 2204 2074 protulerant,
2227 1991 2264 2055 in
2280 1991 2451 2057 animasna

439 2104 477 2166 et
500 2098 650 2164 ordinem
675 2118 773 2162 suum
797 2097 881 2162 sicut
905 2095 1173 2179 requisitus1ext1
1165 2096 1213 2160 'tit
1237 2095 1426 2178 affirmavit,
1458 2098 1492 2160 et
1515 2095 1562 2160 sic
1585 2095 1704 2161 iratres
1727 2095 1811 2178 layci
1834 2096 1876 2160 de
1900 2096 2016 2162 Lodhe
2039 2096 2217 2162 Heinricus
2242 2101 2277 2162 et
2298 2096 2449 2161 lohannes

440 2206 601 2271 antedicti
632 2203 766 2268 fuerunt
795 2223 815 2268 a
844 2203 1030 2268 iuramento
1011 2203 1203 2285 0,quod
1194 2223 1229 2266 in
1258 2222 1336 2266 suas
1366 2203 1486 2285 suique
1510 2204 1694 2268 conventus
1716 2201 1845 2266 animas
1867 2204 1974 2286 parati
1998 2207 2093 2268 erant
2117 2203 2236 2284 iacere,
2269 2203 2449 2287 supportati

442 2311 517 2376 Hiis
546 2310 687 2393 peractis
716 2314 793 2375 ante
823 2308 1023 2393 capellam'
1014 2329 1050 2372 m
1072 2308 1271 2373 Hatremunt
1294 2309 1377 2372 hora
1401 2308 1496 2391 quasi
1518 2307 1622 2373 tercia
1645 2308 1698 2373 die
1722 2309 1916 2391 supradicto
1939 2309 2121 2391 requisitus
2144 2309 2241 2374 miles
2264 2312 2450 2374 memoratus
2526 2269 2527 2384 l

440 2417 605 2503 promisit,
636 2417 727 2500 quod
755 2416 932 2483 restituere
960 2415 1100 2481 vellet
1090 2413 1271 2498 inquibus
1301 2415 1482 2479 claustrum
1510 2413 1841 2498 dampnificaverat
1831 2435 1867 2480 m
1895 2415 2061 2480 decima'
2051 2435 2119 2479 ram
2148 2416 2310 2499 predicta.
2355 2415 2450 2478 Huius

438 2525 518 2592 iacti
541 2544 601 2588 nos
626 2523 796 2588 castellani
819 2522 877 2605 qui
900 2521 1055 2586 affuimus
1078 2522 1180 2585 testes
1204 2540 1333 2585 sumus:
1359 2521 1580 2586 Wicbrandus
1604 2522 1644 2585 de
1667 2521 1917 2586 Harbotdessen
1939 2521 2045 2602 mileS,
2069 2521 2250 2587 Wernerus
2276 2523 2317 2587 de
2331 2523 2450 2586 Toden-

439 2632 559 2716 thorpe
591 2629 685 2696 ducis
714 2631 905 2706 advocatus
929 2628 1158 2692 Hartmannus
1182 2627 1223 2692 de
1248 2626 1448 2707 Latehusen,
1472 2626 1696 2692 Theodericus
1720 2627 1762 2692 de
1786 2627 1953 2708 Golterne,
1978 2627 2190 2693 Everhardus
2214 2627 2258 2692 de
2281 2628 2450 2710 Sindenge·

439 2737 559 2817 husen,
583 2735 678 2802 Vilde
702 2735 909 2819 Sagittarius
955 2733 997 2798 Et
1025 2752 1086 2815 ego
1116 2733 1206 2815 prior
1235 2751 1311 2797 cum
1340 2732 1499 2798 iratribus
1530 2732 1707 2798 antedictis
1741 2734 1774 2798 et
1802 2733 1845 2798 ad
1875 2737 2074 2818 perpetuam
2109 2735 2156 2798 rei
2180 2734 2375 2799 memoriam
2396 2753 2447 2816 ego
2526 2759 2527 2832 3

439 2842 652 2908 Everhardus
687 2862 827 2926 presens
862 2840 1022 2923 scriptum
1056 2838 1134 2902 inde
1168 2839 1355 2905 conlectum
1389 2839 1495 2923 sigillo
1529 2859 1604 2903 meo
1638 2839 1791 2904 muniens
1820 2840 1935 2924 sigillis
1962 2859 2112 2905 meorum
2144 2841 2450 2906 concastellanorurn

439 2949 592 3015 videlicet
621 2947 783 3015 lobannis
816 2948 858 3012 de
888 2945 1045 3011 Golterne
1082 2948 1115 3009 et
1144 2945 1338 3010 Wicbrandi
1371 2946 1412 3011 de
1441 2945 1689 3011 Harbotdessen
1726 2945 1878 3027 militum,
1911 2945 2111 3011 Hartmanni
2139 2946 2181 3012 de
2210 2947 2398 3013 Latehuseu
2422 2949 2452 3012 et

436 3055 606 3121 'Thiderici
630 3056 672 3121 de
696 3055 853 3120 Golterne
877 3053 1077 3117 famulorum
1099 3050 1186 3135 pecii
1209 3051 1369 3116 roborari.

572 3159 739 3244 Adscdmft
761 3159 813 3224 dae
837 3157 889 3224 13.
912 3157 1026 3222 ratri.
1051 3159 1085 3220 in
1110 3156 1186 3219 Mac.
1217 3151 1288 3235 VII,
1314 3154 1410 3240 1326,
1436 3157 1490 3226 fot.
1517 3153 1603 3221 117υ
1625 3160 1669 3222 im
1692 3157 1764 3244 qu.
1791 3156 1895 3222 St-A.
1919 3180 1959 3222 zu
1983 3157 2132 3223 muster.

1400 3338 1510 3414 1473.

436 3465 569 3558 Ghyso
597 3463 882 3536 archidiaconus
909 3465 948 3534 in
968 3463 1141 3536 Aledheu
1160 3464 1361 3537 canonicus
1379 3463 1589 3535 Miudensis
1612 3463 1776 3536 detrudet
1793 3463 1847 3534 uls
1864 3485 1940 3534 vom
1958 3461 2100 3553 Bischof
2124 3463 2269 3556 Volquin
2288 3463 2451 3538 militer

437 3571 590 3662 Richter,
619 3573 701 3642 dass
719 3572 834 3643 Rittcr
853 3570 1026 3642 Helmbert
1054 3569 1254 3643 Kdmmerer
1280 3593 1342 3642 nor
1367 3571 1438 3641 ilum
1466 3569 1538 3658 auf
1559 3570 1615 3641 die
1635 3570 1840 3660 Forderunp
1867 3571 1960 3642 eines
1978 3569 2224 3662 Kdnipszinscs
2246 3565 2451 3660 uoncinipen

574 3678 778 3768 Frciprttern
804 3679 842 3748 in
869 3677 992 3748 Lotide
1018 3700 1061 3748 ru
1091 3676 1246 3749 dunsten
1273 3678 1333 3748 des
1363 3676 1422 3748 Kl.
1451 3676 1600 3748 Locrum
1626 3677 1804 3748 venditet
1830 3676 1895 3747 bol.
1953 3675 2058 3748 1292
2086 3675 2245 3748 Febmur
2273 3676 2335 3753 22.

545 3797 654 3862 Huius
685 3796 732 3860 rei
759 3797 861 3861 testes
889 3797 980 3859 sunt:
1012 3795 1206 3860 Lodewicus
1234 3796 1343 3860 dietus
1367 3796 1509 3879 Sprunc,
1537 3794 1715 3860 canonicus
1740 3794 1935 3876 Miudensis
1965 3793 2155 3861 Tethardus
2186 3794 2228 3860 de
2259 3795 2452 3880 Spenthore,

435 3902 612 3968 lohannes
636 3904 678 3966 de
701 3901 846 3982 Bodeke,
869 3900 1062 3966 Meiniridus
1087 3902 1128 3966 de
1150 3899 1344 3967 Barchusen
1368 3950 1375 3966 .
1401 3952 1408 3967 .
1434 3948 1442 3966 .
1466 3921 1505 3967 ac
1527 3902 1697 3967 Arnoldus
1721 3901 1911 3967 cellerarius
1936 3905 2050 3967 noster
2073 3901 2330 3968 concanonicus.

575 4005 669 4072 θεάν.
693 4007 773 4069 naclc
796 4007 862 4070 dem
891 4003 943 4070 Or.
968 4030 996 4070 o.
1021 4004 1216 4091 Hodenberq‚
1243 4004 1448 4092 Celenderper
1476 4005 1543 4069 ΠΒ.
1569 4005 1658 4072 Alth.
1684 4005 1748 4084 III,
1773 4003 1805 4071 S.
1829 4004 1896 4071 305
1920 4005 1982 4072 Nr.
2008 4004 2083 4084 490,
2117 4005 2325 4090 Weidemam,
2351 4005 2449 4072 Gercl.

652 4113 681 4178 d.
710 4111 763 4176 ln.
795 4111 928 4176 Locrum
963 4110 996 4176 S.
1028 4111 1100 4177 175.
1147 4111 1215 4176 Der
1243 4112 1311 4176 dier
1339 4114 1449 4176 zuletzt
1473 4123 1625 4197 penannta
1654 4111 1809 4177 Domderr
1837 4111 1973 4198 Ludwig
2003 4111 2127 4198 θρωπε
2161 4113 2251 4177 atard
2287 4114 2365 4178 need
2392 4113 2451 4176 den

651 4219 810 4284 mindenar
832 4217 986 4304 Nekrolop
1010 4219 1097 4302 (Mac.
1129 4216 1200 4297 Vll,
1224 4216 1322 4296 2602,
1346 4216 1378 4283 S.
1406 4217 1483 4303 113)
1508 4242 1560 4282 arn
1581 4216 1634 4284 23.
1659 4216 1832 4284 November
1854 4220 2050 4303 (Clementis
2074 4223 2188 4306 pape).

1395 4401 1508 4478 1474.

437 4527 592 4616 Bisclrnf
626 4527 770 4617 Volquin
811 4548 874 4597 uon
909 4526 1057 4597 Mindon
1090 4525 1261 4597 sollicitet
1299 4528 1396 4598 einen
1432 4526 1538 4598 Streit
1576 4527 1636 4599 des
1671 4521 1924 4614 Marilnstittes
1958 4527 2018 4597 nait
2054 4525 2217 4597 Gerlrord
2250 4550 2316 4598 von
2354 4525 2451 4614 Balpc

870 4655 982 4722 werec
1009 4633 1067 4703 des
1093 4632 1242 4703 Zelntcn
1270 4634 1307 4702 in
1337 4631 1500 4725 Gorspen.
1556 4633 1706 4705 Mindcn
1733 4631 1831 4705 1292
1860 4633 1966 4704 Mdrz
1993 4637 2024 4707 5.

544 4750 728 4832 Volquinus
745 4751 805 4814 Dei
827 4753 938 4833 gracia
962 4749 1138 4834 episcopus
1154 4751 1338 4815 Miudensis
1361 4752 1517 4817 omnibus
1540 4752 1604 4816 hoc
1627 4751 1788 4834 scriptum
1811 4750 1931 4815 visuris
1955 4753 2070 4814 notum
2094 4769 2167 4815 esse
2183 4751 2348 4833 cupimus,
2371 4747 2450 4831 quod

438 4873 526 4922 anno
550 4855 682 4920 Domini
696 4855 833 4921 M⁰.CC⁰.
859 4857 1074 4939 nonagesimo
1098 4857 1256 4938 secundo,
1280 4859 1398 4940 quarta
1421 4856 1504 4921 teria
1528 4860 1602 4939 post
1626 4856 1824 4923 dominicam
1848 4874 1913 4940 qua
1937 4859 2093 4921 cantatur
2109 4856 2348 4936 Reminiscere,
2370 4875 2450 4920 com·

436 4960 633 5045 parentibus
663 4981 774 5028 coram
802 4963 899 5026 nobis
930 4962 1057 5026 decano
1081 4964 1114 5027 et
1137 4961 1285 5046 capitulo
1309 4963 1447 5028 ecclesie
1470 4963 1576 5028 sancti
1598 4962 1730 5028 Martini
1752 4963 1936 5028 Miudensis
1960 4983 2000 5027 ex
2023 4965 2118 5044 parte
2142 4983 2209 5028 una
2233 4965 2267 5028 et
2291 4961 2449 5028 Gerhardo

439 5069 480 5133 de
496 5067 596 5150 Balge
620 5068 743 5133 famulo
768 5068 839 5132 rice
863 5071 896 5133 et
920 5068 1052 5133 nomine
1068 5069 1232 5134 Volcmari
1251 5071 1292 5134 de
1309 5070 1471 5134 Stederen
1494 5069 1606 5134 militis
1631 5089 1670 5134 ex
1687 5069 1791 5134 altera
1813 5069 1849 5133 in
1872 5089 1984 5149 causa,
2008 5088 2073 5152 que
2089 5069 2175 5134 inter
2190 5069 2284 5153 ipsos
2301 5070 2449 5134 decanum

435 5176 472 5239 et
494 5172 677 5256 capitulum
701 5194 740 5238 ac
763 5175 906 5239 eundem
928 5175 1138 5240 Volcmarum
1162 5176 1353 5240 vertebatur
1376 5193 1479 5259 super
1503 5176 1665 5241 decimam
1687 5176 1722 5241 in
1739 5175 1977 5241 Gotbertessen
2000 5179 2033 5240 et
2056 5176 2127 5240 eius
2150 5175 2314 5241 fructibus
2338 5175 2448 5240 eisdem

437 5280 564 5344 decano
598 5282 631 5344 et
659 5279 806 5362 capitulo
835 5281 878 5346 ab
906 5280 979 5363 ipso
1003 5281 1177 5346 Volcmaro
1206 5282 1336 5360 ablatis
1367 5281 1460 5345 cuius
1488 5282 1677 5364 proprietas
1706 5281 1749 5345 ad
1778 5282 1951 5346 ecclesiam
1980 5281 2088 5346 sancti
2111 5282 2245 5348 Martini
2277 5282 2447 5364 predictam

436 5389 592 5470 pertinet,
618 5406 719 5469 quam
742 5385 906 5452 decimam
929 5386 1018 5452 idem
1034 5387 1225 5452 Volcmarus
1249 5388 1291 5452 ab
1315 5387 1397 5471 ipsis
1421 5388 1546 5452 decano
1570 5391 1604 5453 et
1626 5387 1774 5471 capitulo
1799 5387 1890 5453 omni
1913 5388 2074 5454 heredum
2098 5409 2237 5453 suorum
2253 5385 2447 5454 successione
