5062 6776
1037 444 1105 500 1277
1827 529 1831 538 .
2032 433 2097 497 349

77 646 121 709 ita
149 646 275 723 tamen,
310 645 348 707 ut
375 641 464 706 diota
490 644 598 706 mater
624 644 739 705 nostra
766 643 799 705 et
826 639 986 722 Alheydis
1015 659 1110 704 soror
1138 643 1253 706 nostra
1283 661 1381 706 usum
1405 642 1574 706 fructuum
1608 641 1644 707 in
1667 641 1792 706 eisdem
1816 641 2001 708 redditibus
2024 644 2097 708 sine

75 751 185 832 aliqua
209 747 471 812 contradictione
495 745 599 812 bbere
622 749 656 812 et
679 746 791 829 quiete
814 745 1045 829 possideant2)
1080 749 1113 811 et
1136 750 1213 830 post
1236 751 1378 812 mortem
1401 749 1549 829 ipsarum
1572 748 1607 812 in
1631 747 1684 813 die
1708 747 1820 812 obitus
1844 748 1958 813 matris
1981 751 2096 813 nostre

76 853 372 934 anniversariumi)
408 851 488 937 ahl)
523 853 649 918 eisdem
684 852 815 918 famulis
844 854 877 917 et
904 852 1093 919 famulabus
1121 853 1245 920 Christi
1274 854 1310 919 in
1334 854 1423 919 dicto
1446 854 1585 919 cenobio
1608 853 1678 917 Deo
1702 853 1941 920 famulantibus
1965 856 2006 921 de
2029 856 2097 920 iam

77 962 169 1027 dictis
192 960 379 1026 redditibus
409 959 444 1025 in
467 977 554 1043 pane
577 959 706 1024 triticeo
729 957 872 1025 fideliter
895 960 930 1023 et
951 962 1116 1042 perpetuo
1140 959 1312 1041 serviatur,
1348 979 1410 1024 nos
1434 960 1557 1024 dictam
1579 960 1801 1026 donacionem
1824 961 2097 1026 commendantes

77 1070 179 1133 ratam
208 1069 243 1131 ct
271 1066 401 1131 finnam
429 1066 594 1130 habentes
621 1067 812 1149 presentem
846 1065 1002 1148 paginam
1036 1065 1070 1130 in
1098 1065 1329 1131 testimonium
1363 1066 1592 1132 rathibicionis
1627 1086 1702 1130 cum
1736 1085 1900 1132 consensu
1935 1069 2095 1149 nepotum

77 1176 265 1240 nostrorum
281 1173 453 1256 Rodolphi
477 1174 510 1238 et
526 1171 724 1237 Theoderici
741 1173 782 1237 de
798 1171 914 1236 Haren
937 1171 1146 1255 inpressione
1175 1170 1273 1256 sigilli
1296 1171 1403 1236 nostri
1426 1171 1564 1237 fecimus
1588 1172 1793 1250 communiri,
1818 1192 1860 1236 ne
1875 1172 1910 1236 in
1927 1175 2098 1256 posterum

76 1281 184 1364 aliqua
219 1279 449 1362 recognicione
483 1277 617 1362 infringi
643 1277 750 1361 possit
772 1281 805 1342 et
828 1277 1003 1344 annullari.
1030 1275 1172 1344 'Actum
1195 1281 1230 1344 et
1253 1279 1368 1344 datum
1391 1298 1480 1344 anno
1502 1277 1636 1345 Domini
1659 1276 1951 1358 M⁰CG⁰LXXVII⁰,
1984 1278 2020 1342 in
2043 1279 2097 1344 die

77 1387 301 1471 apostolorum
325 1385 469 1451 Simonis
493 1388 527 1450 et
548 1383 643 1451 lude.

291 1509 313 1579 ¹)
331 1509 445 1562 contulit
462 1508 497 1560 A.
535 1508 558 1576 ¹)
577 1508 764 1577 possidendam
786 1507 818 1560 A.
856 1507 879 1578 8)
898 1509 1073 1561 anniversarii
1092 1509 1126 1560 A.
1163 1509 1187 1578 ⁴)
1206 1509 1240 1562 ab
1251 1508 1326 1578 selle
1343 1508 1377 1561 A.

205 1615 376 1698 Abaehrttt
397 1615 450 1678 dee
475 1611 526 1678 16.
550 1613 664 1680 Jalrt.
688 1617 732 1677 im
755 1615 831 1679 Mac.
863 1611 936 1691 VII,
958 1611 1057 1692 3506,
1081 1612 1114 1678 S.
1140 1612 1183 1678 46
1204 1617 1249 1678 im
1271 1614 1343 1699 Kpl.
1372 1613 1479 1681 sa-A.
1502 1637 1543 1679 zu
1565 1615 1706 1680 Mamor
1730 1615 1787 1699 (A)
1811 1615 1989 1695 fehlerhaft.

1033 1884 1142 1962 1107.

77 2011 273 2083 Fawdhlter
307 2009 451 2102 Volqua'o
480 2032 542 2082 von
569 2010 718 2082 Mioden
744 2010 885 2082 oerletht
912 2011 988 2082 don
1008 2011 1258 2102 Jedesmolipen
1284 2013 1411 2104 Propst
1437 2035 1502 2084 uon
1526 2013 1659 2084 Leaero
1687 2013 1752 2084 doe
1771 2013 1878 2084 Reeht
1896 2013 1954 2084 des
1971 2012 2099 2083 Areli-

541 2115 685 2188 dlokona
711 2116 795 2188 ather
821 2117 877 2188 dle
905 2119 1037 2207 dorttpe
1062 2115 1198 2194 Klrehe.
1253 2117 1356 2191 1277
1384 2118 1574 2191 November
1600 2125 1629 2190 1.

178 2253 368 2337 Volquinus
392 2253 453 2318 Dei
477 2253 584 2336 gratia
606 2253 790 2318 Mindensis
814 2253 951 2318 ecclesie
975 2253 1099 2320 electus
1123 2255 1288 2320 universis
1312 2260 1500 2340 presentem
1524 2255 1683 2339 paginam
1705 2257 1907 2339 inspecturis
1934 2257 2099 2340 presentis

77 2361 140 2425 vite
174 2365 207 2425 et
242 2361 355 2425 future
390 2360 639 2424 successoribus
673 2360 855 2424 abundare.
918 2360 1083 2439 Quoniam
1122 2362 1279 2428 humanis
1318 2363 1487 2428 mentibus
1525 2364 1673 2447 parentis
1708 2361 1829 2445 digitus
1839 2362 1864 2444 1)
1899 2362 2099 2428 oblivionem

78 2467 254 2550 inscripsit,
289 2466 532 2530 venerabilium
563 2467 697 2549 patrum
725 2467 873 2531 decrevit
902 2466 1096 2544 authoritas,
1131 2470 1169 2532 ut
1190 2471 1265 2534 acta
1288 2469 1461 2534 hominum
1484 2470 1547 2534 sub
1571 2469 1703 2534 circulis
1726 2472 1917 2553 temporum
1940 2472 2032 2553 gesta
2055 2471 2099 2535 ad

78 2576 263 2640 futurorum
298 2574 494 2638 memoriam
528 2572 767 2656 scripturarum
802 2572 993 2637 testimonio
1028 2574 1237 2639 roborentur.
1284 2577 1398 2642 Sciant
1424 2576 1538 2660 itaque
1566 2578 1635 2640 tam
1665 2575 1768 2640 futuri
1791 2595 1891 2659 quam
1914 2579 2098 2660 presentes,

78 2682 164 2764 quod
197 2700 261 2744 nos
293 2679 532 2744 monasterium
563 2678 801 2744 venerabilium
836 2680 1136 2745 sanctimonialium
1170 2681 1205 2747 in
1237 2682 1366 2748 Levern
1399 2682 1524 2748 ordinis
1556 2682 1787 2747 cisterciensis
1810 2682 1854 2746 oh
1878 2683 2098 2749 reverentiam

77 2789 168 2852 beate
202 2786 308 2852 Marie
338 2785 476 2868 virginis
508 2785 644 2868 speciali
678 2785 852 2869 privilegio
887 2787 1067 2851 sublimare
1101 2787 1264 2870 cupimus,
1299 2789 1412 2854 favore
1422 2788 1450 2871 2)
1485 2790 1637 2854 attollere
1671 2809 1709 2853 ac
1732 2788 1903 2854 beneficiis
1926 2790 2095 2871 adiuvare,

79 2893 250 2976 presertim
276 2892 410 2956 cumin
434 2892 553 2956 decore
578 2893 697 2956 domus
721 2891 781 2957 Dei
805 2892 1005 2975 specialibus
1030 2893 1215 2976 prefulgeat
1237 2895 1388 2976 insigniis
1411 2895 1581 2961 virtutum.
1628 2895 1770 2960 Omnem
1793 2895 1893 2978 igitur
1915 2899 1984 2960 tam
2000 2896 2099 2979 spiri·

79 3001 195 3064 tualem
230 3018 334 3082 quam
370 2997 574 3081 corporalem
608 2998 782 3078 iusticiam,
817 3018 918 3080 quam
942 2999 1193 3064 archidiaconus
1222 3000 1258 3066 in
1282 3000 1441 3067 Lubbeke
1464 3003 1499 3067 in
1523 3003 1641 3068 eodem
1664 3001 1867 3066 monasterio
1891 3005 1926 3066 et
1949 3003 2099 3068 eiusdem

79 3105 232 3190 parochia
268 3106 432 3170 hactenus
467 3104 595 3184 habuit,
631 3105 673 3168 de
703 3104 871 3170 communi
899 3105 1035 3188 capituli
1063 3107 1166 3170 nostri
1190 3127 1357 3173 consensu
1380 3108 1563 3174 liberaliter
1586 3108 1676 3172 dicto
1700 3109 1864 3173 donamus
1887 3109 2098 3191 monasterio,

81 3213 176 3278 nichil
213 3213 357 3277 ulterius
395 3211 475 3275 iuris
515 3212 604 3276 dicto
643 3211 874 3276 archidiacono
913 3212 948 3276 in
981 3215 1164 3278 memorato
1198 3214 1401 3278 monasterio
1435 3217 1468 3278 et
1502 3215 1652 3280 eiusdem
1687 3215 1845 3298 parochia
1878 3216 2098 3281 reservantes.

82 3319 260 3384 Statuimus
295 3320 458 3400 preterea,
494 3319 532 3382 ut
553 3317 747 3402 quicunque
771 3319 837 3384 iarn
861 3319 938 3385 dicti
962 3319 1155 3384 monasterii
1190 3340 1251 3403 pro
1274 3323 1426 3403 tempore
1449 3324 1641 3404 prepositus
1666 3321 1765 3387 luerit
1788 3321 2041 3388 archidiaconus
2063 3325 2099 3389 in

82 3427 189 3490 eodem
220 3424 426 3490 monasterio
456 3430 490 3490 et
521 3423 689 3507 parochia.
737 3423 965 3490 Laudabiliter
992 3427 1042 3490 est
1069 3427 1292 3506 observatum,
1328 3429 1365 3491 ut
1392 3427 1445 3491 hic
1474 3428 1566 3492 loeus
1595 3427 1709 3492 divino
1740 3428 1844 3493 cultui
1872 3429 2004 3494 deditus
2032 3448 2100 3494 non

81 3534 227 3614 gravetur
252 3531 408 3613 expensis
432 3533 465 3594 et
489 3551 528 3594 eo
554 3531 664 3595 minus
688 3551 708 3594 a
730 3530 882 3613 personis
907 3530 1112 3596 secularibus
1136 3533 1375 3614 frequentetur.
1424 3533 1468 3597 Ut
1491 3536 1602 3598 autem
1625 3535 1687 3598 hec
1710 3537 1825 3600 nostra
1845 3535 1949 3600 libera
1965 3537 2100 3601 donatio

81 3640 148 3702 rata
170 3640 204 3702 et
227 3637 425 3703 inconvulsa
448 3641 652 3720 permaneat,
687 3639 879 3720 presentem
901 3639 1056 3722 paginam
1082 3638 1245 3705 conscribi
1269 3638 1406 3704 fecimus
1430 3641 1465 3703 et
1487 3639 1670 3721 sigillorum
1693 3643 1883 3706 nostrorum
1907 3644 1939 3706 et
1963 3643 2099 3725 capituli

82 3748 113 3808 et
134 3743 267 3808 maioris
291 3743 455 3827 prepositi
478 3743 546 3826 eti)
571 3743 796 3809 archidiaconi
819 3743 854 3807 in
880 3745 1039 3810 Lubbelre
1062 3746 1246 3811 munimine
1270 3745 1509 3810 roboravimus
1557 3745 1667 3811 Huius
1691 3747 1740 3810 rei
1762 3749 1866 3813 testes
1889 3751 1983 3813 sunt:
2019 3749 2099 3814 Otto

81 3851 266 3934 prepositus
290 3851 408 3930 maior,
444 3849 674 3934 Gerhardus4)
698 3851 854 3926 decanus,
890 3851 1036 3935 Wedego
1059 3853 1250 3935 prepositus
1273 3851 1380 3916 sancti
1403 3852 1546 3933 Martini,
1581 3851 1754 3919 Conradus
1777 3855 1969 3938 prepositus
1993 3857 2099 3921 saneti

82 3957 246 4039 lobannis,
275 3955 748 4039 volquinus⁵)sch01asticus‚
776 3956 910 4040 Annoss)
934 3960 1060 4038 cantor,
1090 3958 1263 4023 Arnoldus
1286 3958 1524 4038 thesaurarius,
1552 3957 1717 4024 londanus
1742 3961 1941 4040 cellerarius,
1976 3962 2099 4027 Ludol-

82 4064 162 4145 phus
186 4063 441 4129 archidiaconus
464 4063 499 4127 in
523 4063 624 4142 Osen,
648 4063 817 4128 lohannes
841 4064 1093 4129 archidiaconus
1116 4064 1149 4127 in
1174 4064 1277 4145 Lohe,
1301 4063 1415 4128 Bruno
1440 4064 1482 4128 de
1507 4065 1681 4146 Spenthof,
1710 4066 1933 4132 Godesealcus
1957 4068 1998 4131 de
2022 4067 2099 4132 Tef·

82 4167 155 4247 holt,
178 4171 338 4236 Albertus
363 4169 467 4250 Spric‚
491 4167 659 4235 lohannes
684 4170 725 4234 de
749 4170 937 4254 Rehborge,
963 4171 1153 4235 Gerhardus
1178 4171 1219 4234 de
1243 4169 1446 4250 Molendino,
1478 4171 1647 4237 Arnoldus
1671 4172 1840 4252 Gudeken,
1864 4173 2034 4238 lohannes
2057 4174 2099 4238 de

82 4275 276 4359 Sconeberg,
300 4275 517 4341 Bernhardus
542 4277 583 4340 de
606 4276 773 4359 Westorp,
803 4276 1000 4359 Ludolphus
1025 4277 1064 4341 de
1087 4277 1281 4358 Bardeleve,
1309 4276 1524 4342 Burchardus
1549 4278 1591 4342 de
1616 4277 1810 4364 Hastorpl),
1841 4279 1992 4344 canonici
2017 4279 2110 4344 Min-1

85 4381 207 4448 denses.
255 4383 377 4446 Actum
403 4402 491 4448 anno
516 4382 649 4447 Domini
673 4382 918 4462 MCCLXXVII,
942 4383 1110 4448 Kalendas
1133 4381 1339 4449 Novembris.

291 4505 313 4574 ¹)
333 4506 425 4575 ligitur
444 4503 473 4558 S.
513 4505 535 4574 ¹)
554 4506 652 4558 favoris
673 4505 702 4558 S.
741 4507 764 4576 8)
784 4511 811 4559 et
822 4507 896 4575 fehlt
914 4506 945 4562 S.
983 4506 1006 4576 ⁴)
1025 4507 1196 4559 Bornhardus
1216 4504 1246 4558 S.
1289 4505 1312 4574 ⁵)
1331 4505 1514 4559 Wedehindus
1535 4505 1564 4562 S.
1612 4506 1635 4575 8)
1656 4507 1790 4560 Arnoldus
1810 4506 1841 4563 S.
1889 4507 1911 4578 ¹)
1932 4507 1969 4560 So
1991 4506 2021 4572 S,
2049 4509 2102 4561 roal

395 4611 430 4646 aa
449 4595 533 4647 leaeo:
553 4595 705 4648 Gerhardus
725 4595 758 4648 de
778 4596 902 4663 Bastorp.

208 4699 304 4763 Noeh
326 4701 393 4764 dem
416 4703 645 4786 monqeldoflen
674 4703 749 4780 aad,
785 4705 842 4766 roae
865 4725 896 4767 ea
920 4702 1044 4779 cebant,
1081 4701 1297 4787 ldekmhaften
1318 4699 1429 4765 Druck
1456 4701 1715 4780 Sedla'ehthobera,
1751 4703 1925 4768 Miodiaede
1948 4703 2099 4768 Kirclaen·

288 4807 455 4891 peaetiehte
478 4805 540 4886 III,
568 4807 602 4873 S.
625 4807 692 4872 305
718 4806 783 4894 (S.)
807 4808 992 4874 wiederholt.
1038 4805 1106 4872 Der
1128 4809 1202 4874 Joh.
1227 4810 1268 4874 de
1290 4808 1467 4892 Rehborge
1500 4807 1584 4872 kann
1610 4807 1738 4873 ronam»
1760 4834 1788 4874 u.
1814 4809 2002 4896 Ridenbery
2035 4811 2101 4874 and

290 4913 369 4976 auch
410 4915 482 4980 Joh.
519 4916 560 4979 de
595 4915 758 4999 Rottorpe
793 4918 877 4989 eein3
916 4913 1020 4978 ederaeo
1058 4913 1178 4979 eteeken
1211 4915 1287 4978 noel
1321 4917 1356 4977 in
1391 4915 1550 4980 Gudeken
1583 4916 1650 4978 ond
1680 4916 1838 5000 Weslorp
1873 4915 1996 4994 Fabiae,
2031 4919 2101 4982 weil

289 5021 371 5084 dove
401 5033 486 5084 emeat
515 5022 601 5084 nield
623 5023 672 5084 ola
695 5021 874 5086 Domherrn
896 5021 1128 5084 nachzowee'een
1150 5023 1239 5096 sind·
1273 5025 1307 5085 in
1334 5021 1471 5086 Gudcke
1506 5020 1592 5084 donn
1617 5043 1692 5086 man
1718 5022 1800 5087 wohl
1826 5023 1948 5105 Gnigke
1975 5023 2100 5088 wieder·

288 5125 456 5206 erkennen3
480 5127 558 5190 uach
583 5129 637 5192 der
656 5126 870 5191 Archidialron
884 5149 943 5190 von
962 5125 1063 5191 Odaen
1085 5130 1128 5190 a'et
1148 5127 1235 5191 nicht
1256 5128 1367 5212 recht&
1391 5125 1571 5214 onqeqebetn
1599 5128 1642 5191 du
1664 5151 1717 5192 um
1739 5129 1821 5194 dirae
1839 5128 1910 5194 Zeit
1930 5128 2104 5194 Bemhord

288 5253 346 5295 ven
370 5231 517 5318 Rectorpe
540 5234 599 5296 doe
622 5232 700 5297 Amt
721 5234 857 5311 incedat,
881 5235 942 5317 aql.
967 5233 1046 5296 auch
1068 5233 1118 5296 dae
1148 5229 1326 5299 Varianten.
