5062 6776
459 402 526 468 344
1448 417 1515 471 1277

457 612 612 697 superius
647 615 698 677 est
731 613 927 695 pretectum.
974 610 1017 676 Et
1045 610 1088 676 ad
1115 609 1396 676 evidentissimam
1431 610 1531 676 buius
1565 609 1614 675 rei
1643 610 1876 678 certitudinem
1904 612 2049 695 sigillum
2079 617 2232 680 nostrum
2263 617 2462 697 presentibus

458 717 611 784 duximus
646 718 893 801 apponendum.
939 719 1062 782 Datum
1095 714 1131 781 in
1164 714 1273 798 vigilia
1307 717 1544 784 Pentheoostes
1576 735 1664 782 anno
1699 718 1831 784 Domini
1866 719 2043 788 millesimo
2076 720 2305 787 ducentesimo
2339 727 2461 804 septua-

455 825 778 992 geSlmOIiIZEIilmdtm
808 925 918 992 Druck
948 925 1167 1006 ,Wrirdtooes'na‚
1205 925 1298 992 Sub-s.
1328 927 1405 1012 dipl.
1437 923 1497 1005 XI,
1536 927 1569 994 S.
1601 927 1645 994 78
1674 927 1736 996 Nr.
1766 928 1812 994 56¹
1844 931 1931 1016 pedu.
1971 955 1997 997 o.
2030 929 2225 1018 Hodanberq,
2262 931 2367 1018 Ioner
2399 931 2465 1002 ΠΒ.

668 1033 766 1098 Abit.
789 1030 879 1116 VIII,
906 1030 1007 1136 ⁸⁴73
1030 1030 1090 1100 Nr.
1113 1031 1159 1097 99
1180 1035 1246 1098 und
1267 1032 1329 1098 Die
1348 1031 1477 1098 Didzeae
1499 1031 1634 1100 Brcmen
1653 1031 1679 1113 I,
1706 1033 1740 1100 S.
1763 1034 1837 1102 143.
1884 1035 1997 1122 Repeat
2021 1037 2097 1102 Mac.
2121 1035 2167 1116 II,
2194 1035 2297 1114 1890,
2321 1035 2381 1100 Nr.
2398 1037 2464 1106 450.

669 1141 906 1225 Oldendborpe
928 1143 972 1204 im
994 1138 1169 1225 Ktrctspiet
1191 1139 1439 1224 Meltinqtoucen
1461 1142 1503 1203 iat
1528 1137 1704 1221 Ottendors
1720 1141 1757 1206 0.
1785 1141 1944 1228 Suliopen.

1411 1319 1524 1398 1094.

454 1448 652 1520 lllrwdldter
671 1447 819 1518 Kourod
838 1446 909 1518 aad
930 1445 1067 1536 Kopitel
1085 1447 1123 1516 tn
1143 1444 1340 1518 Oanobrr'iclr
1366 1445 1439 1517 und
1466 1446 1562 1535 Graj
1583 1447 1658 1519 Otto
1675 1469 1739 1518 von
1758 1449 1976 1540 Rovcasbcrp
2003 1451 2137 1540 eintpca
2161 1450 2236 1522 sicle
2254 1450 2339 1522 ather
2357 1451 2468 1522 dassen

822 1552 1083 1624 Marmarata
1108 1551 1182 1623 aad
1207 1553 1272 1622 dor
1302 1550 1482 1640 Gopericlrt
1508 1553 1546 1623 in
1581 1553 1766 1630 Versmold.
1822 1554 1924 1627 1277
1952 1557 2034 1627 Mat
2061 1558 2114 1631 31.

562 1672 633 1737 Nos
658 1671 822 1737 Ludierus
846 1670 1046 1754 prepositus,
1081 1669 1309 1734 Bertrammus
1333 1668 1481 1734 decanus
1503 1673 1677 1754 totumque
1700 1672 1881 1754 capitulum
1905 1673 2042 1740 ecclesie
2066 1674 2337 1758 osnaburgensis
2361 1678 2464 1740 notum

455 1778 605 1858 facimus
639 1778 731 1860 quod
759 1781 833 1842 orta
861 1778 1001 1842 matoria
1028 1776 1191 1840 discordie
1219 1774 1307 1839 inter
1330 1775 1557 1841 venerabilem
1579 1781 1710 1858 patrem
1732 1782 1893 1861 nostrum,
1928 1780 2098 1845 dominum
2122 1780 2319 1845 Conradum
2343 1781 2465 1844 ecclesie

455 1883 723 1967 Osnaburgensis
747 1883 889 1948 electum
913 1903 951 1948 ex
976 1885 1071 1965 parte
1095 1901 1171 1960 una,
1195 1884 1229 1946 et
1251 1881 1399 1947 nobilem
1422 1882 1531 1946 virum
1555 1882 1727 1948 dominum
1751 1884 1910 1950 Ottouem
1933 1886 2090 1952 comitem
2113 1887 2155 1951 de
2172 1887 2408 1969 Ravensberge
2430 1907 2464 1950 er

455 1990 558 2056 altera
581 2009 683 2072 super
706 1989 906 2072 quibusdam
928 1989 1057 2053 iuribus
1080 1989 1115 2052 in
1131 1988 1265 2052 marcha
1281 1988 1462 2068 Versmele‚
1486 1989 1604 2054 comite
1620 1992 1789 2055 asserente
1805 1990 1888 2072 iura,
1913 2012 1978 2074 que
1995 1991 2058 2056 hiis
2074 1993 2268 2059 nominibus
2300 1992 2466 2075 vulgariter

454 2099 698 2178 nuncupantur,
733 2095 886 2160 videlicet
910 2095 1021 2160 omnia
1044 2095 1132 2176 ligna
1153 2094 1369 2174 infructuosa,
1405 2115 1471 2178 que
1495 2096 1710 2178 uubaragticb
1733 2097 1806 2161 holt
1827 2101 1998 2178 vocantur,
2021 2098 2236 2177 warandyam
2260 2100 2295 2164 in
2320 2100 2463 2180 scutellis,

455 2221 521 2285 que
556 2203 746 2268 scotelware
781 2201 911 2282 dicitur,
945 2202 1158 2279 warandyam
1181 2200 1473 2283 cementariorum,
1506 2201 1564 2285 qui
1587 2202 1800 2268 kalcbernere
1822 2205 1990 2285 vocantur,
2025 2205 2237 2287 warandyam
2260 2206 2298 2269 in
2321 2206 2463 2270 omnibus

454 2309 557 2374 labris
591 2309 809 2393 palustribus,
845 2308 901 2391 qui
924 2309 1134 2373 brocsmethe
1156 2312 1325 2388 vocantur,
1360 2310 1572 2392 warandyam
1596 2328 1720 2388 eornm,
1756 2309 1813 2392 qui
1837 2310 1993 2375 dicuntur
2016 2310 2242 2392 kolebemem,
2282 2311 2360 2376 item
2384 2313 2466 2375 extra

456 2416 674 2496 venditorum,
709 2435 774 2498 que
796 2415 957 2498 utselinge
980 2417 1152 2495 vocantur,
1186 2415 1267 2478 item
1291 2433 1406 2480 omnes
1430 2413 1679 2496 occupationes,
1714 2435 1779 2496 que
1802 2415 1986 2499 besettinge
2009 2419 2171 2481 vocantur
2200 2421 2234 2482 et
2259 2417 2372 2482 omnia
2393 2415 2463 2487 iura.

455 2541 520 2604 que
549 2521 738 2587 huiusmodi
774 2523 909 2586 marcha
940 2522 1129 2604 supradicta
1152 2519 1325 2585 consuevit
1351 2520 1475 2585 habere
1500 2521 1542 2586 ad
1565 2520 1675 2602 ipsum
1698 2521 1898 2586 hereditario
1921 2522 1995 2587 iure
2018 2523 2187 2606 pertinere
2210 2540 2248 2586 ac
2274 2523 2415 2587 eundem
2437 2525 2463 2584 et

456 2647 536 2693 suos
559 2628 784 2711 progenitores
808 2647 916 2709 usque
941 2647 1028 2691 nunc
1052 2627 1165 2709 quiete
1189 2629 1223 2690 et
1245 2625 1383 2707 pacifice
1406 2626 1606 2712 possedisse,
1630 2627 1731 2692 nichil
1747 2627 1827 2691 iuris
1844 2647 2083 2711 recognoscens
2100 2629 2189 2693 dioto
2206 2629 2346 2693 domino
2362 2631 2462 2692 nostro

456 2733 561 2799 electo
585 2737 618 2798 et
640 2733 777 2799 ecclesie
801 2733 1060 2816 Osnaburgensi,
1083 2731 1146 2796 nisi
1172 2735 1305 2796 centum
1329 2751 1506 2814 porcorum
1529 2736 1674 2815 pastum,
1698 2733 1756 2816 qui
1779 2753 1799 2798 a
1821 2734 1925 2798 nobili
1948 2734 2019 2799 viro
2044 2735 2185 2800 Ludolfo
2209 2735 2250 2820 de
2278 2734 2465 2799 stenvordia

454 2841 625 2923 quondam
646 2840 754 2906 luerat
777 2842 997 2922 comparatus,
1020 2841 1055 2903 et
1077 2842 1210 2921 pastum
1233 2838 1367 2920 triginta
1394 2856 1572 2921 porcorum
1597 2840 1638 2903 de
1661 2858 1775 2904 manso
1799 2839 1972 2904 Locseten.
2010 2840 2151 2923 Insuper
2166 2841 2363 2922 recognovit
2379 2840 2464 2904 eiius

455 2946 647 3012 succidendi
681 2946 779 3029 ligna,
815 2966 880 3028 que
904 2947 944 3010 ad
968 2945 1216 3010 edificationem
1242 2947 1275 3009 et
1298 2943 1545 3027 reparationem
1569 2945 1670 3010 castri
1693 2948 1727 3009 et
1750 2947 1922 3010 domorum
1946 2946 2162 3012 castrensium
2193 2946 2229 3011 in
2252 2940 2370 3029 Ybfirg
2390 2947 2463 3010 intra

456 3056 600 3117 castrum
634 3054 834 3118 morantium
869 3051 1056 3117 necessaria
1086 3051 1157 3118 fore
1189 3051 1421 3115 dinoscuntur.
1468 3051 1582 3115 Dictus
1606 3053 1717 3116 autem
1741 3052 1895 3116 dominus
1924 3056 2038 3117 noster
2065 3052 2190 3118 electus
2213 3053 2248 3116 in
2274 3053 2463 3119 contrarium

456 3158 597 3240 dicebat,
633 3159 725 3241 quod
758 3179 826 3223 non
862 3159 1019 3234 crederet,
1054 3157 1142 3222 dicta
1171 3157 1242 3221 iura
1275 3157 1317 3220 ad
1342 3157 1452 3238 ipsum
1475 3157 1628 3220 comitem
1652 3156 1856 3240 integraliter
1878 3158 2056 3239 pertinere.
2103 3157 2177 3235 Que
2199 3159 2370 3226 discordia
2390 3159 2464 3221 inter

456 3264 580 3330 dictum
604 3265 773 3330 dominum
797 3267 947 3331 nostrum
971 3264 1114 3329 electum
1137 3266 1171 3327 et
1193 3263 1349 3327 comitem
1376 3262 1543 3344 prefatum
1567 3263 1608 3326 de
1631 3282 1795 3328 consensu
1818 3263 1924 3346 ipsius
1948 3263 2074 3328 domini
2098 3265 2203 3329 nostri
2226 3265 2337 3344 electi,
2364 3267 2464 3328 nostro

455 3374 489 3436 et
517 3371 783 3436 ministerialium
813 3371 1120 3453 Osnaburgensium
1155 3371 1190 3434 in
1219 3370 1309 3433 hunc
1340 3369 1476 3434 modum
1510 3368 1567 3451 qui
1598 3369 1749 3451 sequitur
1777 3372 1827 3434 est
1849 3369 1976 3452 sopita:
2012 3370 2050 3433 ln
2074 3373 2149 3434 octo
2173 3370 2297 3436 milites
2323 3391 2362 3436 er
2384 3369 2465 3453 porte

456 3479 597 3559 utraque
626 3477 732 3542 extitit
761 3477 969 3557 arbitratum,
1004 3497 1045 3541 ex
1068 3475 1189 3558 quibus
1212 3477 1298 3555 oct0,
1334 3475 1392 3557 qui
1416 3475 1561 3556 quatuor
1584 3494 1684 3559 super
1707 3477 1849 3558 optentu
1871 3476 1952 3541 iuris
1976 3477 2027 3540 sui
2051 3476 2176 3541 domini
2202 3477 2378 3542 veritatem
2400 3493 2466 3557 pre-

455 3583 618 3648 dictorum
638 3583 747 3648 iurare
762 3584 896 3664 vellent,
921 3584 1011 3666 quod
1034 3601 1149 3646 eorum
1172 3581 1327 3645 standum
1355 3579 1439 3646 foret
1461 3580 1664 3660 iurament03
1687 3581 1790 3646 etsie
1813 3581 1879 3645 illis
1903 3584 2045 3665 quatuor
2062 3602 2102 3646 ex
2117 3586 2212 3664 parte
2228 3582 2357 3648 domini
2373 3580 2464 3644 nostri

455 3689 551 3754 electi
586 3690 694 3753 iurare
730 3690 935 3768 nolentibus,
972 3689 1031 3752 sed
1054 3687 1127 3751 aliis
1151 3689 1295 3770 quatuor
1317 3686 1544 3751 iuramentum
1569 3685 1794 3752 deferentibus
1823 3707 1864 3750 ex
1887 3689 1980 3770 parte
2003 3687 2109 3769 ipsius
2135 3687 2274 3764 comitis,
2311 3687 2466 3752 lohannes

456 3794 497 3860 de
520 3794 661 3864 Busche.
697 3794 890 3860 Reinfn’dus
913 3794 1014 3859 frater
1036 3813 1127 3874 suus,
1162 3791 1370 3874 Regenbode
1399 3790 1471 3876 Top
1495 3794 1529 3856 et
1552 3791 1713 3860 Ludolfus
1737 3792 1852 3876 Nagel,
1886 3792 2019 3874 milites
2054 3793 2089 3856 in
2111 3793 2194 3858 facie
2224 3794 2366 3859 ecclesie
2389 3793 2466 3856 iura·

455 3903 585 3982 verunt,
620 3900 711 3984 quod
745 3900 859 3965 omnia
891 3900 964 3964 iura
998 3901 1034 3964 in
1061 3899 1148 3964 dicta
1177 3897 1312 3962 marcha
1343 3917 1383 3962 ex
1410 3901 1507 3979 parte
1537 3897 1665 3963 comitis
1689 3898 1842 3982 superius
1866 3918 2023 3981 expressa
2045 3900 2088 3964 ad
2111 3899 2236 3964 dictum
2259 3899 2412 3964 comitem
2433 3915 2466 3958 ex

454 4005 593 4088 antiquo
617 4006 850 4090 pertinuerunt
873 4009 906 4070 et
929 4005 1108 4088 pertinent,
1132 4007 1165 4069 et
1187 4004 1229 4069 ad
1253 4003 1377 4068 dictum
1407 4002 1580 4068 dominum
1603 4005 1755 4068 nostrum
1778 4003 1919 4069 electum
1942 4008 1976 4069 et
1998 4005 2040 4068 ad
2059 4024 2153 4070 suam
2179 4006 2355 4070 ecclesiam
2377 4000 2466 4066 nichil

455 4111 598 4194 amplius
622 4112 788 4194 pertinere
811 4131 912 4195 quam
936 4111 1081 4192 caium,
1114 4129 1181 4193 que
1204 4109 1359 4192 superius
1386 4115 1465 4174 sunt
1490 4112 1639 4191 excepta,
1663 4109 1754 4175 salvo
1775 4112 1889 4176 tamen
1912 4110 1983 4176 iure
2008 4111 2155 4176 omnium
2177 4130 2307 4190 eorum,
2331 4111 2388 4193 qui
2404 4106 2467 4172 vul-

455 4215 576 4300 gariter
610 4237 750 4282 ervereu
786 4219 818 4282 et
852 4197 1086 4282 marchenoten
1120 4218 1291 4296 vocantur,
1326 4213 1383 4296 qui
1415 4213 1490 4280 iura
1520 4235 1581 4279 sua
1612 4217 1647 4280 in
1676 4217 1765 4281 dicta
1794 4216 1930 4280 marcha
1960 4216 2098 4300 pacifice
2122 4217 2358 4298 possidebunt,
2391 4213 2467 4278 sicut

325 4363 329 4371 ·
455 4324 617 4388 hactenus
640 4323 870 4406 possederunt.
918 4322 1072 4388 Ceterum
1095 4341 1196 4404 super
1218 4321 1428 4386 dissensione
1451 4320 1691 4388 iurisdictionis
1700 4321 1734 4403 1),
1766 4342 1832 4405 que
1848 4322 2036 4405 gogericbte
2060 4326 2211 4402 vocatur,
2235 4321 2282 4386 sic
2299 4326 2352 4387 est
2368 4323 2466 4386 deter-

455 4428 628 4510 minatum,
662 4429 753 4511 quod
781 4429 963 4494 secundum
998 4428 1219 4492 iuramentum
1244 4428 1387 4509 quatuor
1412 4426 1556 4492 militum
1579 4429 1802 4511 predictorum
1835 4427 2063 4493 vadimonium
2097 4428 2245 4511 quinque
2280 4429 2465 4502 solidorum,

456 4535 546 4618 quod
569 4535 611 4599 ad
635 4535 758 4599 dictmn
781 4534 934 4600 iuditium
955 4536 1051 4599 tarde
1081 4533 1302 4614 venientibus
1340 4531 1398 4615 qui
1421 4532 1600 4615 vulgariter
1629 4535 1817 4600 latekomen
1841 4536 2013 4611 vocantur,
2049 4533 2111 4600 luit
2138 4533 2335 4616 impositum
2362 4532 2467 4596 minus

456 4641 559 4715 iuste,
594 4659 652 4705 sex
687 4639 840 4705 denarios
874 4659 943 4706 non
977 4641 1129 4720 excedat,
1163 4639 1242 4704 item
1277 4637 1504 4704 vadimonium
1537 4640 1685 4722 quinque
1720 4639 1919 4720 solidorum,
1958 4641 2049 4722 quod
2082 4639 2204 4704 iniuste
2236 4639 2466 4722 imponebatur

456 4750 648 4829 corruptam
682 4746 883 4813 dictantibus
917 4747 1132 4828 sentenciam,
1167 4745 1317 4810 similiter
1346 4765 1404 4812 sex
1434 4745 1588 4811 denarios
1619 4764 1687 4810 non
1717 4745 1865 4810 excedat.
1919 4745 2001 4810 Item
2033 4746 2234 4828 quicumque
2264 4743 2465 4828 proscriptus

456 4873 532 4918 cum
555 4852 741 4918 restituitur
763 4852 828 4918 iuri
850 4873 912 4918 suo
945 4871 1012 4916 non
1035 4852 1111 4935 plus
1134 4853 1227 4916 dabit
1260 4870 1362 4933 quam
1384 4851 1539 4926 solidum,
1575 4849 1633 4933 qui
1655 4854 1794 4916 vocatur
1826 4851 2104 4934 vrethesclrilling.
2150 4851 2192 4915 Et
2214 4852 2277 4916 buc
2299 4851 2374 4916 iura
2396 4867 2465 4932 pre·

456 4959 547 5025 dicta
575 4979 650 5027 curn
673 4959 827 5025 omnibus
850 4958 980 5024 iuribus
1005 4958 1047 5022 ad
1071 4958 1192 5023 dictam
1214 4956 1520 5039 iurisdictionem2),
1546 4977 1613 5040 que
1636 4957 1823 5039 gogerichte
1844 4959 1991 5039 vocabu,
2016 4957 2183 5022 communi
2205 4956 2279 5022 iure
2301 4955 2464 5039 pertineo·

455 5066 556 5148 tibus,
590 5070 690 5152 prout
713 5085 753 5131 ea
775 5065 940 5133 Rodollus
964 5063 1005 5129 de
1029 5064 1144 5128 Haren
1166 5063 1261 5128 miles
1284 5061 1421 5145 pacifice
1444 5063 1614 5146 quondam
1638 5065 1833 5146 possederat
1856 5067 1888 5128 et
1911 5063 2035 5146 quiete,
2065 5064 2155 5129 idem
2178 5062 2332 5129 dominus
2358 5063 2464 5126 noster

456 5173 583 5238 electus
605 5173 669 5256 ipsi
693 5171 804 5237 comiti
829 5174 861 5236 et
884 5171 953 5236 suis
977 5168 1119 5234 subditis
1141 5171 1303 5251 perpetuo
1326 5167 1563 5234 inviolabiliter
1586 5169 1783 5236 observabit.
1830 5167 1903 5246 Que
1925 5168 2038 5234 omnia
2061 5168 2251 5251 supradicta
2279 5165 2463 5249 sepedictus

456 5279 609 5346 dominus
644 5280 758 5344 noster
780 5277 905 5343 electus
929 5276 1107 5342 admittens
1130 5274 1254 5358 pariter
1276 5278 1311 5340 et
1328 5277 1510 5358 acceptans
1545 5274 1643 5340 uobis
1665 5273 1876 5358 presentibus
1900 5277 1933 5338 et
1955 5274 2240 5340 consentientibus
2262 5268 2462 5355 approbavit,

454 5385 579 5468 quibus
603 5404 662 5450 nos
685 5385 721 5449 in
742 5383 1019 5467 protestationem
1041 5381 1225 5448 eorundem
1248 5382 1401 5447 nostrum
1425 5379 1567 5464 sigillrun
1590 5381 1746 5446 duximus
1770 5380 2017 5464 apponendum.
2063 5380 2147 5446 Acta
2168 5381 2248 5446 suut
2277 5379 2340 5444 hec
2360 5372 2462 5460 pridie
