5022 6778
1012 477 1081 534 1298

998 675 1116 755 1608.

61 806 226 884 Dominus
254 803 294 894 (J
296 801 476 895 ohannes)
505 802 552 874 de
580 799 842 898 Sconenberge
874 801 1076 874 canonicus
1103 801 1313 874 Mindensis
1349 801 1502 875 ecclesie
1537 804 1650 892 Zeope
1685 805 1780 875 einer
1815 803 1976 875 Urlcuude
2008 804 2069 876 des

261 911 393 998 Grafcn
421 909 561 982 Johooa
589 931 653 981 ooo
679 909 799 980 Rodcu
828 908 891 997 frtr
920 909 977 979 Kl.
1009 909 1294 980 Morienwerder.
1349 909 1551 998 Ricldiupcu
1580 909 1681 980 1298
1707 909 1794 981 Juni
1822 912 1855 984 4.

176 1029 230 1095 Or.
264 1031 309 1092 im
339 1027 412 1113 Kpl.
445 1025 547 1094 Sc-A.
582 1049 622 1090 zu
652 1024 828 1105 Hannooer,
864 1026 1106 1092 Mortcnwerder
1142 1024 1202 1091 Nr.
1231 1024 1292 1102 685
1333 1024 1437 1111 Stepel
1469 1027 1614 1093 oerloren.
1662 1025 1757 1092 Gedr.
1792 1027 1874 1090 nacla
1908 1026 1976 1091 ἀαη
2010 1024 2066 1092 Or.

254 1159 280 1201 v.
304 1133 499 1220 Hodenterp,
527 1130 728 1218 Calenbcrqer
755 1130 828 1198 ΠΒ.
854 1131 950 1198 Atell.
982 1128 1036 1210 Vl,
1059 1130 1092 1197 S.
1115 1130 1159 1198 57
1182 1129 1242 1197 Nr.
1267 1131 1320 1198 85.

1001 1296 1119 1373 1609.

60 1428 120 1500 Die
145 1425 312 1498 maome
340 1425 403 1495 der
430 1423 531 1496 §todi
560 1424 711 1495 Mindon
738 1421 1382 1602 66106666Ῐέ108Βὲὶίίαπῃβιεὴνενθν
1410 1422 1605 1494 Memoriam
1632 1424 1670 1492 io
1698 1422 1760 1493 der
1788 1422 2067 1494 Sinreonsloirclre.

962 1534 985 1601 9
1066 1531 1128 1600 orzi
1157 1535 1178 1600 1
1208 1585 1214 1599 .

154 1649 314 1715 Omnibus
337 1650 401 1712 hoc
424 1647 584 1730 scriptum
608 1647 728 1712 visuris
753 1647 918 1712 Henricus
934 1649 1045 1728 Vogel,
1068 1648 1282 1712 Alebrandus
1303 1648 1344 1712 de
1362 1646 1510 1728 Letelen,
1535 1649 1704 1713 lohannes
1721 1647 1871 1728 Giseleri,
1896 1647 2069 1712 Helmieus

58 1759 93 1821 de
114 1756 274 1834 llintelen,
304 1753 475 1818 Arnoldus
498 1756 540 1819 de
563 1755 660 1834 Rivo,
690 1753 860 1820 lohannes
884 1753 999 1830 Cruse,
1034 1755 1204 1819 lohannes
1228 1755 1270 1818 de
1293 1753 1493 1834 Stochusen‚
1526 1755 1749 1831 ltleynhardus
1773 1755 1815 1818 de
1838 1753 2068 1833 Wederbleke,

59 1861 234 1945 lleynoldus
259 1860 431 1943 Stephani,
469 1859 640 1926 Gotfridus
671 1861 712 1925 de
739 1860 836 1940 Rivo,
872 1859 1058 1944 Volquinus
1086 1862 1128 1925 de
1152 1861 1265 1935 Haste,
1300 1859 1514 1924 Burchardus
1543 1859 1657 1937 Cruse,
1690 1861 1843 1925 consules
1866 1860 2068 1940 Mindenses,

57 1969 184 2033 salutem
206 1969 241 2032 in
265 1967 417 2031 Domino.
466 1966 643 2043 Noveritis,
674 1967 764 2049 quod
788 1966 964 2030 Gertrudis
988 1966 1029 2030 de
1052 1966 1194 2031 Brincke
1216 1967 1317 2030 vidua
1341 1965 1486 2029 concivis
1515 1969 1630 2030 nostra
1652 1966 1693 2029 de
1718 1967 1818 2031 domo
1841 1985 1912 2047 sua,
1943 1966 1978 2030 in
2002 1987 2069 2049 qua

58 2077 167 2155 manet,
191 2075 231 2139 de
256 2093 421 2138 consensu
445 2075 559 2138 nostro
583 2072 694 2136 taliter
717 2072 882 2155 disposuit
906 2073 938 2135 et
961 2071 1137 2152 ordinavit,
1173 2073 1262 2153 quod
1287 2072 1406 2136 eadem
1429 2073 1548 2135 domus
1575 2075 1653 2154 post
1677 2075 1816 2137 mortem
1839 2071 1944 2156 ipsius
1968 2073 2068 2138 vidue

59 2181 95 2243 ad
116 2179 283 2244 ecclesiam
306 2179 413 2244 sancti
429 2179 607 2256 Symeonis
629 2181 793 2261 perpetuo
816 2177 1007 2260 pertinebit,
1031 2197 1134 2260 quam
1158 2179 1295 2242 domum
1319 2179 1543 2261 provisores¹)
1568 2179 1706 2242 ecclesie
1729 2183 1807 2260 post
1829 2182 1972 2244 mortem
1997 2181 2069 2244 eius

56 2287 253 2368 usurpabunt
282 2288 317 2349 et
347 2285 476 2349 dabunt
507 2285 548 2349 de
577 2303 616 2349 ea
644 2283 816 2348 annuatim
852 2286 995 2366 quatuor
1024 2284 1148 2350 solidos
1176 2284 1218 2348 ad
1241 2285 1511 2366 ‚comparandum
1543 2287 1658 2350 vinum
1688 2287 1721 2350 et
1744 2285 1910 2370 oblatasl)
1933 2285 2068 2350 ibidem.

56 2391 211 2456 Sacerdoti
246 2411 337 2470 vero,
369 2391 427 2475 qui
450 2410 512 2472 pro
536 2393 687 2471 tempore
711 2392 824 2472 preest
847 2390 985 2454 ecclesie
1009 2389 1043 2453 in
1067 2390 1198 2462 divinis,
1230 2391 1359 2455 dabunt
1383 2390 1557 2455 duodecim
1582 2390 1709 2456 vicibus
1733 2391 1956 2475 infrascriptis
1987 2410 2069 2474 qua-

55 2496 125 2562 libet
150 2497 217 2561 vice
250 2517 307 2561 sex
332 2497 485 2562 denarios
510 2498 544 2560 et
566 2515 628 2578 pro
651 2516 691 2560 eo
715 2497 870 2560 sacerdos
894 2499 1030 2578 peraget
1053 2496 1250 2562 festivitates
1275 2500 1307 2560 et
1332 2497 1509 2562 memorias
1534 2517 1600 2580 que
1624 2500 1792 2561 secuntur.
1839 2498 1910 2562 Hec
1933 2499 2069 2580 quidem

55 2607 124 2666 sunt
145 2603 353 2669 testivitates:
391 2605 506 2668 octava
529 2601 780 2684 purificationis,
816 2605 932 2667 octava
956 2602 1233 2682 annunciationis,
1269 2605 1350 2666 tnnc
1374 2603 1564 2667 cantabitur
1588 2603 1775 2684 antiphona
1808 2603 1878 2668 Hec
1903 2606 1955 2668 est
1977 2605 2068 2684 dies;

55 2711 159 2773 octava
181 2709 428 2792 assumptionis,
453 2714 571 2774 octava
594 2708 776 2773 nativitatis
800 2709 897 2773 beate
919 2708 1065 2791 virginis,
1090 2711 1212 2774 festum
1228 2711 1342 2773 sancte
1359 2708 1527 2788 trinitatis
1553 2709 1670 2773 divisio
1688 2709 1927 2791 apostolorum,
1951 2711 2069 2774 octava
2112 2771 2115 2778 ,

54 2815 186 2879 omnium
212 2818 415 2894 sanctorum,
447 2835 532 2897 quas
557 2817 692 2879 octavas
715 2815 800 2879 sicut
822 2814 894 2878 dies
917 2818 1060 2894 sanctos,
1084 2833 1226 2896 quorum
1250 2819 1330 2879 sunt
1354 2817 1482 2890 octave,
1506 2815 1662 2880 sacerdos
1686 2819 1821 2897 peraget
1844 2814 1961 2882 officiis
1985 2817 2068 2881 divi-

54 2939 167 2986 norum.
213 2921 373 2986 Memoris
396 2940 486 3001 ver0,
511 2939 593 3002 quas
618 2925 765 3002 peraget,
789 2923 868 2985 sunt
891 2921 966 2984 hec:
991 2921 1150 2985 memoria
1167 2921 1317 2985 omnium
1333 2920 1483 2985 fidelium
1501 2920 1688 2985 animarum
1703 2921 1738 2985 in
1754 2923 1901 2986 crastino
1918 2923 2068 2987 omnium

54 3029 241 3108 sanctorum,
276 3027 433 3092 memoria
454 3027 617 3091 lohannis
641 3028 683 3091 de
705 3026 845 3091 Brineke
873 3027 1042 3108 quondam
1070 3028 1176 3108 patris
1211 3027 1361 3110 predicte
1389 3027 1488 3091 vidue
1516 3028 1550 3092 in
1579 3027 1633 3092 die
1663 3030 1853 3092 sanctorum
1878 3028 2067 3094 Thimothei

53 3134 81 3195 et
102 3133 342 3216 symphoriani,
366 3135 526 3198 memoria
551 3133 741 3215 ..quondam
765 3133 877 3198 uxoris
902 3133 1020 3197 suein
1044 3133 1188 3197 crastino
1213 3135 1318 3198 sancti
1335 3133 1503 3216 Gorgonii,
1528 3134 1688 3198 memoria
1703 3133 1864 3199 iohannis
1880 3134 2068 3200 Welderinc

53 3236 83 3301 in
109 3239 212 3321 vigilia
245 3240 471 3305 conversionis
501 3239 608 3304 saneti
636 3239 732 3304 Pauli
761 3241 794 3303 et
822 3239 981 3303 memoria
1009 3240 1200 3322 supradicte
1229 3240 1329 3304 vidue
1360 3259 1437 3304 curn
1464 3240 1537 3322 ipsa
1569 3240 1698 3305 obierit.
1759 3239 1842 3305 Item
1877 3240 2065 3324 provisores

53 3344 169 3411 dabunt
192 3346 330 3429 singulis
354 3347 450 3410 annis
475 3347 516 3410 de
540 3347 656 3410 eadem
679 3346 778 3411 domo
802 3345 974 3409 candelam
999 3347 1142 3410 duorum
1166 3347 1370 3411 talentorum
1392 3366 1476 3422 cere,
1501 3365 1566 3427 que
1590 3347 1790 3411 accendetur
1814 3367 1874 3430 per
1891 3367 2015 3412 annum
2032 3347 2067 3412 in

52 3450 221 3517 elevatione
250 3456 367 3517 sancte
394 3454 523 3531 hostie;
557 3451 592 3516 in
615 3471 794 3533 parasceve
819 3452 990 3516 candelam
1013 3453 1164 3516 similiter
1189 3453 1329 3516 duorum
1354 3452 1555 3516 talentorum
1583 3453 1675 3516 iuxta
1698 3454 1911 3535 sepulchrum
1935 3456 1969 3518 et
1991 3473 2068 3519 can-

52 3555 148 3621 delam
182 3560 282 3624 unius
316 3559 443 3640 talenti,
478 3579 544 3641 que
575 3559 704 3623 ardebit
734 3558 820 3623 inira
853 3559 1028 3622 missarum
1060 3558 1259 3642 sollempnia
1289 3557 1323 3622 in
1347 3557 1584 3622 festivitatibus
1609 3562 1642 3623 et
1663 3559 1832 3624 memoriis
1856 3559 2066 3643 supradictis.

52 3660 262 3744 Campanario
298 3666 397 3730 etiam
427 3665 555 3729 dabunt
584 3663 739 3742 solidum,
774 3664 863 3745 quod
895 3665 1007 3746 pulset
1035 3665 1263 3746 sollempniter
1289 3684 1350 3747 per·
1374 3664 1570 3728 festivitates
1603 3667 1636 3728 et
1663 3665 1840 3730 memorias
1869 3665 2066 3748 sepedictus.

51 3768 205 3852 Quicquid
241 3793 320 3836 vero
356 3772 525 3835 residuum
562 3770 661 3835 suerit
696 3770 731 3832 in
762 3791 842 3835 usus
881 3772 1019 3836 ecclesie
1055 3773 1276 3835 convertetur.
1336 3771 1513 3835 Adiectum
1549 3776 1600 3835 est
1633 3772 1743 3848 etiam,
1775 3771 1866 3853 quod
1896 3771 2067 3836 servitium

50 3879 152 3939 nostre
186 3877 314 3943 civitati
350 3877 498 3941 debitum
534 3879 574 3941 de
610 3879 726 3941 eadem
761 3878 859 3940 domo
894 3876 1083 3942 nullatenus
1118 3877 1346 3942 subtrahetur.
1394 3877 1433 3940 In
1466 3897 1606 3960 quorum
1633 3879 1783 3942 omnium
1813 3877 2007 3942 memoriam
2034 3880 2068 3943 et

51 3982 211 4046 munimen
246 4003 384 4067 presens
413 3984 573 4066 scriptum
602 3984 680 4047 inde
710 3983 896 4047 contectum
926 3982 1033 4064 sigillo
1064 3989 1178 4048 nostre
1209 3983 1353 4047 civitatis
1384 3982 1523 4047 fecimus
1551 3983 1758 4048 communiri.
1806 3985 1927 4048 Datum
1951 3983 1986 4046 in
2011 3983 2065 4048 die

48 4083 191 4152 Barnabe
216 4090 362 4171 apostoli
385 4109 474 4153 anno
497 4089 630 4152 Domini
654 4088 827 4152 millesimo
851 4088 1080 4153 ducentesimo
1104 4089 1318 4169 nonagesimo
1342 4095 1472 4154 octavo.

254 4195 276 4263 ¹)
296 4197 445 4263 provisores
464 4195 515 4262 aus
531 4194 621 4246 Haeur
639 4194 846 4262 nochpetrnpen.
885 4195 905 4259 ²)
924 4195 984 4248 ον,.·
1003 4195 1114 4245 ablatos.

174 4280 227 4347 Or.
253 4286 298 4344 im
320 4282 392 4369 qu.
421 4281 524 4348 sc-A.
548 4305 587 4345 zu
611 4283 760 4360 diameter,
788 4281 901 4366 Depos.
927 4282 981 4346 der
1006 4279 1098 4345 Stodo
1123 4283 1249 4345 illiadem
1273 4280 1334 4346 Nr.
1358 4281 1412 4348 20.
1459 4285 1512 4346 An
1535 4282 1852 4368 Perpomeotstreiten
1875 4285 1933 4347 dae
1959 4283 2066 4349 Stadt·

251 4390 346 4472 siepet
367 4392 402 4452 in
424 4393 559 4452 ueissem
591 4386 711 4452 Wache.
762 4386 856 4452 Gedr.
890 4385 993 4468 Weatf.
1019 4387 1243 4454 Proetiae-BH.
1269 4387 1295 4467 I,
1321 4389 1399 4469 Hesi
1420 4389 1443 4451 2
1468 4389 1503 4454 S.
1526 4389 1578 4456 21.

996 4569 1108 4646 1610.

44 4691 106 4762 Dio
133 4695 430 4785 Precliperlsldster
457 4697 494 4766 in
514 4695 663 4767 Mindon
681 4696 754 4766 aad
776 4695 975 4766 Osnabrtr'olr
1002 4697 1095 4786 tepeo
1123 4699 1221 4768 einen
1240 4698 1345 4769 Streit
1375 4720 1486 4786 wopan
1505 4697 1567 4768 cler
1587 4699 1742 4770 Greuzco
1761 4699 1821 4770 des
1849 4699 2065 4772 Visontione-

464 4801 536 4873 ond
564 4803 623 4873 des
654 4803 1021 4892 Termiuierspreopels
1049 4803 1108 4873 bel.
1166 4804 1314 4875 Minden
1343 4802 1446 4875 1298
1473 4805 1561 4876 Juni
1589 4803 1649 4878 23.

141 4919 310 4984 Omnibus
344 4939 482 5004 presens
517 4920 677 5003 scriptum
712 4919 832 4985 visuris
867 4922 968 4986 frater
996 4921 1180 4986 Harbertus
1215 4923 1306 5003 prior·
1339 4923 1521 4987 Mindensis
1556 4925 1589 4986 et
1619 4943 1701 4988 suus
1734 4927 1927 5006 conventus,
1963 4924 2066 4990 irater

42 5019 263 5103 lleymbertus
293 5028 383 5110 prior
411 5027 679 5108 Osnaburgensis
712 5028 745 5090 et
775 5045 855 5090 suus
886 5032 1071 5092 conventus
1101 5029 1228 5093 ordinis
1252 5030 1392 5094 sratrum
1418 5029 1669 5094 Predicatorum
1704 5029 1845 5094 salutem
1870 5034 1903 5096 et
1925 5031 2065 5114 gratiam

42 5125 113 5192 lesu
141 5130 279 5196 Christi.
326 5133 410 5198 Cum
439 5133 529 5198 inter
561 5153 621 5197 nos
651 5133 693 5197 de
720 5132 902 5198 limitandis
931 5135 1081 5198 terminis
1110 5135 1243 5217 questio
1273 5139 1468 5216 verteretur,
1503 5135 1621 5217 positis
1644 5135 1881 5201 limitatoribus
1907 5141 2064 5222 exparte

40 5231 197 5302 ltindensi
222 5239 382 5304 iratribus
406 5240 599 5304 Hermanno
623 5239 810 5322 suppriore,
835 5239 1040 5304 Wedekindo
1063 5241 1201 5306 sacrista
1224 5244 1257 5305 et
1279 5241 1441 5305 Wernero
1466 5242 1507 5306 de
1531 5241 1747 5324 Osenbrugge
1771 5243 1806 5305 et
1828 5262 1868 5308 ex
1889 5243 1954 5308 alia
1968 5246 2065 5325 parte

41 5337 134 5405 tratre
148 5343 357 5422 Reymberto
373 5345 482 5427 priore
495 5348 531 5410 et
543 5345 645 5409 tratre
658 5345 809 5411 Johanne
823 5345 863 5409 de
875 5344 975 5428 Bure,
990 5346 1100 5411 taliter
1113 5350 1163 5411 est
1176 5347 1462 5411 consentientibus
1475 5347 1626 5430 partibus
1639 5347 1841 5429 ordinatum,
1859 5352 1898 5413 ut
1909 5347 2064 5414 videlicet

40 5442 151 5511 tratres
170 5449 366 5516 ltindenses
389 5450 582 5533 parrochias
607 5451 766 5532 Leveren,
791 5449 984 5534 Linthorpe,
1007 5451 1211 5534 Barchusen,
1236 5452 1353 5535 Hoyle,
1376 5454 1631 5535 Waldebrugge,
1655 5453 1889 5537 Thorneberge
1912 5458 1947 5519 et
1969 5455 2063 5538 quio-

1781 5580 1848 5643 65·
