5112 6768
1086 461 1153 516 1295
2004 414 2007 422 ’
2074 449 2141 515 aaa

224 657 417 742 Capitulum
433 657 617 723 Mindensis
641 656 778 722 ecclesie
802 656 881 722 sede
904 661 1042 722 vacante
1060 656 1187 722 dilectis
1204 657 1239 722 in
1257 657 1388 722 Christo
1406 657 1593 736 abbatibus.
1610 659 1796 744 prepositis
1814 661 1959 744 decanis,
1976 664 2140 750 plebanis,

112 765 328 851 cappellariis
356 766 390 829 et
416 763 489 829 aliis
520 762 736 828 ecclesiarum
767 763 952 829 rectoribus
980 783 1041 847 per
1071 763 1238 829 civitatem
1262 763 1469 830 Mindonsem
1499 770 1532 830 et
1561 765 1718 832 diocesim
1749 768 1948 848 constitutis
1983 773 2027 837 ad
2056 793 2141 855 quos

111 874 291 954 presentes
314 869 423 934 littere
445 870 668 952 pervenerint,
692 870 845 936 salutem.
886 869 1043 936 Litteram
1066 870 1264 934 venerabilis
1287 871 1393 954 patris
1416 871 1566 953 episcopi
1589 874 1622 938 et
1645 874 1681 937 in
1703 873 1836 938 Christo
1854 875 1964 941 dilecti
1981 881 2141 962 prepositi

113 977 413 1044 Nuenborchensis
437 977 586 1057 ecclesie,
610 978 881 1042 conservatorum
906 976 1194 1042 Hildensemensis
1219 977 1370 1055 ecclesie,
1393 977 1581 1062 recepimus
1605 979 1826 1062 continentes,
1851 983 1951 1062 quod,
1981 1002 2055 1049 cum
2079 1006 2144 1070 pro

111 1085 304 1150 manifestis
334 1082 514 1164 violenciis,
548 1081 797 1148 effractionibus
829 1084 863 1147 et
891 1082 1053 1148 incendiis
1082 1101 1143 1165 per
1170 1084 1325 1148 consules
1355 1083 1649 1150 Hildensemenses
1680 1090 1714 1150 et
1750 1106 1867 1151 eorum
1900 1089 2077 1173 complices
2105 1092 2141 1156 in

113 1193 299 1256 emunitate
322 1189 429 1273 ipsius
446 1189 735 1254 Hildensemensis
759 1189 897 1254 ecclesie
920 1188 1105 1254 commissis
1130 1189 1485 1254 excommunicacionis
1500 1189 1534 1254 iu
1553 1210 1713 1272 personas
1730 1192 1907 1259 consulum
1922 1198 1956 1260 et
1971 1197 2141 1265 interdicti

110 1297 277 1362 inlocum
300 1298 334 1361 et
358 1295 610 1361 universitatem
634 1295 803 1360 sentencie
826 1295 893 1359 sint
915 1295 1053 1378 prolate,
1077 1315 1116 1360 eo
1140 1295 1230 1376 quod
1254 1295 1295 1359 de
1320 1296 1415 1360 dictis
1438 1296 1568 1361 iniuriis
1591 1297 1679 1363 inira
1701 1300 1835 1381 tempus
1860 1302 2058 1368 municionis
2082 1325 2143 1370 seu

111 1402 340 1486 requisitionis
364 1402 515 1467 debiturn
538 1401 729 1466 satisfacere
751 1403 1035 1484 contempserunt,
1059 1400 1192 1485 ipsique
1215 1403 1370 1467 consules
1394 1405 1566 1468 eteorum
1589 1403 1767 1486 complices
1784 1406 1819 1470 in
1836 1407 1897 1470 hac
1913 1411 2008 1490 parte
2025 1409 2141 1476 huius-

113 1509 207 1574 modi
216 1511 242 1592 ¹)
277 1509 466 1574 sentencias
498 1507 619 1574 animis
654 1507 841 1584 sustineant
874 1507 1049 1587 induratis,
1083 1527 1144 1571 nos
1173 1508 1361 1573 sentencias
1391 1507 1482 1591 ipsas
1505 1509 1714 1593 publicantes
1738 1516 1772 1576 et
1795 1513 1958 1596 publicari
1981 1515 2145 1583 facientes

114 1615 267 1682 accensis
291 1614 437 1680 candelis
460 1615 494 1679 et
516 1613 658 1696 pulsatis
681 1613 852 1696 campanis
875 1633 1036 1696 personas
1060 1613 1235 1678 consulum
1258 1615 1455 1680 nominatim
1477 1617 1510 1680 et
1534 1616 1713 1698 complices
1738 1620 1922 1684 eorundem
1946 1623 2144 1690 denunciari

112 1722 253 1805 singulis
274 1721 450 1787 dominicis
472 1740 534 1803 per
556 1724 707 1785 nostram
731 1721 889 1785 diocesim
913 1720 1074 1786 faciamus
1098 1721 1286 1786 sentencias
1309 1721 1411 1804 ipsas,
1436 1721 1522 1786 sicut
1545 1723 1627 1787 ordo
1649 1722 1731 1788 iuris
1755 1727 1910 1808 exegerit,
1935 1729 1976 1792 de
1991 1731 2145 1813 tempore

112 1829 149 1892 in
178 1833 313 1910 ternpus
342 1828 480 1894 ulterius
508 1827 728 1909 aggravando,
762 1830 865 1910 prout
891 1827 927 1892 in
954 1827 1111 1893 mandato
1139 1827 1235 1892 nobis
1266 1848 1368 1911 super
1392 1828 1456 1892 hoc
1479 1828 1604 1895 directo
1627 1830 1759 1913 plenius
1784 1834 1981 1899 continetur.
2029 1836 2142 1914 Quare

113 1934 211 2000 vobis
235 1933 400 1999 universis
424 1936 458 1998 et
481 1933 620 2016 singulis
644 1933 760 1998 damus
777 1935 988 2015 presentibus
1005 1934 1040 1997 in
1055 1933 1222 1999 mandatis
1239 1935 1273 1998 in
1290 1935 1411 1999 virtute
1429 1938 1543 2000 sancte
1560 1937 1752 2002 obediencie
1768 1937 1911 2004 firmiter
1927 1941 2141 2026 iniungendo,

113 2045 283 2124 quatenus
314 2040 419 2106 dictos
443 2041 598 2105 consules
622 2043 792 2106 eteorum
817 2039 995 2122 complices
1019 2039 1226 2120 nominatim,
1261 2060 1405 2123 quoram
1429 2042 1565 2106 nomina
1588 2045 1672 2108 scire
1695 2045 1860 2128 poteritis
1896 2047 1981 2112 alios
2003 2070 2083 2115 vero
2106 2050 2142 2114 in

113 2167 236 2231 genere
271 2147 421 2212 accensis
456 2146 603 2212 candelis
638 2151 672 2210 et
706 2146 848 2228 pulsatis
883 2145 1053 2229 campanis
1080 2146 1113 2210 in
1143 2146 1291 2212 ecclesiis
1318 2148 1439 2212 vestris
1467 2148 1539 2214 sine
1568 2153 1802 2233 expectacione
1830 2153 1967 2218 alterius
1991 2157 2141 2220 mandati

113 2253 417 2320 excommunicatos
441 2255 475 2317 et
496 2251 689 2318 interdictos
713 2251 847 2334 publice
870 2252 1036 2317 nuncietis
1060 2255 1093 2318 et
1116 2255 1159 2318 ab
1182 2253 1338 2318 omnibus
1361 2255 1470 2320 arcius
1494 2255 1678 2338 evitandos,
1706 2261 1881 2324 monentes
1905 2259 2141 2326 nichilominus

113 2361 290 2426 universos
319 2359 472 2426 subditos
501 2361 629 2424 vestros
657 2359 767 2424 tribus
803 2358 978 2425 dominicis
1008 2359 1168 2437 proximis
1199 2359 1367 2442 continue,
1403 2380 1445 2426 ne
1476 2361 1552 2444 quis
1583 2363 1709 2428 eisdem
1744 2364 1779 2427 in
1810 2384 1872 2429 sua
1903 2367 2033 2432 malicia
2064 2388 2140 2450 per-

113 2464 312 2531 sistentibus
335 2464 520 2547 empcione,
545 2463 751 2546 vendicione,
774 2463 881 2544 furno,
904 2465 1108 2546 molendin0,
1132 2467 1247 2549 pratis,
1270 2467 1415 2549 pascuis,
1440 2467 1526 2550 igne,
1550 2488 1649 2551 aqua,
1674 2471 1749 2535 cibo
1773 2473 1924 2554 potuque
1947 2473 2000 2539 vel
2025 2474 2142 2556 quovis

113 2572 182 2638 alio
202 2571 421 2638 humanitatis
445 2570 568 2636 solacio
592 2570 835 2636 communicare
859 2574 1032 2652 presumat
1055 2575 1090 2637 et
1113 2591 1156 2636 ue
1180 2573 1255 2654 quis
1279 2574 1322 2638 ad
1345 2573 1513 2639 civitatem
1537 2575 1848 2641 Hildensemensem
1872 2598 1926 2643 res
1949 2580 2142 2646 vendendas

112 2678 260 2744 adducat
283 2677 532 2761 quomodolibet
555 2678 608 2742 vel
633 2680 797 2759 apportet,
821 2677 971 2758 alioquin
993 2679 1197 2744 contrarium
1222 2678 1381 2745 iacientes
1405 2682 1602 2745 anctoritate
1626 2681 1789 2746 dictorum
1813 2684 1961 2749 iudicum
1984 2706 2044 2751 seu
2061 2705 2142 2751 oon-

111 2787 323 2850 servatorum
357 2787 478 2850 extunc
512 2784 815 2849 excommunicatos
850 2783 983 2866 publice
1018 2785 1194 2864 nannetis
1229 2786 1389 2866 quociens
1425 2807 1527 2868 super
1555 2789 1616 2852 bec
1644 2808 1683 2851 ex
1711 2793 1805 2872 parte
1834 2790 1970 2873 capituli
2002 2791 2141 2858 Hilden-

111 2891 277 2956 semensis
307 2889 435 2956 fueritis
458 2891 621 2973 requisiti.
666 2890 706 2954 In
729 2890 794 2955 hiis
818 2889 1024 2973 exequendis
1050 2910 1136 2956 unus
1160 2894 1307 2955 vestrum
1332 2891 1433 2956 alium
1458 2893 1509 2956 rel
1534 2894 1617 2956 alios
1641 2914 1708 2958 non
1732 2897 1894 2977 expectet.
1941 2897 2043 2962 Facta
2066 2919 2142 2963 exe-

111 2997 255 3062 cucione
278 2997 407 3063 reddite
431 2998 559 3064 litteras
582 2995 698 3081 sigillis
720 2998 840 3062 vestris
863 2997 898 3061 in
920 2995 1148 3061 testimonium
1174 2997 1345 3079 sigillatas.
1386 2999 1508 3063 Datum
1527 3001 1639 3064 llinde
1656 3020 1745 3065 anno
1761 3000 1896 3067 Domini
1911 3002 2143 3085 M⁰CC⁰XCV⁰,

109 3104 283 3169 Kalendas
306 3103 396 3168 Julii.

331 3229 351 3287 ¹)
369 3225 437 3297 Kop.
457 3227 545 3284 huius.

248 3332 416 3418 Abaclrrist
437 3334 490 3396 des
516 3333 566 3396 15.
589 3332 704 3398 dauri.
728 3336 763 3397 in
785 3331 862 3418 Knp.
893 3329 946 3410 VI,
971 3332 1024 3410 11,
1051 3332 1084 3397 S.
1108 3331 1173 3396 535
1198 3331 1256 3400 Nr.
1280 3333 1347 3398 920
1369 3337 1413 3396 ein
1436 3333 1509 3420 Kyr.
1537 3335 1639 3400 tit-al,
1665 3359 1704 3398 en
1728 3334 1902 3402 Hannover.
1957 3334 2058 3423 Verql.
2083 3361 2142 3402 zur

330 3437 428 3504 Scede
449 3436 636 3519 Sadendnrf,
666 3437 696 3503 U
700 3439 737 3503 B.
755 3440 784 3505 d.
801 3437 895 3502 Here.
911 3463 938 3504 o.
956 3437 1161 3504 Braunsedw.
1186 3463 1215 3506 u.
1243 3439 1364 3505 Ldneb.
1389 3439 1414 3518 I,
1441 3438 1503 3506 Nr.
1526 3440 1629 3503 atd-
1642 3441 1702 3506 110
1724 3443 1790 3506 und
1811 3441 1966 3523 Doebner,
1997 3442 2064 3508 ΠΒ.
2087 3447 2142 3510 der

327 3543 419 3609 Scede
434 3543 668 3624 Hildestetml,
691 3543 752 3610 Nr.
770 3543 911 3610 484-8.
952 3543 991 3608 In
1013 3549 1110 3611 eidem
1131 3547 1329 3611 undetierten
1346 3545 1515 3612 Sclrreiben
1538 3570 1580 3610 an
1603 3549 1662 3609 dus
1678 3547 1878 3634 Domkapirel
1899 3552 1934 3613 in
1949 3547 2142 3616 Hildeedeim

327 3649 501 3716 bewundert
527 3675 559 3716 ee
585 3652 635 3716 die
662 3653 838 3729 Auadauer,
873 3654 931 3716 mit
957 3653 1012 3716 der
1042 3653 1173 3717 lazare
1200 3657 1282 3718 aeine
1308 3651 1498 3738 Prdvilepien
1525 3654 1591 3717 und
1608 3653 1731 3718 Recte
1757 3655 1932 3739 qeqendber
1960 3656 2016 3720 der
2048 3655 2143 3721 Sinde

327 3755 515 3822 Hildesdeim
539 3761 709 3844 uertee'dipt,
741 3760 806 3822 und
834 3762 867 3822 in
890 3762 987 3823 einem
1010 3756 1163 3843 ebensallr
1185 3759 1380 3823 undunerien
1404 3759 1574 3824 Scdreiben
1597 3782 1640 3823 an
1662 3760 1711 3823 die
1737 3759 1829 3824 Stadt
1857 3762 2035 3840 sordentes
2058 3763 2141 3829 dicae

328 3865 396 3946 auf,
419 3865 488 3929 dnn
503 3863 703 3950 Donakapitel
722 3863 885 3928 innerlcold
910 3865 977 3927 aedt
995 3861 1101 3949 Tenen
1124 3863 1333 3949 Genuqtunnq
1355 3887 1394 3928 zu
1415 3865 1521 3949 peden,
1545 3867 1775 3950 widripentblla
1798 3868 1857 3930 dna
1882 3865 2036 3933 Interdilct
2061 3868 2139 3934 iiber

329 3973 373 4033 aie
394 3970 548 4055 verlednpt
568 3971 690 4035 werden
712 3971 828 4035 cetron.

1072 4166 1179 4245 1541.

105 4296 230 4368 Rider
255 4295 422 4366 Heinrich
452 4294 603 4386 Gopreee
637 4295 800 4367 detondet
830 4315 894 4365 eon
925 4294 1001 4366 dem
1029 4293 1244 4383 Erebtscleof
1270 4295 1446 4385 Siepfried
1481 4317 1546 4366 oon
1574 4296 1668 4368 Kd'ln
1701 4298 1757 4368 die
1787 4301 1887 4389 Bury
1922 4299 2041 4371 Vlotdo
2066 4299 2140 4371 und

106 4403 179 4474 des
206 4401 420 4474 Richteramt
450 4402 488 4473 iu
515 4402 578 4473 der
606 4401 707 4474 Stedt
732 4403 806 4472 ned
832 4401 895 4472 der
923 4399 1168 4490 Goyrafscbntl
1196 4401 1355 4490 Herford
1390 4401 1597 4492 empfanyen
1622 4426 1667 4473 en
1692 4401 1801 4475 doben
1837 4405 1907 4476 und
1942 4405 2035 4477 diese
2069 4406 2141 4476 idm

292 4508 374 4578 oder
401 4508 463 4578 der
488 4508 606 4578 kdlner
634 4506 765 4578 Kirclte
785 4507 889 4594 jeder
914 4507 991 4578 Zeti
1017 4507 1260 4578 enrmkstellen
1287 4531 1329 4578 en
1356 4507 1483 4584 woden.
1537 4505 1638 4579 Bone
1665 4513 1762 4583 1295
1788 4511 1865 4582 Jeli
1895 4514 1951 4583 30.

251 4640 346 4708 Gedr.
377 4640 483 4728 Weatjl
512 4641 583 4708 ΠΒ.
608 4638 668 4722 IV,
694 4641 728 4706 S.
754 4640 840 4706 1065
864 4639 924 4704 Nr.
947 4639 1046 4720 2350,
1074 4666 1101 4707 o.
1126 4640 1282 4723 Ledebur,
1307 4641 1417 4709 Gessit.
1442 4667 1468 4709 o.
1500 4639 1608 4707 Vlotlro
1632 4642 1667 4709 S.
1693 4642 1766 4710 129.

1072 4909 1186 4989 1542.

106 5034 265 5125 Biscbof
297 4983 448 5108 Ilourad
481 5057 545 5107 non
582 5035 779 5108 Osnabrdclr
812 5035 969 5127 benidiyt
1007 5037 1064 5108 die
1105 5036 1353 5128 Ueberlnssueq
1389 5037 1449 5108 des
1482 5059 1547 5109 von
1581 5037 1645 5109 der
1677 5037 1904 5110 caederer
1936 5036 2064 5112 lorea
2095 5063 2140 5112 en

104 5143 211 5215 Lede
242 5142 417 5234 petendae
442 5143 594 5214 Zelmten
626 5144 665 5213 in
700 5141 857 5216 Wertlur
888 5143 961 5214 und
987 5143 1048 5214 dea
1075 5142 1213 5214 Hanses
1240 5143 1300 5215 des
1329 5143 1513 5216 Friedrich
1539 5165 1604 5214 von
1632 5141 2001 5238 Wenkerincthorpa
2030 5145 2138 5218 durch

206 5249 270 5321 den
301 5247 438 5338 Grafen
468 5249 543 5321 Otto
570 5270 635 5320 oon
661 5248 880 5338 Ruunuberq
906 5271 953 5319 an
979 5249 1044 5320 dns
1071 5248 1158 5337 Steti
1183 5250 1221 5320 in
1250 5247 1430 5338 Bidefeld.
1488 5249 1686 5322 Oanabrdelc
1713 5252 1810 5323 1295
1835 5250 1972 5342 Aeaee
1998 5255 2058 5328 23.

245 5383 340 5450 θεάν.
370 5381 478 5464 Weaif.
509 5382 574 5451 ΠΒ.
601 5383 623 5448 I
624 5380 659 5464 V,
683 5381 716 5450 S.
742 5382 807 5449 106
810 5382 829 5447 7
851 5381 911 5449 Nr.
934 5381 1034 5462 2353,
1056 5381 1162 5462 Reeae,
1192 5383 1261 5452 ΠΒ.
1286 5385 1317 5449 d.
1343 5383 1438 5450 Stndt
1460 5383 1614 5467 Biclefeld
1637 5383 1672 5450 S.
1696 5384 1741 5449 49
1764 5383 1822 5450 Nr.
1845 5383 1900 5452 66.

215 5577 510 5624 rasuera-aucun.
1878 5547 1921 5611 62
