5062 6776
1424 429 1491 485 1279

564 624 620 689 Or.
649 627 693 688 im
716 622 790 708 qu.
817 621 923 690 sa-A.
958 645 998 688 zu
1026 621 1204 702 Hamae,
1238 624 1481 689 Morienwerder
1511 621 1571 686 Nr.
1596 623 1656 702 42,
1692 622 1795 711 Sieget
1822 623 2004 712 obequitare.
2051 625 2146 691 θοᾶν.
2181 627 2264 690 noch
2297 627 2367 692 dem
2401 625 2451 698 Or.

642 755 669 796 v.
693 728 889 817 Hodenberg,
916 727 1121 816 Colenberger
1149 727 1218 795 ΠΒ.
1246 728 1339 794 Aba.
1370 727 1398 792 V
1397 727 1422 808 1,
1446 727 1479 794 S.
1504 729 1548 793 42
1569 727 1632 796 Nr.
1656 727 1710 796 56.
1757 733 1882 815 Indago
1903 733 1947 795 iat
1967 729 2170 817 Stodetogeru

1373 874 1511 954 11572.

426 1001 575 1092 Bisclvof
602 1002 746 1095 Volquin
772 1002 928 1074 rabide
955 1008 1055 1073 anter
1081 1001 1201 1090 Strofe
1227 1001 1288 1072 das
1320 1001 1489 1074 Verlustes
1516 1003 1578 1074 der
1608 1002 1792 1093 Probende,
1822 1004 1903 1075 dass
1920 1004 2071 1076 Jcnvoud
2098 1005 2135 1076 in
2163 1005 2228 1077 dos
2245 1002 2450 1094 Beneficium

882 1109 974 1180 unes
1001 1109 1086 1180 noel
1113 1107 1294 1180 Lebenden
1322 1108 1503 1180 instollicrt
1529 1110 1651 1182 werde.
1706 1111 1804 1182 1279
1832 1109 1916 1181 Mai
1944 1108 2002 1182 13.

535 1228 720 1311 Volquinus
743 1227 804 1293 Dei
827 1228 937 1311 gracia
959 1227 1140 1292 Mindensis
1164 1227 1303 1292 ecclesie
1326 1228 1505 1309 episcopus
1529 1228 1571 1293 ad
1595 1229 1826 1295 certitudinem
1855 1228 2065 1313 presencium
2087 1230 2121 1295 et
2144 1231 2339 1294 memoriam
2364 1231 2451 1295 lutu-

427 1355 551 1402 rorum.
597 1334 686 1400 Olim
709 1354 730 1398 a
750 1333 874 1398 sanctis
898 1333 1050 1416 patribus
1074 1333 1224 1399 noscitur
1246 1333 1445 1414 institutum,
1470 1336 1506 1399 ut
1530 1334 1641 1400 nullus
1665 1355 1705 1400 ex
1730 1337 1819 1400 clero
1842 1335 2014 1402 ordinetur
2038 1335 2206 1401 inlocum
2229 1336 2386 1417 viventis,
2410 1357 2448 1400 ue

430 1442 506 1524 quis
529 1441 718 1506 desiderare
741 1442 882 1506 mortem
905 1440 1046 1523 proximi
1070 1439 1234 1520 videatur,
1258 1458 1334 1504 cum
1359 1440 1422 1506 hoc
1445 1440 1543 1506 etiam
1568 1441 1657 1525 leges
1685 1442 1858 1524 gentilium
1882 1443 2129 1526 condempnare
2153 1444 2318 1508 curarem.
2367 1444 2450 1507 Sane

428 1547 597 1614 lohannes
621 1548 662 1612 de
686 1547 868 1611 Beldersen
891 1547 1031 1612 clericus
1056 1548 1088 1610 et
1111 1545 1166 1612 alii
1190 1547 1327 1629 quidam
1350 1547 1511 1629 premisse
1535 1548 1784 1614 constitutionis
1808 1550 1867 1613 aut
1890 1552 2139 1632 contemptores
2163 1550 2220 1612 aut
2244 1549 2450 1614 immemores

429 1655 617 1737 satagentes
640 1655 676 1718 in
704 1653 814 1718 locum
836 1653 1022 1718 vivencium
1047 1673 1083 1716 se
1112 1651 1249 1734 institui,
1284 1653 1319 1716 in
1347 1654 1462 1716 nostra
1496 1653 1662 1719 Mindensi
1697 1654 1838 1719 ecclesia
1865 1655 1907 1719 do
1934 1654 2021 1720 lacto
2047 1658 2312 1738 procuraverunt
2347 1675 2383 1718 se
2412 1655 2450 1718 ad

428 1759 592 1826 beneficia
614 1779 682 1825 non
706 1759 862 1825 vacancia
885 1759 1055 1824 installari.
1103 1759 1152 1823 Ne
1176 1758 1277 1840 igitur
1299 1758 1378 1824 lacti
1401 1761 1601 1843 perversitas
1623 1762 1772 1826 transeat
1794 1760 2086 1844 presumptoribus
2110 1761 2144 1825 in
2168 1759 2369 1842 exemplum,
2392 1779 2448 1823 nos

428 1866 590 1949 requisito
614 1885 778 1931 consensu
799 1866 1005 1949 singulorum
1028 1867 1069 1930 de
1090 1865 1237 1948 capitulo
1261 1867 1374 1931 nostro
1396 1865 1574 1930 statuimus
1605 1870 1640 1930 et
1671 1867 1786 1932 habita
1812 1867 1963 1950 ipsorum
1989 1867 2138 1931 omnium
2164 1867 2316 1932 unanimi
2339 1867 2449 1931 volun-

427 1974 496 2038 tate
520 1992 597 2038 cum
619 1993 706 2056 pene
729 1972 913 2037 adiectione
929 1973 1109 2054 sanximus,
1134 1976 1171 2036 ut
1188 1973 1390 2054 quicumque
1413 1972 1493 2037 talia
1509 1973 1550 2037 de
1566 1975 1677 2038 cetero
1693 1975 1932 2056 supersticiose
1946 1973 2186 2038 adinvencione
2203 1974 2448 2056 presumpserit,

428 2079 518 2144 idem
541 2083 764 2162 presumptor,
789 2080 884 2144 utin
908 2099 958 2158 eo,
981 2077 1016 2142 in
1040 2099 1107 2161 quo
1131 2077 1326 2160 deliquerat,
1359 2079 1533 2161 puniatur,
1564 2080 1693 2144 nullum
1721 2079 1922 2146 beneficium
1946 2078 2222 2158 ecclesiasticum,
2251 2079 2447 2161 prebendam

429 2185 585 2251 videlicet
606 2187 659 2250 vel
675 2185 858 2264 ecclesiam
883 2186 918 2249 in
935 2185 1101 2250 Mindensi
1124 2185 1255 2248 civitate
1280 2184 1332 2248 vel
1358 2185 1489 2263 dyocesi
1513 2186 1657 2268 amplius
1681 2189 1904 2269 consequatur
1927 2187 1986 2251 sed
2010 2186 2145 2270 penitus
2169 2186 2210 2250 de
2233 2185 2324 2248 omni
2348 2204 2406 2266 spe
2420 2189 2445 2247 el

429 2291 592 2358 beneficio
617 2293 819 2375 acquirendo
849 2292 886 2355 in
913 2291 1072 2374 predictis
1103 2291 1233 2356 civitate
1258 2311 1296 2355 ac
1327 2292 1460 2370 dyocesi
1489 2313 1528 2358 eo
1556 2294 1630 2376 ipso
1660 2294 1704 2357 sit
1734 2291 1900 2375 privatuS,
1924 2293 2014 2375 quod
2043 2294 2153 2358 locum
2177 2292 2320 2356 viventis
2344 2292 2446 2356 taliter

430 2399 586 2464 affectare
616 2400 829 2481 presumpsit.
878 2398 949 2462 Hec
979 2397 1104 2480 quippe
1139 2398 1332 2463 constitutio
1341 2397 1367 2482 1)
1403 2399 1467 2464 sub
1498 2399 1688 2465 obedientia
1711 2403 1745 2464 et
1767 2398 1846 2463 fidei
1870 2399 2006 2464 datione
2037 2399 2235 2464 manualiter
2265 2398 2441 2480 prestitaa

428 2505 567 2588 singulis
595 2507 628 2570 et
658 2505 812 2570 omnibus
841 2504 1010 2569 canonicis
1044 2504 1166 2569 vallata
1194 2507 1227 2568 et
1254 2503 1451 2571 confirmata
1481 2506 1606 2571 exstitit
1638 2506 1808 2588 nostrique
1842 2503 1912 2588 acl)
1948 2505 2129 2588 supradicti
2160 2504 2298 2587 capituli
2333 2504 2443 2586 sigillis

429 2612 566 2676 munita.
592 2612 694 2676 Facta
723 2615 774 2675 est
804 2611 866 2674 hec
894 2611 1084 2675 constitutio
1113 2611 1254 2676 sabbato
1282 2613 1361 2694 post
1392 2613 1622 2678 ascensionem
1645 2612 1776 2677 Domini
1804 2631 1892 2677 anno
1915 2612 2064 2677 eiusdem
2088 2611 2444 2676 M⁰.cc⁰.Lxx⁰vl111⁰.

646 2719 666 2784 ¹)
684 2715 765 2786 Kop:
784 2717 945 2772 constitutis.
984 2716 1006 2784 ¹)
1026 2731 1056 2768 ac
1067 2715 1142 2784 fehlt
1159 2716 1193 2767 im
1211 2715 1280 2786 Kop.

564 2803 724 2884 Abacluu’ft
746 2807 800 2869 dea
825 2803 875 2867 11.
898 2804 1010 2867 Jatrt.
1034 2808 1068 2868 in
1090 2803 1168 2889 Kop.
1192 2802 1271 2881 XII,
1292 2805 1335 2868 51
1358 2807 1416 2888 fol.
1438 2807 1461 2868 5
1482 2809 1527 2869 im
1552 2805 1623 2891 qu.
1642 2804 1748 2870 sc-A.
1773 2829 1812 2870 zu
1833 2804 1999 2871 Hamwver
2020 2829 2090 2869 zum
2112 2803 2144 2871 J.
2170 2804 2271 2880 127&
2295 2804 2449 2871 Gednoelt

644 2910 758 2995 latnie,
789 2910 1004 2975 Reieduarctiv
1027 2909 1122 2981 XXI.
1150 2913 1250 2997 spicit.
1274 2913 1376 2977 eccles.
1402 2915 1513 2979 ronan.
1539 2909 1601 2991 ΙΙΙ,
1628 2910 1662 2975 S.
1686 2910 1731 2976 50
1748 2910 1829 2996 (58),
1862 2910 2056 2990 Weirdtrocin,
2082 2911 2177 2977 Saba.
2193 2913 2269 2998 dipl.
2288 2910 2333 2994 X,
2352 2912 2386 2976 S.
2401 2911 2449 2978 al,

646 3017 758 3103 Rege-st
780 3017 857 3082 Mer.
882 3016 926 3096 II,
953 3016 1043 3082 189α
1066 3016 1126 3083 Nr.
1149 3016 1225 3094 583,
1252 3017 1337 3083 beide
1359 3041 1399 3082 zu
1423 3016 1519 3083 1279.

1386 3163 1497 3241 1158.

428 3289 577 3378 Bischot'
607 3288 750 3380 Volquia
778 3311 841 3360 von
867 3289 1017 3360 ddiudeu
1044 3289 1215 3381 diotrepi
1242 3291 1318 3362 doru
1338 3291 1555 3380 Martiustift
1583 3294 1620 3364 iu
1646 3291 1790 3363 Mindon
1818 3293 1873 3363 eiu
1891 3291 1995 3363 Hauc
2023 3314 2068 3362 ou
2088 3292 2149 3362 der
2170 3291 2449 3362 Bructerorum

1096 3397 1247 3472 dosetbst.
1303 3397 1454 3468 Mindon
1483 3397 1584 3470 1279
1611 3399 1700 3470 June·
1729 3396 1788 3470 16.

536 3514 720 3596 Volquinus
737 3514 797 3578 Dei
812 3515 919 3597 gratia
940 3513 1122 3580 Mindensis
1146 3515 1283 3580 ecclesie
1304 3517 1481 3598 episcopus
1501 3517 1655 3582 omuibus
1679 3517 1742 3581 hoc
1766 3518 1925 3600 seriptum
1942 3516 2062 3580 visuris
2086 3516 2229 3580 salutem
2253 3515 2289 3580 in
2306 3516 2449 3579 omnium

430 3623 606 3688 salvatore.
655 3623 795 3704 Propter
821 3622 957 3686 brevem
980 3622 1084 3686 vitam
1112 3622 1285 3687 hominum
1318 3626 1351 3686 et
1378 3623 1512 3688 labilem
1541 3622 1736 3688 memoriam
1764 3625 1947 3689 eorundem
1974 3643 2040 3705 que
2071 3621 2284 3687 laudabiliter
2314 3623 2450 3703 aguntur

429 3729 648 3812 intempore,
672 3748 715 3792 ne
738 3747 799 3811 per
822 3727 1028 3811 calumpnias
1052 3730 1110 3793 aut
1133 3729 1280 3793 malicias
1304 3747 1536 3811 perversorum
1560 3731 1595 3794 in
1618 3729 1760 3795 recidive
1784 3730 2007 3794 contentionis
2032 3727 2227 3810 scrupulum
2250 3727 2448 3805 relabantur,

429 3836 613 3901 litterarum
637 3837 746 3900 solent
770 3839 804 3901 et
827 3835 945 3900 merito
975 3835 1098 3899 debent
1128 3835 1279 3917 apicibus
1308 3837 1463 3902 eternari.
1509 3837 1563 3902 Ad
1591 3841 1736 3902 vestram
1764 3837 1866 3918 igitur
1892 3835 2046 3918 cupimus
2076 3836 2253 3916 pervenire
2287 3835 2448 3903 noticiam.

429 3943 520 4026 quod
548 3962 610 4006 nos
645 3961 754 4007 aream
783 3942 951 4024 quandam
980 3941 1014 4004 in
1049 3942 1161 4022 platea
1193 3941 1369 4008 Frisonum
1405 3943 1513 4023 sitam,
1548 3963 1649 4026 quam
1679 3941 1848 4008 lohannes
1884 3942 1991 4006 dictus
2015 3941 2130 4006 Abbas
2160 3940 2242 4004 civis
2273 3941 2449 4005 Mindensis

429 4054 543 4116 nostre
567 4048 671 4113 libere
695 4048 835 4112 contulit
869 4047 1020 4124 ecclesie,
1055 4067 1133 4112 cum
1155 4047 1254 4112 domo
1289 4049 1324 4112 in
1360 4069 1399 4114 ea
1430 4053 1620 4115 constructa
1654 4069 1730 4115 oum
1765 4069 1929 4114 consensu
1966 4051 1999 4112 et
2027 4049 2117 4112 bona
2144 4048 2320 4112 voluntate
2351 4044 2449 4111 nostri

430 4155 569 4239 capituli
593 4155 730 4219 ecclesie
758 4155 863 4219 sancti
888 4155 1020 4219 Martini
1049 4156 1160 4220 nostre
1184 4155 1325 4219 civitatis
1354 4157 1557 4221 contulimus
1588 4157 1752 4238 perpetuo
1779 4155 2026 4239 possidendam.
2074 4154 2120 4218 Ut
2148 4156 2261 4217 autem
2291 4155 2353 4218 hec
2383 4156 2450 4215 rata

430 4265 466 4327 et
492 4261 687 4326 inconvulsa
707 4263 927 4343 permaneant
957 4264 989 4324 et
1018 4263 1268 4342 aposterorum
1293 4262 1453 4326 memoria
1487 4281 1555 4325 non
1586 4262 1753 4342 recedant,
1788 4281 1927 4344 presens
1962 4261 2124 4342 scriptum
2158 4259 2237 4324 inde
2267 4262 2448 4325 conlectum

428 4371 544 4434 nostro
572 4371 605 4432 et
640 4366 774 4448 capituli
810 4367 916 4431 nostri
948 4365 1061 4449 sigillis
1095 4367 1233 4433 lecimus
1269 4369 1474 4432 communiri.
1533 4369 1655 4433 Datum
1688 4368 1800 4432 Minde
1834 4387 1923 4433 anno
1957 4367 2092 4432 Domini
2115 4363 2448 4441 M⁰.CC⁰.LXX⁰.1X⁰.‚
2529 4405 2530 4434 l

427 4474 526 4540 xv10.
550 4474 718 4540 Kalendas
741 4470 830 4537 Julii.

566 4579 619 4644 Or.
642 4582 686 4642 im
709 4579 780 4663 qu.
808 4577 913 4644 Sc-A.
937 4601 977 4642 aa
1000 4578 1145 4655 Mamor,
1170 4603 1195 4644 a.
1221 4581 1341 4645 Martia
1365 4585 1400 4644 in
1423 4581 1550 4644 Illiaden
1577 4577 1637 4646 Nr.
1661 4579 1715 4644 24.
1771 4579 1834 4644 Die
1869 4579 1975 4644 baden
2012 4577 2115 4663 Stupet
2147 4599 2204 4642 oon
2238 4578 2299 4642 derv
2334 4577 2448 4661 Perpa-

641 4685 850 4766 mentatrea'jen
873 4684 924 4750 ab.
979 4683 1089 4769 Wepen
1111 4686 1166 4750 der
1189 4688 1301 4770 platea
1324 4689 1500 4753 Frisonum
1524 4689 1584 4772 opt.
1609 4687 1685 4750 oben
1707 4684 1767 4752 Nr.
1794 4684 1890 4749 1132.

1382 4833 1492 4911 1159.

426 4957 596 5030 Heinrich
630 4981 694 5030 von
722 4958 900 5049 Horaburp
932 4959 1104 5048 retundet,
1146 4960 1230 5030 dosa
1263 4961 1318 5031 die
1352 4960 1517 5048 Elelrou
1558 4960 1616 5030 des
1650 4959 1811 5031 Gerhard
1847 4982 1912 5031 voa
1948 4957 2243 5048 Wianinplrousen
2272 4957 2382 5028 Galat
2416 4959 2449 5026 in

429 5065 570 5135 Munrel
605 5065 681 5137 deva
715 5065 894 5136 minuerer
926 5065 1200 5137 Domtlresouror
1234 5067 1370 5138 Araold
1405 5089 1467 5136 voa
1501 5066 1653 5137 Sebinno
1683 5067 1863 5157 resiyutert
1890 5067 1956 5140 leot.
2014 5063 2210 5152 Oldcudors
2231 5063 2285 5134 bei
2315 5063 2447 5134 Sctloss

1205 5173 1382 5262 Hourbuvp
1410 5171 1514 5242 1279
1540 5172 1615 5244 Jult
1641 5177 1675 5248 2.

535 5291 604 5357 Nos
628 5290 792 5356 Hemicus
817 5293 858 5356 de
882 5292 1076 5356 Homborcb
1106 5291 1238 5374 publice
1268 5295 1509 5374 protestamur,
1541 5291 1632 5373 quod
1664 5311 1748 5354 uxor
1772 5291 1932 5356 Gerhardi
1963 5290 2004 5354 de
2035 5289 2300 5370 Winnigehusen
2338 5303 2444 5357 coram

421 5397 522 5462 nobis
546 5389 729 5463 constituta
753 5399 841 5464 bona
864 5399 899 5463 in
919 5397 1070 5462 Munezle
1093 5397 1280 5464 honorabili
1304 5398 1374 5462 viro
1399 5398 1557 5480 magistro
1574 5397 1724 5462 Arnoldo
1747 5397 1955 5462 thesaurario
1979 5395 2117 5461 ecclesie
2134 5394 2317 5460 Mindensis
2341 5393 2440 5457 libere
