5062 6806
1042 407 1109 460 1249
2042 394 2105 460 145

1045 606 1142 683 506.

91 734 238 824 Biseltof
264 735 403 808 Joeoeo
436 755 501 806 222
535 733 685 805 Mindon
719 732 870 824 besfdtipt
903 733 970 804 den
1005 731 1231 804 cerotaesei
1268 733 1331 803 mit
1367 731 1424 806 Kl.
1457 732 1592 804 Leoero
1635 739 1719 804 trofz
1753 734 1815 804 der
1850 733 2109 824 beobsiebtipteo

622 839 812 930 Verlepunp
839 839 899 910 dee
926 838 1041 927 Stiftc.
1096 838 1232 910 Lecero
1258 842 1356 911 1249
1384 840 1492 909 Mdre
1519 837 1578 910 25.

186 959 371 1042 (lohannes
396 958 470 1044 Dei)
493 958 597 1041 gratia
619 957 800 1024 Mindensis
824 958 1002 1041 episcopus
1026 955 1190 1021 universis
1213 957 1276 1021 hoc
1300 956 1460 1041 seriptum
1483 957 1603 1022 visuris
1628 957 1771 1023 salutem
1793 955 1828 1022 in
1852 959 2005 1025 Domino.
2052 960 2107 1026 Ad

90 1067 234 1133 noticiam
259 1070 329 1130 tam
353 1067 541 1132 futurorum
564 1085 667 1148 quam
688 1065 897 1148 presentium
919 1063 1092 1146 pervenire
1116 1062 1278 1144 volumus,
1303 1063 1393 1147 quod
1410 1083 1471 1128 nos
1487 1065 1780 1130 commutationem
1804 1066 1979 1146 bonorum,
2004 1087 2105 1150 quam

90 1193 157 1238 cum
188 1172 362 1238 voluntate
391 1174 424 1236 et
455 1191 620 1236 consensu
655 1171 791 1254 capituli
827 1169 930 1236 nostri
965 1189 1041 1234 cum
1075 1170 1216 1234 cenobio
1249 1169 1283 1232 in
1311 1169 1458 1233 Lereren
1486 1170 1637 1252 fecimus,
1673 1171 1854 1236 molendini
1889 1173 2041 1238 videlicet
2070 1173 2106 1237 in

91 1279 262 1345 Lererdike
287 1299 364 1364 cum
386 1278 456 1343 suis
479 1277 677 1358 attinentiis,
701 1278 820 1343 domus
837 1276 1014 1358 Helewigis
1037 1276 1072 1341 in
1097 1277 1365 1342 Northmenihen
1390 1295 1465 1340 eum
1489 1277 1558 1340 suis
1582 1277 1765 1342 attinentiis
1789 1281 1929 1361 excepta
1952 1280 2104 1362 piscaria,

89 1405 162 1450 ume
184 1385 293 1450 mellis
318 1385 353 1449 in
376 1385 538 1468 Vegelage
573 1403 636 1467 pro
660 1383 752 1448 curia
774 1383 809 1447 in
834 1383 1096 1447 Harlikeshusen
1133 1402 1206 1447 cum
1231 1383 1301 1446 suis
1325 1382 1521 1462 attinentiis,
1557 1384 1656 1448 domo
1679 1384 1714 1448 in
1737 1384 1907 1450 Isenslede
1936 1403 2013 1451 cum
2037 1387 2106 1452 suis

90 1491 274 1572 attinentiis
304 1492 403 1557 domo
426 1491 461 1555 in
486 1490 574 1556 Hille
598 1510 674 1556 cum
697 1491 766 1554 suis
790 1489 982 1570 attinentiis,
1014 1493 1120 1554 ratam
1143 1491 1297 1553 tenemus
1321 1493 1356 1552 et
1377 1487 1519 1571 firmam,
1552 1489 1629 1554 licet
1653 1490 1833 1573 aliquando
1857 1491 1985 1557 dictum
2008 1512 2106 1557 ceno-

88 1599 170 1663 bium
201 1618 240 1662 ex
265 1602 381 1680 rogatu
413 1597 565 1682 ipsorum
596 1598 638 1661 ad
666 1616 802 1679 campos
831 1599 864 1661 et
893 1595 1018 1660 flumen
1049 1595 1230 1660 molendini
1254 1595 1288 1659 in
1313 1595 1493 1660 Leverdike
1518 1596 1698 1661 transferre
1722 1617 2014 1679 proposueramus.
2063 1600 2107 1664 Ul

89 1709 189 1769 autem
215 1705 281 1769 hec
311 1708 383 1770 rata
410 1706 444 1769 et
472 1703 668 1768 inconvulsa
698 1704 927 1785 permaneant,
962 1721 1101 1785 presens
1125 1701 1284 1784 seriptum
1308 1703 1416 1786 sigillo
1441 1705 1556 1768 nostro
1580 1704 1773 1768 roboratum
1798 1704 1884 1768 dioto
1907 1705 2048 1770 cenobio
2072 1707 2107 1770 in

89 1811 227 1876 beveren
251 1811 288 1875 in
312 1810 540 1875 testimonium
563 1810 711 1875 validum
735 1829 919 1893 erogamus
967 1810 1087 1874 Datum
1116 1809 1150 1872 in
1173 1809 1321 1874 Lereren
1352 1829 1441 1873 anno
1470 1808 1604 1874 Domini
1632 1809 1926 1892 ll⁰.CC⁰.XL⁰.IX⁰‚
1961 1812 2106 1876 infesto

90 1917 346 1984 annuntiationis
369 1919 467 1983 beate
490 1917 593 1981 Marie
616 1916 762 1999 virginis.

214 2022 271 2088 Or.
296 2026 342 2086 im
365 2022 438 2109 Kpl.
464 2021 570 2086 Steti.
601 2044 640 2084 zu
671 2021 819 2099 Miimter,
853 2019 972 2085 Leoem
1003 2019 1060 2087 Nr.
1084 2017 1138 2082 61.
1186 2019 1408 2105 Beaolzd'diytee
1439 2021 1543 2104 Siepel
1569 2021 1622 2084 des
1646 2021 1795 2106 Biechofa
1826 2045 1867 2086 ao
1894 2035 1980 2088 roten
2002 2021 2107 2100 Hans-

292 2129 399 2210 sddeo.
445 2127 508 2193 Die
536 2125 614 2194 llrk.
639 2127 695 2191 hot
717 2149 769 2190 am
792 2127 903 2192 oberen
927 2125 1038 2191 Raude
1061 2126 1158 2190 derel
1180 2125 1379 2210 dioecesium
1401 2129 1535 2213 pelicem.

1057 2290 1150 2366 507.

89 2418 202 2507 0211112
229 2419 402 2490 Adeflreid
428 2441 492 2490 voe
519 2417 739 2508 Raveosberp
770 2423 924 2510 pestottel
957 2417 1019 2488 der
1051 2417 1190 2488 Toetter
1224 2417 1283 2489 des
1318 2417 1460 2490 Villicos
1486 2420 1524 2488 io
1553 2418 1690 2490 Elelere
1718 2419 1782 2490 dos
1809 2419 2043 2510 Bdrperreclt
2069 2421 2107 2490 io

87 2526 227 2596 Beelem
261 2548 308 2596 22
341 2525 521 2597 ereeerben.
591 2525 629 2597 U.
658 2526 690 2594 d.
718 2527 775 2600 Ζ..·
809 2525 982 2596 dominus
1011 2523 1253 2594 Bernhardus
1287 2525 1332 2594 de
1360 2523 1525 2596 Lothere
1554 2524 1712 2619 dapifer,
1747 2526 2007 2598 llIieeisteriolen
2035 2525 2108 2597 eod

656 2632 908 2721 Bury-redonen
965 2630 1184 2720 Rooeneberp
1212 2634 1308 2702 1249
1338 2631 1444 2702 Mrtrz
1473 2634 1529 2703 30.

213 2749 315 2816 θεάν.
337 2749 418 2814 nerle
442 2750 510 2814 dem
534 2748 588 2815 Or.
619 2747 727 2829 Weetf.
758 2748 827 2814 UB.
854 2747 914 2828 ΙΙΙ,
942 2747 975 2814 S.
998 2745 1066 2810 268
1092 2745 1149 2814 Nr.
1172 2747 1248 2813 502.
1282 2771 1285 2779 ·

1046 2893 1141 2971 508.

89 3019 204 3110 Grdfin
230 3020 410 3094 Mottilde
437 3044 502 3092 ooo
531 3022 629 3113 Sapo
661 3021 797 3094 sclieokt
825 3023 900 3092 dem
928 3019 1173 3110 Keniberfsfift
1201 3023 1237 3092 io
1266 3023 1358 3092 Rdle
1393 3021 1541 3094 vineam
1576 3021 1687 3093 sitam
1719 3022 1759 3094 in
1787 2999 1935 3094 Hiinefe
1965 3023 2105 3094 dictam

87 3125 271 3218 Ulendale,
307 3151 381 3221 que
415 3128 654 3221 dependebat
681 3153 703 3199 a
731 3133 836 3199 curte
871 3152 964 3217 mea,
1001 3151 1073 3220 que
1108 3125 1232 3198 fuerat
1266 3127 1356 3199 olim
1391 3127 1599 3199 Mindensis
1636 3127 1799 3201 ecclesie.
1861 3127 1962 3202 1249
1992 3132 2106 3202 Mdre.

209 3245 310 3311 Gedr.
334 3243 522 3324 locantes,
552 3243 583 3310 U
587 3245 625 3310 B.
651 3242 694 3324 ΙΙ,
721 3245 754 3310 8.
782 3243 1029 3310 1831112347.
1078 3244 1209 3325 Hennes
1225 3269 1278 3308 am
1300 3245 1401 3310 Rdez'n
1424 3250 1468 3310 im
1493 3245 1662 3332 seperate.

1049 3409 1141 3486 509.

88 3535 184 3625 Papo
217 3536 393 3607 12202222
420 3535 489 3611 IV.
531 3535 724 3627 beouflropt
757 3536 915 3608 Deeboof
947 3538 1019 3608 end
1055 3537 1197 3627 Kopifel
1231 3559 1295 3607 eoo
1332 3537 1540 3626 Osoobrr'ielc,
1582 3537 1659 3608 dem
1693 3537 1919 3609 osrzebreielcer
1955 3539 2108 3611 Prfeefer

87 3641 215 3732 Lrololf,
242 3642 309 3731 fiir
337 3643 402 3714 den
429 3643 501 3714 sicle
529 3643 585 3714 elie
612 3641 772 3731 Bisehdfe
800 3643 1018 3734 (Enpelbert)
1046 3665 1110 3714 eon
1132 3643 1330 3715 osnabrect
1357 3645 1427 3715 220
1455 3643 1627 3734 (Jodonn)
1656 3667 1720 3715 222
1741 3644 1890 3715 Minden
1917 3646 2107 3717 vermendet

319 3748 437 3837 leuben,
464 3773 506 3820 22
534 3751 642 3821 eioem
669 3750 875 3822 leirehlicden
901 3747 1112 3838 Beneficium
1138 3774 1182 3821 22
1209 3751 1390 3838 eerlrelfee.
1444 3751 1545 3842 [pore
1572 3753 1670 3824 1249
1698 3751 1780 3822 Mei
1808 3750 1868 3823 23.

211 3866 310 3931 Gedr.
335 3864 445 3946 112122,
470 3865 541 3932 PU.
571 3865 677 3953 Weets.
705 3867 738 3934 S.
763 3867 830 3932 233
853 3865 916 3932 Nr.
939 3866 1017 3931 510.

1047 4012 1139 4091 510.

88 4134 249 4208 Edellrerr
285 4137 475 4210 Berebord
507 4161 571 4210 zur
606 4137 730 4230 Lippe,
771 4146 877 4210 tutor
908 4145 946 4210 et
980 4145 1133 4212 curator
1172 4139 1402 4234 pupillorum
1434 4139 1590 4211 illustris
1634 4141 1705 4211 viri
1739 4141 1880 4212 domini
1913 4141 2107 4213 Ludewici

87 4244 267 4333 quondam
297 4243 446 4315 comitis
475 4244 521 4315 de
550 4243 829 4340 Ravenebergh,
857 4247 917 4316 ldsf
944 4246 1001 4318 die
1028 4246 1144 4335 Voptei
1172 4247 1255 4318 elder
1281 4244 1476 4336 Berphorsl,
1505 4248 1561 4318 die
1589 4247 1666 4317 dem
1693 4248 1946 4319 rodesterscleeo
1965 4248 2107 4337 Beirper

86 4348 234 4422 Dietriele
279 4350 406 4442 Spectet
445 4357 586 4422 versefet
623 4374 712 4440 mor,
753 4353 881 4423 wieder
921 4354 984 4422 ein.
1060 4354 1099 4426 U.
1133 4354 1165 4423 d.
1199 4354 1255 4423 Z.:
1298 4353 1477 4447 magister
1515 4351 1747 4424 Fritherious
1789 4361 1827 4424 et
1865 4351 2106 4425 Hermannus

86 4453 126 4526 de
163 4455 437 4551 Ravenebergh
481 4456 653 4530 canonici
698 4457 851 4529 ecclesie
897 4456 1222 4549 Monosteriensis‚
1276 4458 1518 4530 Bernhardus
1565 4457 1712 4553 dapifer
1757 4459 1804 4530 de
1852 4458 2104 4555 Ravensberg.

952 4562 1054 4637 1249
1080 4565 1157 4636 Jult
1186 4564 1241 4640 11.

212 4677 312 4745 Gedr.
340 4675 473 4758 fltoert,
501 4679 620 4746 Beitrr.
643 4703 714 4745 zum
735 4686 880 4745 mensor.
910 4679 981 4744 UB.
1006 4678 1031 4760 Ι,
1063 4682 1092 4760 1,
1116 4681 1149 4747 S.
1173 4681 1249 4762 375,
1274 4681 1333 4749 Nr.
1359 4681 1435 4761 128,
1481 4679 1580 4760 Weetf.
1612 4681 1679 4747 ΠΒ.
1705 4681 1768 4762 ΙΙΙ,
1795 4682 1829 4749 S.
1853 4680 1920 4747 268
1942 4680 2004 4749 Nr.
2027 4681 2104 4750 503.

294 4783 408 4871 Repete
429 4785 521 4871 [app.
546 4785 645 4873 Repp.
670 4784 696 4866 I,
723 4787 757 4852 S.
783 4785 848 4850 186
871 4786 930 4852 Nr.
954 4785 1030 4854 260.

1056 4933 1139 5013 511.

87 5056 225 5149 8122121
256 5059 399 5133 Jolano
430 5081 495 5132 222
528 5059 677 5132 Mindee
712 5061 891 5134 leherweist
924 5062 1002 5133 dem
1037 5061 1261 5152 Doockopitei,
1297 5064 1362 5133 dos
1395 5062 1465 5132 ilem
1499 5063 1597 5134 einen
1629 5061 1703 5132 Teii
1736 5062 1799 5133 der
1831 5063 2106 5154 onertrcpltcten

385 5165 622 5238 Scheldeolost
649 5167 821 5257 25252221,
849 5169 915 5240 deo
942 5169 1092 5240 Zelmfen
1120 5170 1158 5240 in
1185 5170 1337 5240 Hdoero.
1393 5167 1494 5242 1249
1523 5168 1717 5258 September
1745 5167 1803 5240 19.

182 5283 355 5350 lohannes
388 5283 450 5350 Dei
484 5286 588 5370 gratia
620 5286 803 5352 Mindensis
837 5287 974 5351 ecclesie
1009 5287 1186 5370 episcopus
1221 5289 1377 5352 omnibus
1412 5289 1476 5352 lroc
1507 5287 1667 5371 scriptum
1698 5287 1820 5354 visuris
1855 5288 2102 5372 inperpetuum.

86 5384 200 5456 Notum
227 5411 304 5458 esse
332 5392 487 5458 volumus
515 5394 584 5458 tam
613 5393 826 5477 presentibus
857 5413 958 5477 quam
989 5394 1118 5474 futuris,
1154 5395 1246 5476 quod
1274 5407 1350 5458 cum
1373 5393 1512 5459 eeclesia
1535 5398 1649 5460 nostra
1672 5394 1888 5462 intollerabili
1912 5398 2106 5478 gravaretur

183 5529 480 5575 wesema-aneon.
1849 5522 1888 5585 19
