5058 6792
433 427 499 492 ala
1430 435 1499 493 aco
1521 379 1526 389 ⁸

434 634 712 704 excommunicari
746 632 876 700 faciatis
910 653 972 718 per
1002 633 1191 699 sacerdotes
1225 632 1321 698 vobis
1356 632 1507 698 subditos
1537 631 1686 698 candelis
1717 632 1865 698 accensis
1900 636 1935 700 et
1966 635 2138 718 campanis
2169 636 2302 718 pulsatis
2330 641 2425 708 diebus

432 742 610 811 dominicis
635 745 668 807 et
690 739 831 822 festivis,
867 740 1066 805 mandantes
1090 759 1148 804 eos
1171 760 1192 804 a
1215 737 1339 804 Christi
1369 737 1524 804 fidelibus
1552 739 1669 804 evitari
1692 757 1869 822 quousque
1893 759 1968 805 cum
1992 740 2191 807 dominabus
2212 747 2307 826 prout
2326 746 2425 814 iustum

433 847 533 914 fuerit
555 847 807 931 composuerint
829 847 1033 912 memoratis.
1081 847 1203 912 Datum
1225 845 1420 910 Halberslat
1446 862 1534 909 anno
1559 844 1691 911 Domini
1720 844 1957 928 M⁰.CC⁰.LX⁰.,
1992 849 2029 912 V.
2052 848 2219 913 Kalendas
2240 849 2424 932 Septembris.

567 951 622 1018 Or.
654 955 699 1016 im
721 950 794 1037 Καὶ.
821 949 928 1016 Steti.
956 953 991 1014 in
1019 951 1171 1029 Mdneter,
1206 973 1230 1017 e.
1256 949 1365 1014 Marta
1390 952 1425 1013 in
1448 948 1577 1013 Mindon
1605 947 1669 1014 Nr.
1694 947 1724 1015 7.
1773 948 1877 1034 Siepel
1904 971 1962 1014 eon
1985 952 2053 1018 dem
2074 973 2133 1016 von
2155 953 2211 1016 der
2236 951 2370 1022 Urbem
2386 981 2426 1042 pe·

646 1070 788 1124 creantem
813 1055 1125 1143 Perpamentetreifen
1148 1055 1199 1122 ab.
1252 1053 1364 1140 Wepen
1385 1052 1573 1135 Neamdorf
1590 1056 1650 1140 apl.
1674 1053 1751 1120 oben
1776 1053 1835 1120 Nr.
1859 1056 1936 1136 555,
1959 1054 2027 1120 608
2048 1080 2080 1121 a.
2103 1055 2180 1123 609.

1403 1234 1493 1312 735.

429 1367 570 1459 Propot,
603 1364 760 1436 Dccbont
794 1363 868 1434 aad
902 1361 1107 1435 Kaaonilccr
1137 1362 1197 1433 des
1231 1361 1359 1432 Domes
1391 1362 1429 1432 ia
1463 1360 1689 1433 Halberstodt
1722 1360 1897 1432 oaeneon
1930 1362 1988 1433 dic
2020 1363 2352 1436 Eacommanitction
2379 1368 2426 1438 der

890 1468 1034 1541 Brrtder
1060 1490 1125 1539 voa
1152 1466 1365 1555 Nacodorf.
1420 1466 1646 1538 Halberstodt
1674 1469 1771 1540 1260
1797 1467 1934 1557 Aapast
1960 1472 2019 1544 29.

538 1589 609 1654 Nos
640 1589 853 1654 Hermannus
883 1586 1084 1670 prepositus
1119 1586 1291 1669 Wiggerus
1320 1587 1477 1667 decanus,
1513 1584 1606 1650 Cono
1636 1586 1678 1650 de
1706 1585 1839 1666 Diefolt,
1875 1586 2071 1651 Everwinus
2099 1589 2289 1670 prepositus
2315 1591 2426 1655 ecclesie

432 1697 540 1762 sancti
562 1695 724 1760 Bonifacii
749 1698 782 1758 et
806 1693 971 1758 Henricus
996 1694 1038 1757 de
1061 1693 1251 1774 Drondorp,
1277 1691 1570 1757 Halberstadensis
1594 1691 1731 1756 ecclesie
1755 1691 1905 1757 canonici
1928 1693 2154 1774 protestamur
2170 1694 2301 1776 publice
2315 1715 2368 1778 per
2380 1698 2427 1762 hec

430 1803 565 1885 scripta,
588 1801 677 1884 quod
700 1799 900 1864 venerabilis
924 1800 1021 1881 pater
1044 1801 1157 1862 noster
1178 1797 1334 1862 dominus
1350 1796 1514 1862 Volradus
1531 1798 1707 1880 episcopus
1723 1795 1930 1876 Bertoldum‚
1954 1799 2209 1881 Segebodonem
2225 1805 2257 1866 et
2272 1801 2426 1866 Johannen

428 1909 547 1974 fratres
571 1909 613 1974 de
635 1906 807 1988 Niendorp
843 1905 878 1970 in
902 1905 1048 1988 generali
1071 1905 1197 1987 synodo
1221 1903 1415 1968 Halberstat
1438 1903 1790 1969 excommunicationis
1823 1903 1957 1969 vinculo
1986 1903 2160 1970 innodavit
2186 1926 2249 1990 pro
2279 1927 2327 1988 ec,
2357 1909 2426 1990 quod

429 2015 555 2079 hiidem
588 2013 708 2078 fratres
742 2010 923 2076 venerabili
959 2009 1091 2076 domine
1127 2009 1295 2074 abbatisse
1319 2011 1353 2074 et
1376 2010 1555 2074 conventui
1584 2013 1699 2075 sancte
1731 2009 1833 2075 Marie
1868 2009 1903 2074 in
1928 2010 2039 2076 Minda
2062 2031 2200 2077 censum
2225 2011 2271 2077 eis
2293 2014 2426 2078 debonis

429 2120 578 2205 ipsarum
602 2119 752 2184 debiturn
776 2137 837 2200 per
861 2118 989 2198 septem
1013 2135 1178 2179 annorum
1202 2115 1353 2198 spacium
1376 2134 1443 2179 non
1467 2115 1641 2194 dederunt,
1665 2116 1756 2198 quod
1779 2115 1942 2180 universis
1965 2117 2119 2182 volumus
2144 2137 2220 2182 esse
2244 2120 2356 2183 notrun.
2395 2120 2426 2185 Et

430 2246 473 2290 ne
498 2227 655 2308 cuiquam
684 2225 724 2289 de
752 2225 814 2288 hac
843 2222 1010 2287 sententia
1045 2221 1185 2286 dubium
1220 2221 1357 2302 oriatur,
1393 2241 1435 2286 ne
1463 2221 1567 2286 eciam
1596 2221 1737 2304 predicti
1764 2223 1883 2286 fratres
1919 2242 1981 2305 per
2005 2243 2224 2307 quascunque
2247 2225 2427 2306 subtilitates,

429 2332 579 2397 malicias
611 2331 679 2394 sive
703 2331 838 2395 fraudes
862 2329 904 2394 ab
928 2330 991 2393 hac
1014 2327 1181 2392 sententia
1204 2348 1239 2392 se
1262 2327 1395 2393 valeant
1418 2346 1588 2407 excusare,
1622 2329 1660 2391 ut
1683 2327 1730 2392 sic
1753 2327 1879 2393 innoxii
1905 2328 2091 2407 videantur,
2126 2330 2214 2394 hanc
2242 2329 2373 2394 litteram
2397 2331 2428 2394 de

430 2439 611 2502 multorum
636 2439 726 2502 certa
748 2436 887 2501 scientia
909 2435 1048 2501 fecimus
1072 2434 1255 2516 sigillorum
1286 2436 1477 2498 nostrorum
1512 2434 1775 2517 appensionibus
1809 2433 1958 2501 roborari
1991 2454 2065 2499 eam
2093 2434 2233 2516 prefatis
2260 2436 2428 2500 dominabus

430 2564 531 2627 super
564 2543 627 2608 hiis
661 2543 697 2607 in
731 2541 960 2607 testimonium
995 2543 1181 2622 erogantes.
1237 2539 1359 2606 Datum
1393 2539 1588 2604 Halberslat
1623 2560 1710 2605 anno
1744 2540 1877 2605 Domini
1908 2540 2144 2622 M⁰.CC⁰.LX⁰.,
2180 2541 2255 2606 IIII.
2288 2541 2427 2606 Kalendas

430 2651 686 2819 sememgxstm
709 2753 781 2838 Καὶ.
809 2752 912 2818 sr-A.
936 2775 976 2816 zu
999 2753 1149 2830 altmar,
1174 2774 1199 2816 a
1224 2751 1332 2814 Mario
1354 2754 1389 2814 in
1411 2751 1540 2814 Mindon
1561 2748 1622 2815 Nr.
1639 2748 1669 2814 8.
1720 2748 1823 2835 Sieyel
1845 2751 1898 2814 det
1921 2749 2073 2815 Heinl‘t'dl
2095 2756 2151 2816 mit
2172 2753 2231 2817 der
2254 2753 2428 2837 Befeetipcop

643 2861 790 2937 verterem,
815 2860 864 2924 die
886 2863 951 2923 cier
975 2859 1111 2923 απάαααι
1133 2857 1221 2922 matr
1244 2857 1317 2921 oder
1338 2859 1473 2941 weniper
1497 2857 1684 2941 beechddipt.

1400 3038 1489 3114 736.

430 3168 500 3239 Die
527 3168 683 3253 Horrore
710 3165 829 3236 Albert
856 3163 929 3235 aad
956 3163 1095 3234 Jolann
1122 3185 1187 3234 coa
1220 3162 1484 3253 Breuescllwetp
1511 3161 1685 3232 betuadca
1713 3163 1812 3233 cioca
1847 3161 1994 3252 Vertrap
2020 3165 2083 3234 mit
2100 3159 2251 3253 Bisclrof
2274 3161 2430 3238 Wictetlod

755 3292 820 3342 oon
848 3268 1000 3341 Mindea
1026 3290 1141 3359 coepere
1167 3269 1251 3357 Stlfl
1278 3270 1351 3341 aad
1378 3269 1481 3341 Stadt
1508 3267 1668 3340 Hamcta.
1725 3266 1826 3338 1260
1853 3268 2048 3358 September
2076 3266 2135 3340 13.

534 3391 604 3455 Nos
632 3390 694 3454 Dei
724 3388 830 3472 gratia
856 3386 1015 3452 Albertus
1040 3388 1073 3450 et
1095 3387 1264 3452 lohannes
1293 3387 1395 3452 duces
1424 3387 1466 3450 de
1489 3385 1706 3450 Bruneswich
1735 3385 1890 3449 omnibus
1912 3385 1949 3449 in
1972 3388 2182 3469 perpetuum.
2233 3389 2431 3453 Protestamur

429 3499 464 3562 et
487 3500 601 3561 tenore
630 3495 838 3579 presentium
870 3495 987 3559 notum
1014 3491 1153 3556 facimus
1185 3493 1359 3574 universis,
1394 3493 1487 3574 quod
1513 3493 1600 3556 inter
1623 3491 1848 3556 venerabilem
1871 3493 2003 3574 patrem
2025 3493 2264 3558 Widekiudum
2286 3493 2432 3559 doninum

429 3603 640 3668 Mindensem
676 3601 870 3684 episcopum
902 3602 935 3663 et
964 3618 1059 3663 suam
1095 3598 1268 3664 ecclesiam
1299 3599 1334 3662 in
1361 3602 1458 3680 parte
1487 3617 1555 3661 una
1587 3600 1621 3661 et
1643 3616 1704 3661 nos
1728 3617 1768 3660 ex
1792 3598 1907 3678 altera,
1944 3599 2134 3663 reverendis
2158 3598 2192 3662 in
2217 3599 2346 3664 Christo
2370 3596 2432 3663 viris

430 3709 623 3772 Hermanno
648 3707 769 3770 abbate
793 3709 826 3769 et
850 3705 969 3770 isfrido
994 3707 1105 3786 priore
1137 3706 1179 3769 de
1208 3705 1320 3769 Lucka
1351 3709 1384 3770 et
1408 3705 1582 3769 ambarum
1605 3703 1749 3786 partium
1762 3702 1787 3782 1)
1811 3703 1925 3767 amicis
1951 3703 2184 3787 mediantibus
2221 3705 2297 3770 talis
2320 3704 2389 3769 unio
2408 3705 2432 3765 et

428 3813 536 3879 forma
559 3811 706 3876 annotate
730 3813 892 3894 perpetue
917 3813 967 3876 est
991 3810 1144 3876 ordinata
1167 3811 1291 3892 pariter
1313 3813 1347 3874 et
1368 3808 1510 3892 firmata,
1543 3829 1609 3874 non
1634 3810 1743 3874 solum
1766 3809 1853 3874 inter
1876 3829 1948 3889 noa,
1984 3811 2044 3874 sed
2067 3809 2169 3874 etiam
2192 3829 2213 3874 a
2237 3810 2354 3875 nostris
2375 3827 2433 3873 suc·

429 3919 615 3984 cessoribus
640 3917 818 4001 utrobique
842 3937 975 4000 semper
996 3914 1135 3982 firmiter
1159 3916 1383 3981 observanda:
1407 3916 1563 3980 dominus
1587 3916 1766 3998 episcopus
1782 3915 1963 3980 Mindensis
1986 3918 2020 3980 et
2041 3935 2102 3980 sua
2126 3915 2267 3982 ecclesia
2289 3919 2329 3982 de
2350 3916 2435 3978 libera

429 4025 601 4091 voluntate
625 4026 657 4087 et
682 4022 848 4088 communi
873 4041 1040 4087 consensu
1064 4022 1230 4086 dederunt
1252 4021 1349 4087 nobis
1373 4021 1406 4085 in
1430 4022 1604 4104 proprium
1629 4022 1867 4087 dimidietatem
1883 4022 1989 4105 predii
2006 4023 2180 4103 Hamelen‚
2204 4023 2294 4088 sicut
2308 4021 2435 4087 emerant

427 4130 470 4194 ab
492 4130 614 4194 abbate
631 4128 791 4194 Vuldensi
814 4131 847 4193 et
870 4148 931 4192 suo
956 4129 1133 4206 conventu,
1158 4147 1234 4192 cum
1258 4127 1413 4193 omnibus
1437 4128 1534 4193 bonis
1557 4130 1626 4193 tarn
1649 4127 1765 4193 solutis
1789 4147 1891 4210 quam
1913 4129 2074 4211 porrectis
2097 4129 2133 4193 in
2156 4130 2291 4210 pheodo
2314 4145 2435 4208 cumque

430 4237 521 4300 omni
545 4235 686 4300 utilitate
710 4254 749 4299 ac
772 4235 956 4299 attinentiis
981 4233 1143 4298 universis
1168 4233 1371 4298 decimarum
1395 4253 1530 4317 quoque
1554 4235 1595 4298 de
1619 4234 1805 4314 novalibus
1829 4254 1895 4317 que
1919 4252 1939 4298 a
1963 4235 2096 4300 domino
2120 4235 2280 4318 episcopo
2295 4254 2359 4299 non
2373 4234 2437 4296 sunt

429 4347 563 4424 recepte
588 4341 623 4405 in
645 4341 789 4424 pheodo,
814 4341 874 4406 sed
897 4360 957 4423 per
979 4338 1171 4404 violentiam
1181 4338 1206 4420 ¹)
1231 4342 1310 4404 suut
1334 4340 1477 4405 detenta.
1525 4341 1697 4404 Dederunt
1713 4340 1952 4406 dimidietatem
1968 4340 2065 4404 nobis
2081 4341 2137 4420 ita,
2160 4343 2198 4405 ut
2213 4341 2288 4406 illas
2304 4341 2343 4405 de
2358 4337 2436 4402 altari

429 4449 519 4513 beati
550 4448 640 4513 Petri
675 4467 750 4512 cum
785 4446 905 4513 baculo
941 4446 1122 4531 episcopali
1153 4446 1361 4530 recipiamus,
1397 4466 1459 4511 nec
1481 4449 1596 4510 tamen
1619 4448 1756 4529 propter
1779 4447 1843 4510 hoc
1866 4447 2003 4510 ecclesie
2027 4446 2192 4510 Mindensi
2217 4447 2368 4526 homagio
2388 4443 2437 4508 ali·

429 4557 596 4637 quatenus
618 4556 803 4618 teneamur.
850 4551 1066 4618 Advocatiam
1090 4573 1169 4617 vero
1194 4552 1333 4617 civitatis
1350 4551 1600 4636 Hamelensist)
1621 4551 1675 4616 vel
1698 4551 1825 4633 aliquid
1847 4551 1990 4633 illorum,
2015 4552 2106 4634 quod
2130 4553 2174 4616 ad
2196 4553 2305 4635 ipsam
2328 4551 2437 4634 spectat

429 4661 569 4725 interius
600 4660 669 4724 sive
700 4662 803 4740 extra,
838 4678 899 4723 nec
928 4659 1083 4723 dominus
1112 4658 1288 4742 episcopus
1318 4660 1391 4722 sine
1414 4658 1512 4723 nobis
1536 4677 1598 4724 nec
1621 4677 1684 4722 nos
1707 4658 1779 4722 sine
1802 4658 1876 4740 ipso
1899 4659 2068 4724 ullatenus
2093 4659 2368 4740 comparabimus,
2389 4653 2438 4718 sed

429 4767 471 4831 de
494 4765 567 4849 pari
589 4765 761 4831 voluntate
785 4767 819 4829 et
841 4764 979 4848 paribus
1003 4765 1157 4848 expensis
1181 4766 1391 4848 acquiremus
1415 4765 1473 4830 illa
1495 4768 1529 4828 et
1552 4783 1637 4846 eque
1659 4763 1747 4828 inter
1770 4783 1832 4828 nos
1857 4764 2052 4844 dividemus
2086 4764 2248 4847 quicquid
2268 4765 2312 4829 de
2334 4762 2392 4826 illis
2412 4761 2437 4822 et

428 4874 472 4938 de
496 4872 569 4937 aliis
592 4871 716 4953 poterit
740 4871 881 4936 derivari
905 4872 1031 4936 scilicet
1055 4871 1096 4935 de
1119 4871 1296 4952 conductu,
1332 4872 1373 4935 de
1396 4871 1545 4936 thelonio
1569 4872 1602 4935 et
1624 4872 1769 4936 moneta.
1816 4870 1975 4936 Preterea
2002 4871 2125 4952 omnia,
2160 4890 2226 4952 que
2257 4871 2292 4935 in
2321 4867 2437 4952 pheodo

430 4976 572 5042 conferri
607 4977 730 5041 debent
763 4978 831 5042 tam
866 4978 1113 5060 preposituram
1148 4997 1250 5059 quam
1277 4977 1343 5042 alia
1371 4977 1535 5041 Hamelen
1564 4976 1784 5058 spectantia¹)
1810 4977 1965 5044 dominus
1989 4977 2168 5058 episcopus
2192 4979 2226 5041 et
2248 4996 2310 5042 nos
2332 4973 2437 5058 pariter

428 5083 646 5169 porrigemus.
693 5083 853 5148 Similiter
875 5084 904 5146 si
926 5083 1072 5167 aliquem
1094 5083 1204 5146 locum
1226 5083 1389 5148 Hamelen
1414 5082 1619 5148 adiacentem
1640 5082 1794 5147 doninus
1818 5083 1996 5166 episcopus
2019 5085 2052 5147 et
2072 5102 2135 5148 nos
2156 5084 2198 5148 ad
2219 5081 2436 5164 agriculturam

428 5191 509 5255 dare
532 5189 737 5254 voluerimus
761 5191 794 5253 et
816 5188 1005 5271 indaginem
1032 5189 1142 5254 facere
1172 5188 1428 5269 decreverimus,
1463 5208 1580 5254 omnes
1604 5187 1741 5269 fructus
1777 5189 1835 5271 qui
1857 5190 1936 5254 inde
1959 5189 2075 5254 haberi
2098 5191 2251 5271 possunt,
2286 5187 2437 5252 internos

431 5294 594 5378 equaliter
617 5293 817 5377 parciemur.
864 5294 918 5359 Ad
941 5295 1002 5359 hec
1026 5295 1164 5378 opidum
1187 5295 1382 5375 Munderen,
1414 5294 1573 5378 quicquid
1596 5294 1639 5358 ad
1663 5294 1833 5359 dominum
1856 5295 2054 5378 episcopum
2078 5295 2119 5359 de
2143 5295 2199 5359 illo
2224 5295 2361 5377 spectat,
2381 5295 2437 5353 bur

427 5401 603 5467 advocatia
630 5419 730 5485 quam
758 5419 873 5465 omnes
907 5401 1072 5466 utilitates
1104 5401 1139 5467 in
1170 5402 1286 5484 pratia,
1322 5401 1454 5483 pascuis
1485 5403 1520 5466 et
1549 5399 1583 5463 in
1614 5399 1717 5480 silvis,
1750 5400 1841 5466 dedit
1870 5401 1968 5466 nobis
1998 5402 2107 5466 dictus
2135 5401 2314 5483 episcopus
2337 5399 2369 5462 et
2387 5411 2439 5459 sua

907 5714 930 5764 0
