<?xml version="1.0" encoding="UTF-8"?>
<!DOCTYPE html PUBLIC "-//W3C//DTD XHTML 1.0 Transitional//EN"
    "http://www.w3.org/TR/xhtml1/DTD/xhtml1-transitional.dtd">
<html xmlns="http://www.w3.org/1999/xhtml" xml:lang="en" lang="en">
 <head>
  <title>
</title>
<meta http-equiv="Content-Type" content="text/html;charset=utf-8" />
  <meta name='ocr-system' content='tesseract 3.04.00' />
  <meta name='ocr-capabilities' content='ocr_page ocr_carea ocr_par ocr_line ocrx_word'/>
</head>
<body>
  <div class='ocr_page' id='page_1' title='image "./westflischesurk00westgoog_0358.png"; bbox 0 0 5062 6776; ppageno 0'>
   <div class='ocr_carea' id='block_1_1' title="bbox 1059 452 1125 507">
    <p class='ocr_par' dir='ltr' id='par_1_1' title="bbox 1059 452 1125 507">
     <span class='ocr_line' id='line_1_1' title="bbox 1059 452 1125 507; baseline -0.015 0"><span class='ocrx_word' id='word_1_1' title='bbox 1059 452 1125 507; x_wconf 74' lang='lat'><strong>1277</strong></span> 
     </span>
    </p>
   </div>
   <div class='ocr_carea' id='block_1_2' title="bbox 1021 648 1138 728">
    <p class='ocr_par' dir='ltr' id='par_1_2' title="bbox 1021 648 1138 728">
     <span class='ocr_line' id='line_1_2' title="bbox 1021 648 1138 728; baseline 0.017 -2"><span class='ocrx_word' id='word_1_2' title='bbox 1021 648 1138 728; x_wconf 86' lang='lat'><strong>1086.</strong></span> 
     </span>
    </p>
   </div>
   <div class='ocr_carea' id='block_1_3' title="bbox 173 773 1973 954">
    <p class='ocr_par' dir='ltr' id='par_1_3' title="bbox 173 773 1973 954">
     <span class='ocr_line' id='line_1_3' title="bbox 173 773 1973 954; baseline 0 -104"><span class='ocrx_word' id='word_1_3' title='bbox 173 779 251 850; x_wconf 83' lang='lat' dir='ltr'><strong>Dos</strong></span> <span class='ocrx_word' id='word_1_4' title='bbox 278 777 496 871; x_wconf 78' lang='lat' dir='ltr'><strong>Dmnlopitel</strong></span> <span class='ocrx_word' id='word_1_5' title='bbox 523 799 586 848; x_wconf 85' lang='lat' dir='ltr'><strong>von</strong></span> <span class='ocrx_word' id='word_1_6' title='bbox 615 776 762 848; x_wconf 80' lang='lat' dir='ltr'><strong>Miodcn</strong></span> <span class='ocrx_word' id='word_1_7' title='bbox 789 776 1039 954; x_wconf 45' lang='lat' dir='ltr'><strong>roboam?</strong></span> <span class='ocrx_word' id='word_1_8' title='bbox 1047 798 1097 954; x_wconf 49' lang='lat' dir='ltr'><strong>I}</strong></span> <span class='ocrx_word' id='word_1_9' title='bbox 1119 773 1377 954; x_wconf 56' lang='grc' dir='ltr'><strong>θεοῖξεῖεαρεῖίε</strong></span> <span class='ocrx_word' id='word_1_10' title='bbox 1403 777 1440 847; x_wconf 84' lang='lat' dir='ltr'><strong>in</strong></span> <span class='ocrx_word' id='word_1_11' title='bbox 1469 776 1618 848; x_wconf 81' lang='lat' dir='ltr'><strong>Minden</strong></span> <span class='ocrx_word' id='word_1_12' title='bbox 1646 776 1756 849; x_wconf 77' lang='lat' dir='ltr'><strong>Grilcr</strong></span> <span class='ocrx_word' id='word_1_13' title='bbox 1780 778 1818 888; x_wconf 79' lang='lat' dir='ltr'><strong>in</strong></span> <span class='ocrx_word' id='word_1_14' title='bbox 1842 777 1973 850; x_wconf 81' lang='lat' dir='ltr'><strong>Ko‘lrlle.</strong></span> 
     </span>
     <span class='ocr_line' id='line_1_4' title="bbox 1093 891 1240 953; baseline 0.007 -1"><span class='ocrx_word' id='word_1_15' title='bbox 1093 891 1153 952; x_wconf 74' lang='lat' dir='ltr'><strong>dre</strong></span> <span class='ocrx_word' id='word_1_16' title='bbox 1232 938 1240 953; x_wconf 91' lang='lat'>.</span> 
     </span>
    </p>
   </div>
   <div class='ocr_carea' id='block_1_4' title="bbox 67 999 2086 3101">
    <p class='ocr_par' dir='ltr' id='par_1_4' title="bbox 67 999 2086 2992">
     <span class='ocr_line' id='line_1_5' title="bbox 171 999 2086 1087; baseline -0.001 -18"><span class='ocrx_word' id='word_1_17' title='bbox 171 1004 251 1070; x_wconf 89' lang='lat' dir='ltr'><strong>Otto</strong></span> <span class='ocrx_word' id='word_1_18' title='bbox 275 1002 475 1087; x_wconf 89' lang='lat' dir='ltr'><strong>prepositus,</strong></span> <span class='ocrx_word' id='word_1_19' title='bbox 500 1001 690 1068; x_wconf 88' lang='lat' dir='ltr'><strong>Gerhardus</strong></span> <span class='ocrx_word' id='word_1_20' title='bbox 714 1001 860 1066; x_wconf 87' lang='lat' dir='ltr'><strong>decanus</strong></span> <span class='ocrx_word' id='word_1_21' title='bbox 884 1004 918 1066; x_wconf 91' lang='lat' dir='ltr'><strong>et</strong></span> <span class='ocrx_word' id='word_1_22' title='bbox 941 999 1121 1084; x_wconf 87' lang='lat' dir='ltr'><strong>capitulum</strong></span> <span class='ocrx_word' id='word_1_23' title='bbox 1144 1001 1282 1066; x_wconf 83' lang='lat' dir='ltr'>ecclesie</span> <span class='ocrx_word' id='word_1_24' title='bbox 1305 1000 1488 1066; x_wconf 88' lang='lat' dir='ltr'><strong>Mindensis</strong></span> <span class='ocrx_word' id='word_1_25' title='bbox 1512 1001 1667 1065; x_wconf 89' lang='lat' dir='ltr'><strong>omnibus</strong></span> <span class='ocrx_word' id='word_1_26' title='bbox 1691 1002 1754 1066; x_wconf 90' lang='lat' dir='ltr'><strong>boe</strong></span> <span class='ocrx_word' id='word_1_27' title='bbox 1777 1002 1937 1086; x_wconf 91' lang='lat' dir='ltr'><strong>scriptum</strong></span> <span class='ocrx_word' id='word_1_28' title='bbox 1960 1003 2086 1070; x_wconf 83' lang='lat' dir='ltr'><strong>visuris</strong></span> 
     </span>
     <span class='ocr_line' id='line_1_6' title="bbox 70 1105 2082 1193; baseline -0.001 -17"><span class='ocrx_word' id='word_1_29' title='bbox 70 1113 112 1176; x_wconf 86' lang='lat' dir='ltr'><strong>ad</strong></span> <span class='ocrx_word' id='word_1_30' title='bbox 133 1112 330 1192; x_wconf 88' lang='lat' dir='ltr'><strong>perpetuam</strong></span> <span class='ocrx_word' id='word_1_31' title='bbox 354 1108 401 1173; x_wconf 89' lang='lat' dir='ltr'><strong>rei</strong></span> <span class='ocrx_word' id='word_1_32' title='bbox 424 1107 628 1174; x_wconf 80' lang='lat' dir='ltr'><strong>memoriam.</strong></span> <span class='ocrx_word' id='word_1_33' title='bbox 675 1108 719 1172; x_wconf 92' lang='lat' dir='ltr'><strong>Ut</strong></span> <span class='ocrx_word' id='word_1_34' title='bbox 741 1106 850 1171; x_wconf 91' lang='lat' dir='ltr'><strong>lucem</strong></span> <span class='ocrx_word' id='word_1_35' title='bbox 873 1105 1022 1172; x_wconf 87' lang='lat' dir='ltr'><strong>veritalis</strong></span> <span class='ocrx_word' id='word_1_36' title='bbox 1046 1109 1251 1189; x_wconf 83' lang='lat' dir='ltr'><strong>emergentes</strong></span> <span class='ocrx_word' id='word_1_37' title='bbox 1274 1106 1462 1189; x_wconf 81' lang='lat' dir='ltr'><strong>calumpnia</strong></span> <span class='ocrx_word' id='word_1_38' title='bbox 1487 1127 1554 1172; x_wconf 89' lang='lat' dir='ltr'><strong>non</strong></span> <span class='ocrx_word' id='word_1_39' title='bbox 1578 1106 1759 1172; x_wconf 78' lang='lat' dir='ltr'><strong>obscurent</strong></span> <span class='ocrx_word' id='word_1_40' title='bbox 1790 1111 1824 1172; x_wconf 90' lang='lat' dir='ltr'><strong>et</strong></span> <span class='ocrx_word' id='word_1_41' title='bbox 1846 1111 1983 1192; x_wconf 84' lang='lat' dir='ltr'><strong>negocia</strong></span> <span class='ocrx_word' id='word_1_42' title='bbox 2005 1130 2082 1193; x_wconf 87' lang='lat' dir='ltr'><strong>pre-</strong></span> 
     </span>
     <span class='ocr_line' id='line_1_7' title="bbox 68 1213 2080 1296; baseline -0.001 -14"><span class='ocrx_word' id='word_1_43' title='bbox 68 1217 167 1282; x_wconf 91' lang='lat' dir='ltr'><strong>sentis</strong></span> <span class='ocrx_word' id='word_1_44' title='bbox 191 1215 292 1280; x_wconf 87' lang='lat' dir='ltr'><strong>etatis</strong></span> <span class='ocrx_word' id='word_1_45' title='bbox 315 1214 436 1280; x_wconf 82' lang='lat' dir='ltr'><strong>oblivio</strong></span> <span class='ocrx_word' id='word_1_46' title='bbox 460 1233 526 1278; x_wconf 93' lang='lat' dir='ltr'><strong>non</strong></span> <span class='ocrx_word' id='word_1_47' title='bbox 550 1215 733 1294; x_wconf 87' lang='lat' dir='ltr'><strong>consumat,</strong></span> <span class='ocrx_word' id='word_1_48' title='bbox 758 1213 904 1296; x_wconf 86' lang='lat' dir='ltr'><strong>expedit,</strong></span> <span class='ocrx_word' id='word_1_49' title='bbox 929 1216 966 1278; x_wconf 92' lang='lat' dir='ltr'><strong>ut</strong></span> <span class='ocrx_word' id='word_1_50' title='bbox 981 1231 1091 1276; x_wconf 90' lang='lat' dir='ltr'><strong>rerum</strong></span> <span class='ocrx_word' id='word_1_51' title='bbox 1107 1215 1273 1294; x_wconf 84' lang='lat' dir='ltr'><strong>gestarum</strong></span> <span class='ocrx_word' id='word_1_52' title='bbox 1288 1213 1391 1277; x_wconf 89' lang='lat' dir='ltr'><strong>series</strong></span> <span class='ocrx_word' id='word_1_53' title='bbox 1408 1213 1595 1278; x_wconf 88' lang='lat' dir='ltr'><strong>litterarum</strong></span> <span class='ocrx_word' id='word_1_54' title='bbox 1610 1213 1761 1296; x_wconf 86' lang='lat' dir='ltr'>apicibus</span> <span class='ocrx_word' id='word_1_55' title='bbox 1778 1215 1955 1280; x_wconf 86' lang='lat' dir='ltr'><strong>etemetur.</strong></span> <span class='ocrx_word' id='word_1_56' title='bbox 1992 1215 2080 1280; x_wconf 90' lang='lat' dir='ltr'><strong>Sane</strong></span> 
     </span>
     <span class='ocr_line' id='line_1_8' title="bbox 68 1316 2081 1405; baseline -0.001 -17"><span class='ocrx_word' id='word_1_57' title='bbox 68 1324 108 1388; x_wconf 87' lang='lat' dir='ltr'><strong>ad</strong></span> <span class='ocrx_word' id='word_1_58' title='bbox 128 1322 363 1386; x_wconf 84' lang='lat' dir='ltr'><strong>universorum</strong></span> <span class='ocrx_word' id='word_1_59' title='bbox 386 1319 543 1385; x_wconf 83' lang='lat' dir='ltr'>noticiam</span> <span class='ocrx_word' id='word_1_60' title='bbox 567 1319 720 1402; x_wconf 87' lang='lat' dir='ltr'><strong>cupimus</strong></span> <span class='ocrx_word' id='word_1_61' title='bbox 742 1319 927 1402; x_wconf 86' lang='lat' dir='ltr'><strong>pervenire,</strong></span> <span class='ocrx_word' id='word_1_62' title='bbox 961 1320 1052 1400; x_wconf 90' lang='lat' dir='ltr'><strong>quod</strong></span> <span class='ocrx_word' id='word_1_63' title='bbox 1075 1338 1137 1382; x_wconf 89' lang='lat' dir='ltr'><strong>nos</strong></span> <span class='ocrx_word' id='word_1_64' title='bbox 1159 1316 1371 1384; x_wconf 87' lang='lat' dir='ltr'><strong>medietatem</strong></span> <span class='ocrx_word' id='word_1_65' title='bbox 1395 1320 1557 1384; x_wconf 90' lang='lat' dir='ltr'><strong>bonorum</strong></span> <span class='ocrx_word' id='word_1_66' title='bbox 1580 1317 1615 1382; x_wconf 91' lang='lat' dir='ltr'><strong>in</strong></span> <span class='ocrx_word' id='word_1_67' title='bbox 1639 1318 1788 1400; x_wconf 89' lang='lat' dir='ltr'><strong>Coletbe,</strong></span> <span class='ocrx_word' id='word_1_68' title='bbox 1822 1340 1891 1403; x_wconf 88' lang='lat' dir='ltr'><strong>que</strong></span> <span class='ocrx_word' id='word_1_69' title='bbox 1912 1341 2081 1405; x_wconf 88' lang='lat' dir='ltr'><strong>compara-</strong></span> 
     </span>
     <span class='ocr_line' id='line_1_9' title="bbox 69 1423 2081 1509; baseline 0 -18"><span class='ocrx_word' id='word_1_70' title='bbox 69 1427 170 1492; x_wconf 79' lang='lat' dir='ltr'><strong>vimus</strong></span> <span class='ocrx_word' id='word_1_71' title='bbox 205 1446 270 1509; x_wconf 91' lang='lat' dir='ltr'><strong>pro</strong></span> <span class='ocrx_word' id='word_1_72' title='bbox 307 1428 440 1491; x_wconf 92' lang='lat' dir='ltr'><strong>centum</strong></span> <span class='ocrx_word' id='word_1_73' title='bbox 476 1426 596 1490; x_wconf 89' lang='lat' dir='ltr'><strong>marcis</strong></span> <span class='ocrx_word' id='word_1_74' title='bbox 631 1426 673 1489; x_wconf 88' lang='lat' dir='ltr'><strong>ab</strong></span> <span class='ocrx_word' id='word_1_75' title='bbox 706 1423 845 1490; x_wconf 89' lang='lat' dir='ltr'><strong>ecclesia</strong></span> <span class='ocrx_word' id='word_1_76' title='bbox 879 1424 1049 1505; x_wconf 90' lang='lat' dir='ltr'><strong>Scilische,</strong></span> <span class='ocrx_word' id='word_1_77' title='bbox 1084 1425 1218 1490; x_wconf 91' lang='lat' dir='ltr'><strong>domino</strong></span> <span class='ocrx_word' id='word_1_78' title='bbox 1247 1424 1395 1489; x_wconf 89' lang='lat' dir='ltr'><strong>anoni</strong></span> <span class='ocrx_word' id='word_1_79' title='bbox 1424 1424 1595 1507; x_wconf 89' lang='lat' dir='ltr'><strong>capellano</strong></span> <span class='ocrx_word' id='word_1_80' title='bbox 1626 1427 1731 1490; x_wconf 87' lang='lat' dir='ltr'><strong>sancti</strong></span> <span class='ocrx_word' id='word_1_81' title='bbox 1755 1425 1888 1508; x_wconf 86' lang='lat' dir='ltr'><strong>Georgii</strong></span> <span class='ocrx_word' id='word_1_82' title='bbox 1915 1426 2081 1492; x_wconf 90' lang='lat' dir='ltr'><strong>Mindensi</strong></span> 
     </span>
     <span class='ocr_line' id='line_1_10' title="bbox 70 1529 2082 1616; baseline 0 -20"><span class='ocrx_word' id='word_1_83' title='bbox 70 1533 197 1597; x_wconf 89' lang='lat' dir='ltr'><strong>nomine</strong></span> <span class='ocrx_word' id='word_1_84' title='bbox 222 1531 350 1616; x_wconf 90' lang='lat' dir='ltr'><strong>capelle</strong></span> <span class='ocrx_word' id='word_1_85' title='bbox 374 1530 479 1614; x_wconf 92' lang='lat' dir='ltr'><strong>ipsius</strong></span> <span class='ocrx_word' id='word_1_86' title='bbox 504 1531 715 1596; x_wconf 84' lang='lat' dir='ltr'><strong>vendidimus</strong></span> <span class='ocrx_word' id='word_1_87' title='bbox 742 1549 803 1613; x_wconf 88' lang='lat' dir='ltr'><strong>pro</strong></span> <span class='ocrx_word' id='word_1_88' title='bbox 828 1530 1045 1613; x_wconf 87' lang='lat' dir='ltr'><strong>quadraginta</strong></span> <span class='ocrx_word' id='word_1_89' title='bbox 1068 1531 1189 1596; x_wconf 89' lang='lat' dir='ltr'><strong>marcis</strong></span> <span class='ocrx_word' id='word_1_90' title='bbox 1212 1529 1401 1596; x_wconf 91' lang='lat' dir='ltr'><strong>Bremensis</strong></span> <span class='ocrx_word' id='word_1_91' title='bbox 1425 1531 1561 1612; x_wconf 78' lang='lat' dir='ltr'><strong>argenti,</strong></span> <span class='ocrx_word' id='word_1_92' title='bbox 1585 1530 1766 1596; x_wconf 83' lang='lat' dir='ltr'><strong>adicientes</strong></span> <span class='ocrx_word' id='word_1_93' title='bbox 1790 1532 1915 1597; x_wconf 91' lang='lat' dir='ltr'><strong>eisdem</strong></span> <span class='ocrx_word' id='word_1_94' title='bbox 1939 1535 2082 1615; x_wconf 86' lang='lat' dir='ltr'><strong>quadra·</strong></span> 
     </span>
     <span class='ocr_line' id='line_1_11' title="bbox 67 1635 2082 1722; baseline 0 -20"><span class='ocrx_word' id='word_1_95' title='bbox 67 1639 154 1722; x_wconf 86' lang='lat' dir='ltr'><strong>ginta</strong></span> <span class='ocrx_word' id='word_1_96' title='bbox 176 1637 299 1703; x_wconf 85' lang='lat' dir='ltr'><strong>marcis</strong></span> <span class='ocrx_word' id='word_1_97' title='bbox 322 1637 357 1700; x_wconf 90' lang='lat' dir='ltr'><strong>in</strong></span> <span class='ocrx_word' id='word_1_98' title='bbox 380 1637 498 1702; x_wconf 87' lang='lat' dir='ltr'><strong>eodem</strong></span> <span class='ocrx_word' id='word_1_99' title='bbox 522 1637 693 1701; x_wconf 88' lang='lat' dir='ltr'><strong>contractu</strong></span> <span class='ocrx_word' id='word_1_100' title='bbox 717 1635 832 1701; x_wconf 90' lang='lat' dir='ltr'><strong>decern</strong></span> <span class='ocrx_word' id='word_1_101' title='bbox 854 1655 983 1701; x_wconf 89' lang='lat' dir='ltr'><strong>marcas</strong></span> <span class='ocrx_word' id='word_1_102' title='bbox 1007 1636 1198 1702; x_wconf 91' lang='lat' dir='ltr'><strong>conditione</strong></span> <span class='ocrx_word' id='word_1_103' title='bbox 1220 1637 1289 1717; x_wconf 88' lang='lat' dir='ltr'><strong>tali,</strong></span> <span class='ocrx_word' id='word_1_104' title='bbox 1314 1640 1351 1701; x_wconf 90' lang='lat' dir='ltr'><strong>ut</strong></span> <span class='ocrx_word' id='word_1_105' title='bbox 1374 1635 1460 1701; x_wconf 90' lang='lat' dir='ltr'><strong>idem</strong></span> <span class='ocrx_word' id='word_1_106' title='bbox 1482 1637 1675 1719; x_wconf 84' lang='lat' dir='ltr'><strong>capellanus</strong></span> <span class='ocrx_word' id='word_1_107' title='bbox 1692 1640 1725 1701; x_wconf 90' lang='lat' dir='ltr'><strong>et</strong></span> <span class='ocrx_word' id='word_1_108' title='bbox 1740 1656 1949 1703; x_wconf 90' lang='lat' dir='ltr'><strong>successores</strong></span> <span class='ocrx_word' id='word_1_109' title='bbox 1964 1639 2082 1721; x_wconf 90' lang='lat' dir='ltr'><strong>ipsius,</strong></span> 
     </span>
     <span class='ocr_line' id='line_1_12' title="bbox 68 1742 2081 1828; baseline 0 -20"><span class='ocrx_word' id='word_1_110' title='bbox 68 1746 120 1828; x_wconf 90' lang='lat' dir='ltr'><strong>qui</strong></span> <span class='ocrx_word' id='word_1_111' title='bbox 143 1765 204 1826; x_wconf 91' lang='lat' dir='ltr'><strong>pro</strong></span> <span class='ocrx_word' id='word_1_112' title='bbox 228 1747 380 1827; x_wconf 87' lang='lat' dir='ltr'><strong>tempore</strong></span> <span class='ocrx_word' id='word_1_113' title='bbox 403 1744 438 1809; x_wconf 92' lang='lat' dir='ltr'><strong>in</strong></span> <span class='ocrx_word' id='word_1_114' title='bbox 461 1746 578 1810; x_wconf 90' lang='lat' dir='ltr'><strong>eadem</strong></span> <span class='ocrx_word' id='word_1_115' title='bbox 601 1743 729 1826; x_wconf 89' lang='lat' dir='ltr'><strong>capella</strong></span> <span class='ocrx_word' id='word_1_116' title='bbox 751 1743 893 1807; x_wconf 86' lang='lat' dir='ltr'><strong>instituti</strong></span> <span class='ocrx_word' id='word_1_117' title='bbox 916 1742 1050 1822; x_wconf 84' lang='lat' dir='ltr'><strong>fuerint,</strong></span> <span class='ocrx_word' id='word_1_118' title='bbox 1073 1743 1218 1808; x_wconf 88' lang='lat' dir='ltr'><strong>debeant</strong></span> <span class='ocrx_word' id='word_1_119' title='bbox 1242 1745 1320 1808; x_wconf 89' lang='lat' dir='ltr'><strong>dare</strong></span> <span class='ocrx_word' id='word_1_120' title='bbox 1343 1743 1487 1807; x_wconf 90' lang='lat' dir='ltr'><strong>dominis</strong></span> <span class='ocrx_word' id='word_1_121' title='bbox 1510 1742 1633 1807; x_wconf 85' lang='lat' dir='ltr'><strong>nostris</strong></span> <span class='ocrx_word' id='word_1_122' title='bbox 1656 1742 1796 1825; x_wconf 90' lang='lat' dir='ltr'><strong>singulis</strong></span> <span class='ocrx_word' id='word_1_123' title='bbox 1820 1745 1915 1809; x_wconf 89' lang='lat' dir='ltr'><strong>annis</strong></span> <span class='ocrx_word' id='word_1_124' title='bbox 1937 1743 1973 1809; x_wconf 91' lang='lat' dir='ltr'><strong>in</strong></span> <span class='ocrx_word' id='word_1_125' title='bbox 1997 1746 2081 1810; x_wconf 84' lang='lat' dir='ltr'><strong>festo</strong></span> 
     </span>
     <span class='ocr_line' id='line_1_13' title="bbox 68 1848 2082 1915; baseline 0 -2"><span class='ocrx_word' id='word_1_126' title='bbox 68 1849 210 1915; x_wconf 91' lang='lat' dir='ltr'><strong>omnium</strong></span> <span class='ocrx_word' id='word_1_127' title='bbox 243 1853 435 1915; x_wconf 87' lang='lat' dir='ltr'><strong>sanctorum</strong></span> <span class='ocrx_word' id='word_1_128' title='bbox 466 1849 596 1915; x_wconf 87' lang='lat' dir='ltr'><strong>ratione</strong></span> <span class='ocrx_word' id='word_1_129' title='bbox 629 1850 744 1914; x_wconf 91' lang='lat' dir='ltr'><strong>decem</strong></span> <span class='ocrx_word' id='word_1_130' title='bbox 767 1868 953 1914; x_wconf 87' lang='lat' dir='ltr'><strong>marcarum</strong></span> <span class='ocrx_word' id='word_1_131' title='bbox 977 1849 1182 1914; x_wconf 87' lang='lat' dir='ltr'><strong>adiectarum</strong></span> <span class='ocrx_word' id='word_1_132' title='bbox 1206 1848 1467 1914; x_wconf 89' lang='lat' dir='ltr'><strong>consolationem</strong></span> <span class='ocrx_word' id='word_1_133' title='bbox 1491 1849 1665 1915; x_wconf 89' lang='lat' dir='ltr'><strong>duodecim</strong></span> <span class='ocrx_word' id='word_1_134' title='bbox 1689 1848 1879 1914; x_wconf 89' lang='lat' dir='ltr'><strong>solidorum.</strong></span> <span class='ocrx_word' id='word_1_135' title='bbox 1927 1851 2030 1914; x_wconf 91' lang='lat' dir='ltr'><strong>Porro</strong></span> <span class='ocrx_word' id='word_1_136' title='bbox 2053 1851 2082 1914; x_wconf 91' lang='lat' dir='ltr'><strong>si</strong></span> 
     </span>
     <span class='ocr_line' id='line_1_14' title="bbox 67 1955 2083 2038; baseline 0.001 -20"><span class='ocrx_word' id='word_1_137' title='bbox 67 1955 250 2038; x_wconf 90' lang='lat' dir='ltr'><strong>predictum</strong></span> <span class='ocrx_word' id='word_1_138' title='bbox 274 1955 466 2021; x_wconf 90' lang='lat' dir='ltr'><strong>Brunouem</strong></span> <span class='ocrx_word' id='word_1_139' title='bbox 490 1976 510 2019; x_wconf 92' lang='lat' dir='ltr'><strong>a</strong></span> <span class='ocrx_word' id='word_1_140' title='bbox 533 1956 660 2038; x_wconf 87' lang='lat' dir='ltr'><strong>capella</strong></span> <span class='ocrx_word' id='word_1_141' title='bbox 683 1955 789 2020; x_wconf 91' lang='lat' dir='ltr'><strong>sancti</strong></span> <span class='ocrx_word' id='word_1_142' title='bbox 814 1955 944 2037; x_wconf 89' lang='lat' dir='ltr'><strong>Georgii</strong></span> <span class='ocrx_word' id='word_1_143' title='bbox 969 1955 1141 2020; x_wconf 87' lang='lat' dir='ltr'><strong>discedere</strong></span> <span class='ocrx_word' id='word_1_144' title='bbox 1164 1955 1381 2038; x_wconf 88' lang='lat' dir='ltr'><strong>contingeret,</strong></span> <span class='ocrx_word' id='word_1_145' title='bbox 1405 1955 1607 2038; x_wconf 84' lang='lat' dir='ltr'><strong>capellanus,</strong></span> <span class='ocrx_word' id='word_1_146' title='bbox 1639 1955 1697 2038; x_wconf 90' lang='lat' dir='ltr'><strong>qui</strong></span> <span class='ocrx_word' id='word_1_147' title='bbox 1725 1959 1801 2038; x_wconf 89' lang='lat' dir='ltr'><strong>post</strong></span> <span class='ocrx_word' id='word_1_148' title='bbox 1823 1955 1934 2038; x_wconf 89' lang='lat' dir='ltr'><strong>ipsum</strong></span> <span class='ocrx_word' id='word_1_149' title='bbox 1957 1955 2083 2020; x_wconf 90' lang='lat' dir='ltr'><strong>ibidem</strong></span> 
     </span>
     <span class='ocr_line' id='line_1_15' title="bbox 68 2059 2083 2144; baseline 0 -20"><span class='ocrx_word' id='word_1_150' title='bbox 68 2061 236 2126; x_wconf 90' lang='lat' dir='ltr'><strong>institutus</strong></span> <span class='ocrx_word' id='word_1_151' title='bbox 262 2060 374 2139; x_wconf 88' lang='lat' dir='ltr'><strong>fuerit,</strong></span> <span class='ocrx_word' id='word_1_152' title='bbox 407 2063 501 2127; x_wconf 86' lang='lat' dir='ltr'><strong>dabit</strong></span> <span class='ocrx_word' id='word_1_153' title='bbox 523 2063 554 2126; x_wconf 91' lang='lat' dir='ltr'><strong>ei</strong></span> <span class='ocrx_word' id='word_1_154' title='bbox 577 2061 714 2144; x_wconf 86' lang='lat' dir='ltr'><strong>singulis</strong></span> <span class='ocrx_word' id='word_1_155' title='bbox 739 2062 835 2126; x_wconf 87' lang='lat' dir='ltr'><strong>annis</strong></span> <span class='ocrx_word' id='word_1_156' title='bbox 861 2061 1034 2126; x_wconf 89' lang='lat' dir='ltr'><strong>dimidium</strong></span> <span class='ocrx_word' id='word_1_157' title='bbox 1058 2059 1245 2144; x_wconf 90' lang='lat' dir='ltr'><strong>plaustrum</strong></span> <span class='ocrx_word' id='word_1_158' title='bbox 1268 2079 1409 2142; x_wconf 83' lang='lat' dir='ltr'><strong>annone,</strong></span> <span class='ocrx_word' id='word_1_159' title='bbox 1434 2061 1529 2125; x_wconf 90' lang='lat' dir='ltr'><strong>cuius</strong></span> <span class='ocrx_word' id='word_1_160' title='bbox 1551 2059 1712 2125; x_wconf 87' lang='lat' dir='ltr'><strong>medietas</strong></span> <span class='ocrx_word' id='word_1_161' title='bbox 1729 2061 1793 2124; x_wconf 89' lang='lat' dir='ltr'><strong>erit</strong></span> <span class='ocrx_word' id='word_1_162' title='bbox 1809 2061 1957 2142; x_wconf 85' lang='lat' dir='ltr'><strong>ordeum,</strong></span> <span class='ocrx_word' id='word_1_163' title='bbox 1974 2061 2083 2127; x_wconf 90' lang='lat' dir='ltr'><strong>media</strong></span> 
     </span>
     <span class='ocr_line' id='line_1_16' title="bbox 68 2166 2082 2251; baseline 0.001 -19"><span class='ocrx_word' id='word_1_164' title='bbox 68 2187 141 2250; x_wconf 89' lang='lat' dir='ltr'><strong>pars</strong></span> <span class='ocrx_word' id='word_1_165' title='bbox 171 2167 278 2250; x_wconf 89' lang='lat' dir='ltr'><strong>siligo.</strong></span> <span class='ocrx_word' id='word_1_166' title='bbox 326 2169 363 2234; x_wconf 90' lang='lat' dir='ltr'><strong>Si</strong></span> <span class='ocrx_word' id='word_1_167' title='bbox 398 2189 476 2233; x_wconf 90' lang='lat' dir='ltr'><strong>vero</strong></span> <span class='ocrx_word' id='word_1_168' title='bbox 503 2169 616 2251; x_wconf 88' lang='lat' dir='ltr'><strong>ipsum</strong></span> <span class='ocrx_word' id='word_1_169' title='bbox 646 2168 807 2232; x_wconf 90' lang='lat' dir='ltr'><strong>decedere</strong></span> <span class='ocrx_word' id='word_1_170' title='bbox 842 2167 1047 2250; x_wconf 87' lang='lat' dir='ltr'><strong>contingeret</strong></span> <span class='ocrx_word' id='word_1_171' title='bbox 1080 2170 1186 2232; x_wconf 88' lang='lat' dir='ltr'><strong>matre</strong></span> <span class='ocrx_word' id='word_1_172' title='bbox 1214 2187 1275 2232; x_wconf 89' lang='lat' dir='ltr'><strong>sua</strong></span> <span class='ocrx_word' id='word_1_173' title='bbox 1297 2167 1488 2250; x_wconf 90' lang='lat' dir='ltr'><strong>superstite,</strong></span> <span class='ocrx_word' id='word_1_174' title='bbox 1518 2167 1583 2250; x_wconf 93' lang='lat' dir='ltr'><strong>ipsi</strong></span> <span class='ocrx_word' id='word_1_175' title='bbox 1606 2166 1777 2251; x_wconf 89' lang='lat' dir='ltr'><strong>superstiti</strong></span> <span class='ocrx_word' id='word_1_176' title='bbox 1800 2167 1955 2232; x_wconf 88' lang='lat' dir='ltr'><strong>malcium</strong></span> <span class='ocrx_word' id='word_1_177' title='bbox 1978 2188 2082 2234; x_wconf 92' lang='lat' dir='ltr'><strong>unum</strong></span> 
     </span>
     <span class='ocr_line' id='line_1_17' title="bbox 68 2271 2083 2359; baseline 0.001 -24"><span class='ocrx_word' id='word_1_178' title='bbox 68 2272 202 2354; x_wconf 91' lang='lat' dir='ltr'><strong>siliginis</strong></span> <span class='ocrx_word' id='word_1_179' title='bbox 227 2274 325 2338; x_wconf 92' lang='lat' dir='ltr'><strong>annis</strong></span> <span class='ocrx_word' id='word_1_180' title='bbox 349 2273 485 2356; x_wconf 89' lang='lat' dir='ltr'><strong>singulis</strong></span> <span class='ocrx_word' id='word_1_181' title='bbox 509 2275 622 2359; x_wconf 88' lang='lat' dir='ltr'><strong>quoad</strong></span> <span class='ocrx_word' id='word_1_182' title='bbox 643 2271 763 2337; x_wconf 84' lang='lat' dir='ltr'><strong>vixerit</strong></span> <span class='ocrx_word' id='word_1_183' title='bbox 786 2273 920 2338; x_wconf 87' lang='lat' dir='ltr'><strong>debebit</strong></span> <span class='ocrx_word' id='word_1_184' title='bbox 944 2274 1130 2338; x_wconf 87' lang='lat' dir='ltr'><strong>antedictus</strong></span> <span class='ocrx_word' id='word_1_185' title='bbox 1153 2273 1322 2338; x_wconf 86' lang='lat' dir='ltr'><strong>exsolvere</strong></span> <span class='ocrx_word' id='word_1_186' title='bbox 1346 2273 1546 2357; x_wconf 85' lang='lat' dir='ltr'><strong>capellanus.</strong></span> <span class='ocrx_word' id='word_1_187' title='bbox 1593 2273 1722 2338; x_wconf 90' lang='lat' dir='ltr'><strong>Placuit</strong></span> <span class='ocrx_word' id='word_1_188' title='bbox 1745 2275 1845 2338; x_wconf 88' lang='lat' dir='ltr'><strong>etiam</strong></span> <span class='ocrx_word' id='word_1_189' title='bbox 1875 2275 1944 2337; x_wconf 88' lang='lat' dir='ltr'><strong>tam</strong></span> <span class='ocrx_word' id='word_1_190' title='bbox 1967 2274 2083 2338; x_wconf 86' lang='lat' dir='ltr'><strong>vendi·</strong></span> 
     </span>
     <span class='ocr_line' id='line_1_18' title="bbox 67 2369 2083 2464; baseline 0.001 -24"><span class='ocrx_word' id='word_1_191' title='bbox 67 2377 193 2442; x_wconf 90' lang='lat' dir='ltr'><strong>toribus</strong></span> <span class='ocrx_word' id='word_1_192' title='bbox 218 2398 321 2461; x_wconf 88' lang='lat' dir='ltr'><strong>quarn</strong></span> <span class='ocrx_word' id='word_1_193' title='bbox 345 2379 487 2463; x_wconf 85' lang='lat' dir='ltr'><strong>emptori</strong></span> <span class='ocrx_word' id='word_1_194' title='bbox 512 2369 711 2444; x_wconf 87' lang='lat' dir='ltr'><strong>conditionis</strong></span> <span class='ocrx_word' id='word_1_195' title='bbox 735 2379 874 2444; x_wconf 83' lang='lat' dir='ltr'><strong>adiectio</strong></span> <span class='ocrx_word' id='word_1_196' title='bbox 898 2378 1117 2462; x_wconf 85' lang='lat' dir='ltr'><strong>infrascripta,</strong></span> <span class='ocrx_word' id='word_1_197' title='bbox 1140 2379 1292 2444; x_wconf 88' lang='lat' dir='ltr'><strong>videlicet</strong></span> <span class='ocrx_word' id='word_1_198' title='bbox 1315 2382 1352 2444; x_wconf 91' lang='lat' dir='ltr'><strong>ut</strong></span> <span class='ocrx_word' id='word_1_199' title='bbox 1375 2383 1514 2462; x_wconf 86' lang='lat' dir='ltr'><strong>utraque</strong></span> <span class='ocrx_word' id='word_1_200' title='bbox 1531 2399 1608 2464; x_wconf 90' lang='lat' dir='ltr'><strong>pars</strong></span> <span class='ocrx_word' id='word_1_201' title='bbox 1625 2379 1897 2444; x_wconf 89' lang='lat' dir='ltr'><strong>contrahencium</strong></span> <span class='ocrx_word' id='word_1_202' title='bbox 1912 2378 1963 2443; x_wconf 92' lang='lat' dir='ltr'><strong>vel</strong></span> <span class='ocrx_word' id='word_1_203' title='bbox 1981 2379 2083 2444; x_wconf 86' lang='lat' dir='ltr'><strong>altera</strong></span> 
     </span>
     <span class='ocr_line' id='line_1_19' title="bbox 67 2484 2084 2568; baseline 0.001 -21"><span class='ocrx_word' id='word_1_204' title='bbox 67 2486 203 2566; x_wconf 87' lang='lat' dir='ltr'><strong>tantum,</strong></span> <span class='ocrx_word' id='word_1_205' title='bbox 229 2484 259 2548; x_wconf 91' lang='lat' dir='ltr'><strong>si</strong></span> <span class='ocrx_word' id='word_1_206' title='bbox 283 2486 348 2550; x_wconf 92' lang='lat' dir='ltr'><strong>sibi</strong></span> <span class='ocrx_word' id='word_1_207' title='bbox 369 2485 477 2550; x_wconf 81' lang='lat' dir='ltr'><strong>visum</strong></span> <span class='ocrx_word' id='word_1_208' title='bbox 501 2485 599 2550; x_wconf 89' lang='lat' dir='ltr'><strong>luerit</strong></span> <span class='ocrx_word' id='word_1_209' title='bbox 622 2485 788 2568; x_wconf 81' lang='lat' dir='ltr'><strong>expedire,</strong></span> <span class='ocrx_word' id='word_1_210' title='bbox 812 2485 919 2568; x_wconf 88' lang='lat' dir='ltr'><strong>possit</strong></span> <span class='ocrx_word' id='word_1_211' title='bbox 942 2488 1146 2551; x_wconf 88' lang='lat' dir='ltr'><strong>contractum</strong></span> <span class='ocrx_word' id='word_1_212' title='bbox 1170 2486 1356 2551; x_wconf 89' lang='lat' dir='ltr'><strong>rescindere</strong></span> <span class='ocrx_word' id='word_1_213' title='bbox 1380 2486 1583 2551; x_wconf 88' lang='lat' dir='ltr'><strong>restituendo</strong></span> <span class='ocrx_word' id='word_1_214' title='bbox 1598 2488 1650 2551; x_wconf 90' lang='lat' dir='ltr'><strong>vel</strong></span> <span class='ocrx_word' id='word_1_215' title='bbox 1666 2485 1849 2568; x_wconf 91' lang='lat' dir='ltr'><strong>repetendo</strong></span> <span class='ocrx_word' id='word_1_216' title='bbox 1866 2484 2084 2568; x_wconf 86' lang='lat' dir='ltr'><strong>quadraginta</strong></span> 
     </span>
     <span class='ocr_line' id='line_1_20' title="bbox 68 2590 2083 2674; baseline 0 -20"><span class='ocrx_word' id='word_1_217' title='bbox 68 2609 191 2654; x_wconf 87' lang='lat' dir='ltr'><strong>marcas</strong></span> <span class='ocrx_word' id='word_1_218' title='bbox 216 2591 371 2674; x_wconf 90' lang='lat' dir='ltr'><strong>superius</strong></span> <span class='ocrx_word' id='word_1_219' title='bbox 395 2593 593 2670; x_wconf 89' lang='lat' dir='ltr'><strong>nominatas,</strong></span> <span class='ocrx_word' id='word_1_220' title='bbox 618 2591 732 2656; x_wconf 89' lang='lat' dir='ltr'><strong>decem</strong></span> <span class='ocrx_word' id='word_1_221' title='bbox 755 2591 874 2655; x_wconf 91' lang='lat' dir='ltr'><strong>marcis</strong></span> <span class='ocrx_word' id='word_1_222' title='bbox 897 2590 980 2673; x_wconf 91' lang='lat' dir='ltr'><strong>ipsis</strong></span> <span class='ocrx_word' id='word_1_223' title='bbox 1004 2591 1138 2657; x_wconf 88' lang='lat' dir='ltr'><strong>adiectis</strong></span> <span class='ocrx_word' id='word_1_224' title='bbox 1162 2593 1412 2657; x_wconf 91' lang='lat' dir='ltr'><strong>remanentibus</strong></span> <span class='ocrx_word' id='word_1_225' title='bbox 1435 2593 1470 2656; x_wconf 95' lang='lat' dir='ltr'><strong>in</strong></span> <span class='ocrx_word' id='word_1_226' title='bbox 1493 2592 1590 2658; x_wconf 88' lang='lat' dir='ltr'><strong>bonis</strong></span> <span class='ocrx_word' id='word_1_227' title='bbox 1614 2592 1757 2672; x_wconf 89' lang='lat' dir='ltr'><strong>eisdem;</strong></span> <span class='ocrx_word' id='word_1_228' title='bbox 1782 2611 1849 2657; x_wconf 91' lang='lat' dir='ltr'><strong>non</strong></span> <span class='ocrx_word' id='word_1_229' title='bbox 1871 2594 1983 2656; x_wconf 86' lang='lat' dir='ltr'><strong>tamen</strong></span> <span class='ocrx_word' id='word_1_230' title='bbox 1998 2610 2083 2673; x_wconf 91' lang='lat' dir='ltr'><strong>quo-</strong></span> 
     </span>
     <span class='ocr_line' id='line_1_21' title="bbox 69 2696 2082 2781; baseline 0.001 -22"><span class='ocrx_word' id='word_1_231' title='bbox 69 2696 145 2760; x_wconf 88' lang='lat' dir='ltr'><strong>libet</strong></span> <span class='ocrx_word' id='word_1_232' title='bbox 167 2698 331 2780; x_wconf 90' lang='lat' dir='ltr'><strong>temporis</strong></span> <span class='ocrx_word' id='word_1_233' title='bbox 355 2697 495 2762; x_wconf 86' lang='lat' dir='ltr'><strong>instanti</strong></span> <span class='ocrx_word' id='word_1_234' title='bbox 518 2699 582 2762; x_wconf 91' lang='lat' dir='ltr'><strong>hoc</strong></span> <span class='ocrx_word' id='word_1_235' title='bbox 605 2698 711 2778; x_wconf 91' lang='lat' dir='ltr'><strong>liceat,</strong></span> <span class='ocrx_word' id='word_1_236' title='bbox 746 2697 805 2761; x_wconf 92' lang='lat' dir='ltr'><strong>sed</strong></span> <span class='ocrx_word' id='word_1_237' title='bbox 829 2717 961 2780; x_wconf 91' lang='lat' dir='ltr'><strong>semper</strong></span> <span class='ocrx_word' id='word_1_238' title='bbox 983 2699 1019 2762; x_wconf 93' lang='lat' dir='ltr'><strong>in</strong></span> <span class='ocrx_word' id='word_1_239' title='bbox 1042 2697 1126 2762; x_wconf 88' lang='lat' dir='ltr'><strong>festo</strong></span> <span class='ocrx_word' id='word_1_240' title='bbox 1151 2698 1278 2763; x_wconf 89' lang='lat' dir='ltr'><strong>Pasche</strong></span> <span class='ocrx_word' id='word_1_241' title='bbox 1302 2697 1526 2781; x_wconf 89' lang='lat' dir='ltr'><strong>quorumlibet</strong></span> <span class='ocrx_word' id='word_1_242' title='bbox 1548 2717 1711 2764; x_wconf 89' lang='lat' dir='ltr'><strong>annorum</strong></span> <span class='ocrx_word' id='word_1_243' title='bbox 1735 2697 1908 2762; x_wconf 86' lang='lat' dir='ltr'><strong>curriculis</strong></span> <span class='ocrx_word' id='word_1_244' title='bbox 1931 2697 2082 2762; x_wconf 88' lang='lat' dir='ltr'><strong>evolutis.</strong></span> 
     </span>
     <span class='ocr_line' id='line_1_22' title="bbox 70 2801 2082 2888; baseline 0 -23"><span class='ocrx_word' id='word_1_245' title='bbox 70 2801 106 2866; x_wconf 84' lang='lat' dir='ltr'><strong>Et</strong></span> <span class='ocrx_word' id='word_1_246' title='bbox 136 2803 177 2866; x_wconf 91' lang='lat' dir='ltr'><strong>ad</strong></span> <span class='ocrx_word' id='word_1_247' title='bbox 213 2801 497 2868; x_wconf 88' lang='lat' dir='ltr'><strong>evidentissimam</strong></span> <span class='ocrx_word' id='word_1_248' title='bbox 531 2805 631 2869; x_wconf 91' lang='lat' dir='ltr'><strong>huius</strong></span> <span class='ocrx_word' id='word_1_249' title='bbox 662 2803 709 2868; x_wconf 91' lang='lat' dir='ltr'><strong>rei</strong></span> <span class='ocrx_word' id='word_1_250' title='bbox 740 2802 973 2867; x_wconf 86' lang='lat' dir='ltr'><strong>certitudinem</strong></span> <span class='ocrx_word' id='word_1_251' title='bbox 1001 2803 1145 2886; x_wconf 91' lang='lat' dir='ltr'><strong>sigillum</strong></span> <span class='ocrx_word' id='word_1_252' title='bbox 1169 2807 1320 2869; x_wconf 89' lang='lat' dir='ltr'><strong>nostrum</strong></span> <span class='ocrx_word' id='word_1_253' title='bbox 1342 2804 1490 2888; x_wconf 89' lang='lat' dir='ltr'><strong>presenti</strong></span> <span class='ocrx_word' id='word_1_254' title='bbox 1513 2803 1635 2887; x_wconf 89' lang='lat' dir='ltr'><strong>scripto</strong></span> <span class='ocrx_word' id='word_1_255' title='bbox 1659 2803 1811 2868; x_wconf 88' lang='lat' dir='ltr'><strong>duximus</strong></span> <span class='ocrx_word' id='word_1_256' title='bbox 1835 2804 2082 2886; x_wconf 85' lang='lat' dir='ltr'><strong>apponendum.</strong></span> 
     </span>
     <span class='ocr_line' id='line_1_23' title="bbox 70 2908 1519 2992; baseline 0.001 -20"><span class='ocrx_word' id='word_1_257' title='bbox 70 2909 185 2973; x_wconf 88' lang='lat' dir='ltr'><strong>Datum</strong></span> <span class='ocrx_word' id='word_1_258' title='bbox 209 2910 294 2975; x_wconf 87' lang='lat' dir='ltr'><strong>feria</strong></span> <span class='ocrx_word' id='word_1_259' title='bbox 318 2913 437 2992; x_wconf 87' lang='lat' dir='ltr'><strong>quarta</strong></span> <span class='ocrx_word' id='word_1_260' title='bbox 460 2914 537 2992; x_wconf 90' lang='lat' dir='ltr'><strong>post</strong></span> <span class='ocrx_word' id='word_1_261' title='bbox 561 2911 760 2976; x_wconf 89' lang='lat' dir='ltr'><strong>dominicam</strong></span> <span class='ocrx_word' id='word_1_262' title='bbox 783 2908 902 2974; x_wconf 85' lang='lat' dir='ltr'><strong>ludica</strong></span> <span class='ocrx_word' id='word_1_263' title='bbox 925 2929 1013 2975; x_wconf 89' lang='lat' dir='ltr'><strong>anno</strong></span> <span class='ocrx_word' id='word_1_264' title='bbox 1037 2909 1169 2974; x_wconf 93' lang='lat' dir='ltr'><strong>Domini</strong></span> <span class='ocrx_word' id='word_1_265' title='bbox 1192 2909 1519 2975; x_wconf 85' lang='lat' dir='ltr'><strong>M⁰.CC⁰.LXX⁰VII⁰.</strong></span> 
     </span>
    </p>

    <p class='ocr_par' dir='ltr' id='par_1_5' title="bbox 197 3012 2023 3101">
     <span class='ocr_line' id='line_1_24' title="bbox 197 3012 2023 3101; baseline -0.002 -23"><span class='ocrx_word' id='word_1_266' title='bbox 197 3013 254 3078; x_wconf 84' lang='lat' dir='ltr'><strong>Or.</strong></span> <span class='ocrx_word' id='word_1_267' title='bbox 278 3019 322 3079; x_wconf 82' lang='lat' dir='ltr'><strong>im</strong></span> <span class='ocrx_word' id='word_1_268' title='bbox 345 3013 420 3101; x_wconf 71' lang='lat' dir='ltr'><strong>Kyl.</strong></span> <span class='ocrx_word' id='word_1_269' title='bbox 446 3013 549 3082; x_wconf 75' lang='lat' dir='ltr'><strong>Sa-A.</strong></span> <span class='ocrx_word' id='word_1_270' title='bbox 574 3037 612 3080; x_wconf 82' lang='lat' dir='ltr'><strong>zo</strong></span> <span class='ocrx_word' id='word_1_271' title='bbox 635 3016 786 3094; x_wconf 77' lang='lat' dir='ltr'><strong>Miimter,</strong></span> <span class='ocrx_word' id='word_1_272' title='bbox 811 3013 967 3080; x_wconf 77' lang='lat' dir='ltr'><strong>Fiiratent.</strong></span> <span class='ocrx_word' id='word_1_273' title='bbox 992 3015 1119 3079; x_wconf 70' lang='lat' dir='ltr'><strong>blanden</strong></span> <span class='ocrx_word' id='word_1_274' title='bbox 1141 3012 1201 3079; x_wconf 86' lang='lat' dir='ltr'><strong>Nr.</strong></span> <span class='ocrx_word' id='word_1_275' title='bbox 1225 3013 1278 3079; x_wconf 76' lang='lat'><strong>45.</strong></span> <span class='ocrx_word' id='word_1_276' title='bbox 1325 3013 1396 3078; x_wconf 82' lang='lat' dir='ltr'><strong>Dos</strong></span> <span class='ocrx_word' id='word_1_277' title='bbox 1421 3013 1524 3100; x_wconf 77' lang='lat' dir='ltr'><strong>Siegel</strong></span> <span class='ocrx_word' id='word_1_278' title='bbox 1545 3036 1612 3078; x_wconf 82' lang='lat' dir='ltr'><strong>omn</strong></span> <span class='ocrx_word' id='word_1_279' title='bbox 1636 3012 1949 3099; x_wconf 70' lang='lat' dir='ltr'><strong>Pergamentstreifen</strong></span> <span class='ocrx_word' id='word_1_280' title='bbox 1972 3012 2023 3077; x_wconf 83' lang='lat' dir='ltr'><strong>ab.</strong></span> 
     </span>
    </p>
   </div>
   <div class='ocr_carea' id='block_1_5' title="bbox 70 3178 2084 3394">
    <p class='ocr_par' dir='ltr' id='par_1_6' title="bbox 70 3178 2084 3394">
     <span class='ocr_line' id='line_1_25' title="bbox 1024 3178 1137 3255; baseline 0.018 -2"><span class='ocrx_word' id='word_1_281' title='bbox 1024 3178 1137 3255; x_wconf 80' lang='lat'><strong>1087.</strong></span> 
     </span>
     <span class='ocr_line' id='line_1_26' title="bbox 70 3261 2084 3394; baseline 0 -21"><span class='ocrx_word' id='word_1_282' title='bbox 70 3302 177 3374; x_wconf 75' lang='lat' dir='ltr'><strong>Rider</strong></span> <span class='ocrx_word' id='word_1_283' title='bbox 203 3302 346 3374; x_wconf 69' lang='lat' dir='ltr'><strong>dolonn</strong></span> <span class='ocrx_word' id='word_1_284' title='bbox 378 3326 442 3375; x_wconf 83' lang='lat' dir='ltr'><strong>oon</strong></span> <span class='ocrx_word' id='word_1_285' title='bbox 476 3301 580 3376; x_wconf 74' lang='lat' dir='ltr'><strong>Betae</strong></span> <span class='ocrx_word' id='word_1_286' title='bbox 619 3305 799 3376; x_wconf 73' lang='lat' dir='ltr'><strong>eeraiclrtet</strong></span> <span class='ocrx_word' id='word_1_287' title='bbox 830 3302 898 3393; x_wconf 68' lang='lat' dir='ltr'><strong>aas</strong></span> <span class='ocrx_word' id='word_1_288' title='bbox 928 3305 993 3376; x_wconf 86' lang='lat' dir='ltr'><strong>olle</strong></span> <span class='ocrx_word' id='word_1_289' title='bbox 1029 3303 1232 3394; x_wconf 74' lang='lat' dir='ltr'><strong>Anspn&#39;lclre</strong></span> <span class='ocrx_word' id='word_1_290' title='bbox 1272 3302 1344 3393; x_wconf 79' lang='lat' dir='ltr'><strong>ons</strong></span> <span class='ocrx_word' id='word_1_291' title='bbox 1378 3302 1434 3374; x_wconf 84' lang='lat' dir='ltr'><strong>dic</strong></span> <span class='ocrx_word' id='word_1_292' title='bbox 1473 3303 1582 3376; x_wconf 69' lang='lat' dir='ltr'><strong>(litter</strong></span> <span class='ocrx_word' id='word_1_293' title='bbox 1614 3261 1657 3374; x_wconf 67' lang='lat' dir='ltr'><strong>aa</strong></span> <span class='ocrx_word' id='word_1_294' title='bbox 1684 3302 1987 3392; x_wconf 76' lang='lat' dir='ltr'><strong>Hcddinplrouscn,</strong></span> <span class='ocrx_word' id='word_1_295' title='bbox 2027 3303 2084 3374; x_wconf 87' lang='lat' dir='ltr'><strong>die</strong></span> 
     </span>
    </p>
   </div>
   <div class='ocr_carea' id='block_1_6' title="bbox 338 3407 1818 3498">
    <p class='ocr_par' dir='ltr' id='par_1_7' title="bbox 338 3407 1818 3498">
     <span class='ocr_line' id='line_1_27' title="bbox 338 3407 1818 3498; baseline 0.001 -18"><span class='ocrx_word' id='word_1_296' title='bbox 338 3409 403 3480; x_wconf 86' lang='lat' dir='ltr'><strong>dos</strong></span> <span class='ocrx_word' id='word_1_297' title='bbox 429 3411 488 3481; x_wconf 74' lang='lat' dir='ltr'><strong>Iit.</strong></span> <span class='ocrx_word' id='word_1_298' title='bbox 524 3410 641 3482; x_wconf 82' lang='lat' dir='ltr'><strong>Vlotlro</strong></span> <span class='ocrx_word' id='word_1_299' title='bbox 669 3411 745 3481; x_wconf 84' lang='lat' dir='ltr'><strong>dem</strong></span> <span class='ocrx_word' id='word_1_300' title='bbox 776 3411 834 3482; x_wconf 85' lang='lat' dir='ltr'><strong>Kl.</strong></span> <span class='ocrx_word' id='word_1_301' title='bbox 863 3411 998 3482; x_wconf 79' lang='lat' dir='ltr'><strong>Lenem</strong></span> <span class='ocrx_word' id='word_1_302' title='bbox 1025 3410 1185 3498; x_wconf 79' lang='lat' dir='ltr'><strong>cerloust</strong></span> <span class='ocrx_word' id='word_1_303' title='bbox 1211 3410 1278 3480; x_wconf 82' lang='lat' dir='ltr'><strong>lot.</strong></span> <span class='ocrx_word' id='word_1_304' title='bbox 1335 3407 1597 3480; x_wconf 82' lang='lat' dir='ltr'><strong>Levern1277</strong></span> <span class='ocrx_word' id='word_1_305' title='bbox 1625 3410 1731 3480; x_wconf 76' lang='lat' dir='ltr'><strong>Mdre</strong></span> <span class='ocrx_word' id='word_1_306' title='bbox 1756 3408 1818 3482; x_wconf 78' lang='lat'><strong>22.</strong></span> 
     </span>
    </p>
   </div>
   <div class='ocr_carea' id='block_1_7' title="bbox 70 3525 2086 4776">
    <p class='ocr_par' dir='ltr' id='par_1_8' title="bbox 70 3525 2086 4563">
     <span class='ocr_line' id='line_1_28' title="bbox 170 3525 2084 3610; baseline 0 -20"><span class='ocrx_word' id='word_1_307' title='bbox 170 3527 245 3609; x_wconf 86' lang='lat' dir='ltr'><strong>Ego</strong></span> <span class='ocrx_word' id='word_1_308' title='bbox 268 3525 436 3591; x_wconf 85' lang='lat' dir='ltr'><strong>lohannes</strong></span> <span class='ocrx_word' id='word_1_309' title='bbox 460 3526 556 3592; x_wconf 92' lang='lat' dir='ltr'><strong>miles</strong></span> <span class='ocrx_word' id='word_1_310' title='bbox 580 3528 689 3592; x_wconf 90' lang='lat' dir='ltr'><strong>dictus</strong></span> <span class='ocrx_word' id='word_1_311' title='bbox 713 3530 754 3593; x_wconf 92' lang='lat' dir='ltr'><strong>de</strong></span> <span class='ocrx_word' id='word_1_312' title='bbox 777 3528 882 3593; x_wconf 89' lang='lat' dir='ltr'><strong>Bethe</strong></span> <span class='ocrx_word' id='word_1_313' title='bbox 906 3530 949 3594; x_wconf 93' lang='lat' dir='ltr'><strong>ob</strong></span> <span class='ocrx_word' id='word_1_314' title='bbox 973 3527 1191 3594; x_wconf 89' lang='lat' dir='ltr'><strong>reverentiam</strong></span> <span class='ocrx_word' id='word_1_315' title='bbox 1214 3528 1313 3592; x_wconf 89' lang='lat' dir='ltr'><strong>beate</strong></span> <span class='ocrx_word' id='word_1_316' title='bbox 1336 3527 1440 3592; x_wconf 84' lang='lat' dir='ltr'><strong>Mario</strong></span> <span class='ocrx_word' id='word_1_317' title='bbox 1463 3527 1599 3610; x_wconf 86' lang='lat' dir='ltr'><strong>virginis</strong></span> <span class='ocrx_word' id='word_1_318' title='bbox 1622 3527 1656 3591; x_wconf 93' lang='lat' dir='ltr'><strong>in</strong></span> <span class='ocrx_word' id='word_1_319' title='bbox 1680 3526 1829 3592; x_wconf 86' lang='lat' dir='ltr'><strong>Leveren</strong></span> <span class='ocrx_word' id='word_1_320' title='bbox 1860 3530 1893 3592; x_wconf 89' lang='lat' dir='ltr'><strong>et</strong></span> <span class='ocrx_word' id='word_1_321' title='bbox 1916 3528 1958 3592; x_wconf 95' lang='lat' dir='ltr'><strong>ob</strong></span> <span class='ocrx_word' id='word_1_322' title='bbox 1983 3526 2084 3591; x_wconf 91' lang='lat' dir='ltr'><strong>dilec-</strong></span> 
     </span>
     <span class='ocr_line' id='line_1_29' title="bbox 70 3631 2085 3718; baseline 0 -23"><span class='ocrx_word' id='word_1_323' title='bbox 70 3631 189 3698; x_wconf 87' lang='lat' dir='ltr'><strong>tionem</strong></span> <span class='ocrx_word' id='word_1_324' title='bbox 213 3634 341 3698; x_wconf 88' lang='lat' dir='ltr'><strong>sororis</strong></span> <span class='ocrx_word' id='word_1_325' title='bbox 364 3653 438 3697; x_wconf 91' lang='lat' dir='ltr'><strong>mee</strong></span> <span class='ocrx_word' id='word_1_326' title='bbox 463 3633 607 3698; x_wconf 86' lang='lat' dir='ltr'><strong>Albeitis</strong></span> <span class='ocrx_word' id='word_1_327' title='bbox 631 3634 780 3699; x_wconf 90' lang='lat' dir='ltr'><strong>eiusdem</strong></span> <span class='ocrx_word' id='word_1_328' title='bbox 804 3633 869 3698; x_wconf 90' lang='lat' dir='ltr'><strong>loci</strong></span> <span class='ocrx_word' id='word_1_329' title='bbox 892 3634 1051 3716; x_wconf 90' lang='lat' dir='ltr'><strong>priorisse</strong></span> <span class='ocrx_word' id='word_1_330' title='bbox 1075 3653 1282 3716; x_wconf 90' lang='lat' dir='ltr'><strong>recognosco,</strong></span> <span class='ocrx_word' id='word_1_331' title='bbox 1318 3635 1409 3718; x_wconf 92' lang='lat' dir='ltr'><strong>quod</strong></span> <span class='ocrx_word' id='word_1_332' title='bbox 1432 3633 1510 3698; x_wconf 94' lang='lat' dir='ltr'><strong>olim</strong></span> <span class='ocrx_word' id='word_1_333' title='bbox 1534 3653 1610 3698; x_wconf 93' lang='lat' dir='ltr'><strong>cum</strong></span> <span class='ocrx_word' id='word_1_334' title='bbox 1633 3635 1728 3717; x_wconf 88' lang='lat' dir='ltr'><strong>patre</strong></span> <span class='ocrx_word' id='word_1_335' title='bbox 1751 3652 1826 3698; x_wconf 90' lang='lat' dir='ltr'><strong>meo</strong></span> <span class='ocrx_word' id='word_1_336' title='bbox 1848 3632 1903 3715; x_wconf 89' lang='lat' dir='ltr'><strong>pie</strong></span> <span class='ocrx_word' id='word_1_337' title='bbox 1926 3633 2085 3697; x_wconf 90' lang='lat' dir='ltr'><strong>memorie</strong></span> 
     </span>
     <span class='ocr_line' id='line_1_30' title="bbox 74 3737 2085 3806; baseline 0 -5"><span class='ocrx_word' id='word_1_338' title='bbox 74 3742 106 3803; x_wconf 89' lang='lat' dir='ltr'><strong>et</strong></span> <span class='ocrx_word' id='word_1_339' title='bbox 133 3743 241 3804; x_wconf 88' lang='lat' dir='ltr'><strong>matre</strong></span> <span class='ocrx_word' id='word_1_340' title='bbox 276 3758 351 3803; x_wconf 87' lang='lat' dir='ltr'><strong>mea</strong></span> <span class='ocrx_word' id='word_1_341' title='bbox 379 3743 412 3804; x_wconf 90' lang='lat' dir='ltr'><strong>et</strong></span> <span class='ocrx_word' id='word_1_342' title='bbox 443 3758 519 3804; x_wconf 92' lang='lat' dir='ltr'><strong>cum</strong></span> <span class='ocrx_word' id='word_1_343' title='bbox 547 3739 650 3804; x_wconf 85' lang='lat' dir='ltr'><strong>fratre</strong></span> <span class='ocrx_word' id='word_1_344' title='bbox 679 3759 754 3803; x_wconf 93' lang='lat' dir='ltr'><strong>meo</strong></span> <span class='ocrx_word' id='word_1_345' title='bbox 778 3738 931 3806; x_wconf 84' lang='lat' dir='ltr'><strong>Conrado</strong></span> <span class='ocrx_word' id='word_1_346' title='bbox 955 3742 988 3805; x_wconf 86' lang='lat' dir='ltr'><strong>et</strong></span> <span class='ocrx_word' id='word_1_347' title='bbox 1010 3759 1098 3804; x_wconf 91' lang='lat' dir='ltr'><strong>nunc</strong></span> <span class='ocrx_word' id='word_1_348' title='bbox 1123 3739 1164 3804; x_wconf 93' lang='lat' dir='ltr'><strong>de</strong></span> <span class='ocrx_word' id='word_1_349' title='bbox 1188 3760 1273 3804; x_wconf 93' lang='lat' dir='ltr'><strong>novo</strong></span> <span class='ocrx_word' id='word_1_350' title='bbox 1297 3739 1338 3803; x_wconf 91' lang='lat' dir='ltr'><strong>de</strong></span> <span class='ocrx_word' id='word_1_351' title='bbox 1363 3759 1528 3804; x_wconf 90' lang='lat' dir='ltr'><strong>consensu</strong></span> <span class='ocrx_word' id='word_1_352' title='bbox 1551 3737 1611 3804; x_wconf 89' lang='lat' dir='ltr'><strong>filii</strong></span> <span class='ocrx_word' id='word_1_353' title='bbox 1635 3739 1699 3804; x_wconf 91' lang='lat' dir='ltr'><strong>mei</strong></span> <span class='ocrx_word' id='word_1_354' title='bbox 1724 3737 1868 3804; x_wconf 88' lang='lat' dir='ltr'><strong>Conradi</strong></span> <span class='ocrx_word' id='word_1_355' title='bbox 1890 3743 1924 3804; x_wconf 94' lang='lat' dir='ltr'><strong>et</strong></span> <span class='ocrx_word' id='word_1_356' title='bbox 1946 3738 2085 3803; x_wconf 89' lang='lat' dir='ltr'><strong>aliorum</strong></span> 
     </span>
     <span class='ocr_line' id='line_1_31' title="bbox 72 3843 2085 3928; baseline 0.001 -21"><span class='ocrx_word' id='word_1_357' title='bbox 72 3843 231 3909; x_wconf 90' lang='lat' dir='ltr'><strong>heredum</strong></span> <span class='ocrx_word' id='word_1_358' title='bbox 266 3864 417 3909; x_wconf 87' lang='lat' dir='ltr'><strong>meorum</strong></span> <span class='ocrx_word' id='word_1_359' title='bbox 446 3847 480 3908; x_wconf 94' lang='lat' dir='ltr'><strong>et</strong></span> <span class='ocrx_word' id='word_1_360' title='bbox 513 3846 714 3910; x_wconf 89' lang='lat' dir='ltr'><strong>coheredum</strong></span> <span class='ocrx_word' id='word_1_361' title='bbox 744 3844 906 3928; x_wconf 83' lang='lat' dir='ltr'><strong>resignavi</strong></span> <span class='ocrx_word' id='word_1_362' title='bbox 935 3865 1046 3912; x_wconf 90' lang='lat' dir='ltr'><strong>coram</strong></span> <span class='ocrx_word' id='word_1_363' title='bbox 1075 3846 1238 3910; x_wconf 84' lang='lat' dir='ltr'><strong>conventu</strong></span> <span class='ocrx_word' id='word_1_364' title='bbox 1269 3845 1304 3909; x_wconf 93' lang='lat' dir='ltr'><strong>in</strong></span> <span class='ocrx_word' id='word_1_365' title='bbox 1328 3844 1476 3910; x_wconf 86' lang='lat' dir='ltr'><strong>Leveren</strong></span> <span class='ocrx_word' id='word_1_366' title='bbox 1507 3863 1605 3910; x_wconf 91' lang='lat' dir='ltr'><strong>omne</strong></span> <span class='ocrx_word' id='word_1_367' title='bbox 1632 3845 1695 3926; x_wconf 71' lang='lat' dir='ltr'><strong>ius</strong></span> <span class='ocrx_word' id='word_1_368' title='bbox 1730 3844 1869 3928; x_wconf 90' lang='lat' dir='ltr'><strong>siquod</strong></span> <span class='ocrx_word' id='word_1_369' title='bbox 1892 3845 1973 3908; x_wconf 91' lang='lat' dir='ltr'><strong>mibi</strong></span> <span class='ocrx_word' id='word_1_370' title='bbox 1997 3864 2085 3910; x_wconf 92' lang='lat' dir='ltr'><strong>com-</strong></span> 
     </span>
     <span class='ocr_line' id='line_1_32' title="bbox 74 3949 2085 4034; baseline 0 -20"><span class='ocrx_word' id='word_1_371' title='bbox 74 3952 203 4032; x_wconf 86' lang='lat' dir='ltr'><strong>petebat</strong></span> <span class='ocrx_word' id='word_1_372' title='bbox 240 3951 276 4014; x_wconf 92' lang='lat' dir='ltr'><strong>in</strong></span> <span class='ocrx_word' id='word_1_373' title='bbox 308 3950 406 4017; x_wconf 92' lang='lat' dir='ltr'><strong>bonis</strong></span> <span class='ocrx_word' id='word_1_374' title='bbox 441 3951 725 4032; x_wconf 90' lang='lat' dir='ltr'><strong>Hedelinghusen,</strong></span> <span class='ocrx_word' id='word_1_375' title='bbox 761 3953 795 4016; x_wconf 89' lang='lat' dir='ltr'><strong>et</strong></span> <span class='ocrx_word' id='word_1_376' title='bbox 829 3951 1033 4034; x_wconf 90' lang='lat' dir='ltr'><strong>emptionem</strong></span> <span class='ocrx_word' id='word_1_377' title='bbox 1066 3951 1187 4016; x_wconf 84' lang='lat' dir='ltr'><strong>factam</strong></span> <span class='ocrx_word' id='word_1_378' title='bbox 1215 3971 1235 4015; x_wconf 92' lang='lat' dir='ltr'><strong>a</strong></span> <span class='ocrx_word' id='word_1_379' title='bbox 1265 3950 1405 4015; x_wconf 91' lang='lat' dir='ltr'><strong>cenobio</strong></span> <span class='ocrx_word' id='word_1_380' title='bbox 1439 3949 1474 4014; x_wconf 93' lang='lat' dir='ltr'><strong>in</strong></span> <span class='ocrx_word' id='word_1_381' title='bbox 1497 3950 1647 4015; x_wconf 89' lang='lat' dir='ltr'><strong>Vlotowe</strong></span> <span class='ocrx_word' id='word_1_382' title='bbox 1676 3951 1718 4015; x_wconf 93' lang='lat' dir='ltr'><strong>de</strong></span> <span class='ocrx_word' id='word_1_383' title='bbox 1741 3950 1867 4016; x_wconf 88' lang='lat' dir='ltr'><strong>eisdem</strong></span> <span class='ocrx_word' id='word_1_384' title='bbox 1889 3951 1987 4015; x_wconf 91' lang='lat' dir='ltr'><strong>bonis</strong></span> <span class='ocrx_word' id='word_1_385' title='bbox 2010 3970 2085 4015; x_wconf 90' lang='lat' dir='ltr'><strong>cum</strong></span> 
     </span>
     <span class='ocr_line' id='line_1_33' title="bbox 75 4055 2086 4140; baseline -0 -20"><span class='ocrx_word' id='word_1_386' title='bbox 75 4057 225 4121; x_wconf 91' lang='lat' dir='ltr'><strong>omnibus</strong></span> <span class='ocrx_word' id='word_1_387' title='bbox 261 4056 330 4120; x_wconf 92' lang='lat' dir='ltr'><strong>suis</strong></span> <span class='ocrx_word' id='word_1_388' title='bbox 353 4056 564 4139; x_wconf 83' lang='lat' dir='ltr'><strong>pertinentiis</strong></span> <span class='ocrx_word' id='word_1_389' title='bbox 588 4059 693 4122; x_wconf 86' lang='lat' dir='ltr'><strong>ratam</strong></span> <span class='ocrx_word' id='word_1_390' title='bbox 717 4059 751 4121; x_wconf 91' lang='lat' dir='ltr'><strong>et</strong></span> <span class='ocrx_word' id='word_1_391' title='bbox 774 4061 900 4140; x_wconf 89' lang='lat' dir='ltr'><strong>gratam</strong></span> <span class='ocrx_word' id='word_1_392' title='bbox 923 4058 1031 4122; x_wconf 88' lang='lat' dir='ltr'><strong>habeo</strong></span> <span class='ocrx_word' id='word_1_393' title='bbox 1055 4060 1088 4121; x_wconf 93' lang='lat' dir='ltr'><strong>et</strong></span> <span class='ocrx_word' id='word_1_394' title='bbox 1111 4059 1173 4121; x_wconf 90' lang='lat' dir='ltr'><strong>hoc</strong></span> <span class='ocrx_word' id='word_1_395' title='bbox 1196 4056 1409 4139; x_wconf 90' lang='lat' dir='ltr'><strong>presentibus</strong></span> <span class='ocrx_word' id='word_1_396' title='bbox 1433 4055 1553 4120; x_wconf 91' lang='lat' dir='ltr'><strong>litteris</strong></span> <span class='ocrx_word' id='word_1_397' title='bbox 1576 4059 1743 4139; x_wconf 89' lang='lat' dir='ltr'><strong>protestor</strong></span> <span class='ocrx_word' id='word_1_398' title='bbox 1765 4057 1830 4121; x_wconf 90' lang='lat' dir='ltr'><strong>mei</strong></span> <span class='ocrx_word' id='word_1_399' title='bbox 1854 4055 1952 4137; x_wconf 89' lang='lat' dir='ltr'><strong>sigilli</strong></span> <span class='ocrx_word' id='word_1_400' title='bbox 1975 4055 2086 4120; x_wconf 90' lang='lat' dir='ltr'><strong>muni-</strong></span> 
     </span>
     <span class='ocr_line' id='line_1_34' title="bbox 74 4160 2085 4244; baseline 0 -19"><span class='ocrx_word' id='word_1_401' title='bbox 74 4163 156 4227; x_wconf 92' lang='lat' dir='ltr'><strong>mine</strong></span> <span class='ocrx_word' id='word_1_402' title='bbox 180 4163 358 4229; x_wconf 88' lang='lat' dir='ltr'><strong>roboratis.</strong></span> <span class='ocrx_word' id='word_1_403' title='bbox 406 4163 517 4228; x_wconf 92' lang='lat' dir='ltr'><strong>Huius</strong></span> <span class='ocrx_word' id='word_1_404' title='bbox 541 4163 588 4228; x_wconf 91' lang='lat' dir='ltr'><strong>rei</strong></span> <span class='ocrx_word' id='word_1_405' title='bbox 610 4165 714 4228; x_wconf 86' lang='lat' dir='ltr'><strong>testes</strong></span> <span class='ocrx_word' id='word_1_406' title='bbox 738 4166 833 4228; x_wconf 91' lang='lat' dir='ltr'><strong>sunt:</strong></span> <span class='ocrx_word' id='word_1_407' title='bbox 869 4163 1080 4228; x_wconf 90' lang='lat' dir='ltr'><strong>Borchardus</strong></span> <span class='ocrx_word' id='word_1_408' title='bbox 1104 4163 1253 4226; x_wconf 92' lang='lat' dir='ltr'><strong>eiusdem</strong></span> <span class='ocrx_word' id='word_1_409' title='bbox 1275 4161 1339 4226; x_wconf 92' lang='lat' dir='ltr'><strong>loci</strong></span> <span class='ocrx_word' id='word_1_410' title='bbox 1362 4161 1564 4244; x_wconf 67' lang='lat' dir='ltr'><strong>prepositus</strong></span> <span class='ocrx_word' id='word_1_411' title='bbox 1599 4163 1761 4228; x_wconf 86' lang='lat' dir='ltr'><strong>Ludollus</strong></span> <span class='ocrx_word' id='word_1_412' title='bbox 1785 4163 1826 4226; x_wconf 90' lang='lat' dir='ltr'><strong>de</strong></span> <span class='ocrx_word' id='word_1_413' title='bbox 1849 4160 2085 4244; x_wconf 84' lang='lat' dir='ltr'><strong>Sleycherden,</strong></span> 
     </span>
     <span class='ocr_line' id='line_1_35' title="bbox 73 4267 2086 4351; baseline 0 -19"><span class='ocrx_word' id='word_1_414' title='bbox 73 4267 233 4333; x_wconf 87' lang='lat' dir='ltr'><strong>Rodolfus</strong></span> <span class='ocrx_word' id='word_1_415' title='bbox 263 4267 371 4334; x_wconf 88' lang='lat' dir='ltr'><strong>dictus</strong></span> <span class='ocrx_word' id='word_1_416' title='bbox 401 4271 441 4334; x_wconf 91' lang='lat' dir='ltr'><strong>de</strong></span> <span class='ocrx_word' id='word_1_417' title='bbox 470 4269 594 4348; x_wconf 88' lang='lat' dir='ltr'><strong>Minda‚</strong></span> <span class='ocrx_word' id='word_1_418' title='bbox 628 4269 818 4334; x_wconf 82' lang='lat' dir='ltr'><strong>Alexander</strong></span> <span class='ocrx_word' id='word_1_419' title='bbox 845 4269 953 4333; x_wconf 92' lang='lat' dir='ltr'><strong>dictus</strong></span> <span class='ocrx_word' id='word_1_420' title='bbox 983 4268 1116 4350; x_wconf 91' lang='lat' dir='ltr'><strong>Hoppe,</strong></span> <span class='ocrx_word' id='word_1_421' title='bbox 1150 4267 1369 4350; x_wconf 83' lang='lat' dir='ltr'><strong>Engelbertus</strong></span> <span class='ocrx_word' id='word_1_422' title='bbox 1398 4268 1440 4332; x_wconf 90' lang='lat' dir='ltr'><strong>de</strong></span> <span class='ocrx_word' id='word_1_423' title='bbox 1467 4267 1662 4351; x_wconf 88' lang='lat' dir='ltr'><strong>Bructorpc‚</strong></span> <span class='ocrx_word' id='word_1_424' title='bbox 1696 4267 1873 4334; x_wconf 91' lang='lat' dir='ltr'><strong>Bertoldus</strong></span> <span class='ocrx_word' id='word_1_425' title='bbox 1903 4268 2086 4344; x_wconf 87' lang='lat' dir='ltr'><strong>Swesethc,</strong></span> 
     </span>
     <span class='ocr_line' id='line_1_36' title="bbox 73 4373 2086 4459; baseline -0 -21"><span class='ocrx_word' id='word_1_426' title='bbox 73 4373 286 4440; x_wconf 84' lang='lat' dir='ltr'><strong>Bernliardus</strong></span> <span class='ocrx_word' id='word_1_427' title='bbox 310 4373 351 4439; x_wconf 92' lang='lat' dir='ltr'><strong>de</strong></span> <span class='ocrx_word' id='word_1_428' title='bbox 374 4373 596 4459; x_wconf 90' lang='lat' dir='ltr'><strong>Nigenborcb,</strong></span> <span class='ocrx_word' id='word_1_429' title='bbox 621 4375 782 4440; x_wconf 85' lang='lat' dir='ltr'><strong>Ludolfus</strong></span> <span class='ocrx_word' id='word_1_430' title='bbox 806 4375 848 4438; x_wconf 93' lang='lat' dir='ltr'><strong>de</strong></span> <span class='ocrx_word' id='word_1_431' title='bbox 863 4374 1045 4439; x_wconf 88' lang='lat' dir='ltr'><strong>Wakenem</strong></span> <span class='ocrx_word' id='word_1_432' title='bbox 1069 4376 1102 4438; x_wconf 91' lang='lat' dir='ltr'><strong>et</strong></span> <span class='ocrx_word' id='word_1_433' title='bbox 1125 4373 1181 4438; x_wconf 89' lang='lat' dir='ltr'><strong>alii</strong></span> <span class='ocrx_word' id='word_1_434' title='bbox 1205 4393 1306 4458; x_wconf 88' lang='lat' dir='ltr'><strong>quam</strong></span> <span class='ocrx_word' id='word_1_435' title='bbox 1329 4374 1451 4456; x_wconf 91' lang='lat' dir='ltr'><strong>plures.</strong></span> <span class='ocrx_word' id='word_1_436' title='bbox 1493 4375 1614 4439; x_wconf 89' lang='lat' dir='ltr'><strong>Datum</strong></span> <span class='ocrx_word' id='word_1_437' title='bbox 1631 4374 1667 4438; x_wconf 92' lang='lat' dir='ltr'><strong>in</strong></span> <span class='ocrx_word' id='word_1_438' title='bbox 1683 4374 1832 4439; x_wconf 88' lang='lat' dir='ltr'><strong>Leveren</strong></span> <span class='ocrx_word' id='word_1_439' title='bbox 1848 4393 1936 4438; x_wconf 89' lang='lat' dir='ltr'><strong>anno</strong></span> <span class='ocrx_word' id='word_1_440' title='bbox 1954 4373 2086 4438; x_wconf 91' lang='lat' dir='ltr'><strong>Domini</strong></span> 
     </span>
     <span class='ocr_line' id='line_1_37' title="bbox 73 4479 841 4563; baseline 0.003 -21"><span class='ocrx_word' id='word_1_441' title='bbox 73 4479 393 4563; x_wconf 86' lang='lat' dir='ltr'><strong>ll⁰.CC⁰.LXXVII⁰.‚</strong></span> <span class='ocrx_word' id='word_1_442' title='bbox 415 4480 450 4545; x_wconf 93' lang='lat' dir='ltr'><strong>in</strong></span> <span class='ocrx_word' id='word_1_443' title='bbox 473 4481 617 4547; x_wconf 89' lang='lat' dir='ltr'><strong>crastino</strong></span> <span class='ocrx_word' id='word_1_444' title='bbox 641 4481 841 4546; x_wconf 87' lang='lat' dir='ltr'><strong>Palmamm.</strong></span> 
     </span>
    </p>

    <p class='ocr_par' dir='ltr' id='par_1_9' title="bbox 200 4582 2085 4776">
     <span class='ocr_line' id='line_1_38' title="bbox 200 4582 2085 4671; baseline 0 -23"><span class='ocrx_word' id='word_1_445' title='bbox 200 4585 369 4670; x_wconf 77' lang='lat' dir='ltr'><strong>Abaclm&#39;jl</strong></span> <span class='ocrx_word' id='word_1_446' title='bbox 389 4587 443 4650; x_wconf 79' lang='lat' dir='ltr'><strong>dea</strong></span> <span class='ocrx_word' id='word_1_447' title='bbox 460 4584 510 4650; x_wconf 80' lang='lat'><strong>16.</strong></span> <span class='ocrx_word' id='word_1_448' title='bbox 527 4585 642 4649; x_wconf 72' lang='lat' dir='ltr'><strong>Jahrb.</strong></span> <span class='ocrx_word' id='word_1_449' title='bbox 666 4590 709 4650; x_wconf 83' lang='lat' dir='ltr'><strong>im</strong></span> <span class='ocrx_word' id='word_1_450' title='bbox 726 4585 895 4649; x_wconf 80' lang='lat' dir='ltr'><strong>Loccumcr</strong></span> <span class='ocrx_word' id='word_1_451' title='bbox 910 4584 1031 4670; x_wconf 62' lang='grc' dir='ltr'><em>Κορέαν</em></span> <span class='ocrx_word' id='word_1_452' title='bbox 1055 4582 1089 4652; x_wconf 80' lang='lat' dir='ltr'><strong>S.</strong></span> <span class='ocrx_word' id='word_1_453' title='bbox 1105 4583 1172 4647; x_wconf 77' lang='lat'><strong>533</strong></span> <span class='ocrx_word' id='word_1_454' title='bbox 1195 4582 1254 4652; x_wconf 82' lang='lat' dir='ltr'><strong>Nr.</strong></span> <span class='ocrx_word' id='word_1_455' title='bbox 1271 4583 1348 4648; x_wconf 80' lang='lat'><strong><em>855.</em></strong></span> <span class='ocrx_word' id='word_1_456' title='bbox 1393 4584 1505 4671; x_wconf 73' lang='lat' dir='ltr'><strong>Repeal</strong></span> <span class='ocrx_word' id='word_1_457' title='bbox 1529 4610 1557 4650; x_wconf 85' lang='grc' dir='ltr'><strong>υ.</strong></span> <span class='ocrx_word' id='word_1_458' title='bbox 1575 4583 1764 4670; x_wconf 72' lang='lat' dir='ltr'><strong>Hodercberg,</strong></span> <span class='ocrx_word' id='word_1_459' title='bbox 1790 4583 1996 4670; x_wconf 74' lang='lat' dir='ltr'><strong>Colenberper</strong></span> <span class='ocrx_word' id='word_1_460' title='bbox 2014 4583 2085 4648; x_wconf 82' lang='grc' dir='ltr'><strong>ΠΒ.</strong></span> 
     </span>
     <span class='ocr_line' id='line_1_39' title="bbox 283 4689 1509 4776; baseline 0.002 -22"><span class='ocrx_word' id='word_1_461' title='bbox 283 4692 379 4756; x_wconf 69' lang='lat' dir='ltr'><strong>Abte.</strong></span> <span class='ocrx_word' id='word_1_462' title='bbox 405 4689 466 4770; x_wconf 86' lang='lat' dir='ltr'><strong>III,</strong></span> <span class='ocrx_word' id='word_1_463' title='bbox 494 4690 527 4760; x_wconf 85' lang='lat' dir='ltr'><strong>S.</strong></span> <span class='ocrx_word' id='word_1_464' title='bbox 551 4690 618 4755; x_wconf 69' lang='lat'><strong>234</strong></span> <span class='ocrx_word' id='word_1_465' title='bbox 640 4690 703 4757; x_wconf 80' lang='lat' dir='ltr'><strong>Nr.</strong></span> <span class='ocrx_word' id='word_1_466' title='bbox 726 4689 802 4758; x_wconf 83' lang='lat'><strong><em>361.</em></strong></span> <span class='ocrx_word' id='word_1_467' title='bbox 849 4690 1115 4776; x_wconf 75' lang='lat' dir='ltr'><strong>Heddingbousen</strong></span> <span class='ocrx_word' id='word_1_468' title='bbox 1136 4695 1180 4754; x_wconf 85' lang='lat' dir='ltr'><strong>im</strong></span> <span class='ocrx_word' id='word_1_469' title='bbox 1202 4691 1311 4756; x_wconf 75' lang='lat' dir='ltr'><strong>Kreise</strong></span> <span class='ocrx_word' id='word_1_470' title='bbox 1334 4690 1509 4756; x_wconf 75' lang='lat' dir='ltr'><strong>Leihbeclee.</strong></span> 
     </span>
    </p>
   </div>
   <div class='ocr_carea' id='block_1_8' title="bbox 1023 4853 1140 4933">
    <p class='ocr_par' dir='ltr' id='par_1_10' title="bbox 1023 4853 1140 4933">
     <span class='ocr_line' id='line_1_40' title="bbox 1023 4853 1140 4933; baseline -0.009 -3"><span class='ocrx_word' id='word_1_471' title='bbox 1023 4853 1140 4933; x_wconf 89' lang='lat'><strong>1088.</strong></span> 
     </span>
    </p>
   </div>
   <div class='ocr_carea' id='block_1_9' title="bbox 76 4978 2087 5177">
    <p class='ocr_par' dir='ltr' id='par_1_11' title="bbox 76 4978 2087 5177">
     <span class='ocr_line' id='line_1_41' title="bbox 76 4978 2087 5072; baseline 0.002 -22"><span class='ocrx_word' id='word_1_472' title='bbox 76 4978 216 5071; x_wconf 80' lang='lat' dir='ltr'><strong>Bischot</strong></span> <span class='ocrx_word' id='word_1_473' title='bbox 252 4981 398 5071; x_wconf 82' lang='lat' dir='ltr'><strong>Volquin</strong></span> <span class='ocrx_word' id='word_1_474' title='bbox 425 5004 490 5053; x_wconf 83' lang='lat' dir='ltr'><strong>eon</strong></span> <span class='ocrx_word' id='word_1_475' title='bbox 513 4981 663 5053; x_wconf 79' lang='lat' dir='ltr'><strong>Miadcn</strong></span> <span class='ocrx_word' id='word_1_476' title='bbox 689 4981 860 5052; x_wconf 76' lang='lat' dir='ltr'><strong>schlicltel</strong></span> <span class='ocrx_word' id='word_1_477' title='bbox 886 4982 985 5053; x_wconf 82' lang='lat' dir='ltr'><strong>einen</strong></span> <span class='ocrx_word' id='word_1_478' title='bbox 1003 4981 1109 5054; x_wconf 79' lang='lat' dir='ltr'><strong>Strcit</strong></span> <span class='ocrx_word' id='word_1_479' title='bbox 1127 4981 1187 5052; x_wconf 83' lang='lat' dir='ltr'><strong>des</strong></span> <span class='ocrx_word' id='word_1_480' title='bbox 1205 4979 1441 5072; x_wconf 78' lang='lat' dir='ltr'><strong>Domlcopilels</strong></span> <span class='ocrx_word' id='word_1_481' title='bbox 1464 4983 1528 5052; x_wconf 81' lang='lat' dir='ltr'><strong>mit</strong></span> <span class='ocrx_word' id='word_1_482' title='bbox 1546 4981 1623 5053; x_wconf 86' lang='lat' dir='ltr'><strong>dem</strong></span> <span class='ocrx_word' id='word_1_483' title='bbox 1643 4979 1855 5068; x_wconf 72' lang='lat' dir='ltr'><strong>Mantmnfz</strong></span> <span class='ocrx_word' id='word_1_484' title='bbox 1873 4983 1911 5053; x_wconf 84' lang='lat' dir='ltr'><strong>in</strong></span> <span class='ocrx_word' id='word_1_485' title='bbox 1930 4982 2087 5070; x_wconf 77' lang='lat' dir='ltr'><strong>Mindon,</strong></span> 
     </span>
     <span class='ocr_line' id='line_1_42' title="bbox 496 5085 1662 5177; baseline 0.003 -18"><span class='ocrx_word' id='word_1_486' title='bbox 496 5089 611 5159; x_wconf 72' lang='lat' dir='ltr'><strong>tndem</strong></span> <span class='ocrx_word' id='word_1_487' title='bbox 639 5111 677 5159; x_wconf 83' lang='lat' dir='ltr'><strong>er</strong></span> <span class='ocrx_word' id='word_1_488' title='bbox 704 5088 808 5159; x_wconf 80' lang='lat' dir='ltr'><strong>deren</strong></span> <span class='ocrx_word' id='word_1_489' title='bbox 834 5087 1089 5176; x_wconf 72' lang='lat' dir='ltr'><strong>Pforreireclrtc</strong></span> <span class='ocrx_word' id='word_1_490' title='bbox 1117 5087 1283 5177; x_wconf 73' lang='lat' dir='ltr'><strong>obprcnat.</strong></span> <span class='ocrx_word' id='word_1_491' title='bbox 1339 5085 1442 5158; x_wconf 84' lang='lat'><em>1277</em></span> <span class='ocrx_word' id='word_1_492' title='bbox 1471 5087 1577 5158; x_wconf 68' lang='lat' dir='ltr'><strong>Matre</strong></span> <span class='ocrx_word' id='word_1_493' title='bbox 1603 5087 1662 5164; x_wconf 88' lang='lat'><strong>23.</strong></span> 
     </span>
    </p>
   </div>
   <div class='ocr_carea' id='block_1_10' title="bbox 76 5204 2093 5502">
    <p class='ocr_par' dir='ltr' id='par_1_12' title="bbox 76 5204 2093 5502">
     <span class='ocr_line' id='line_1_43' title="bbox 177 5204 2088 5289; baseline 0.001 -19"><span class='ocrx_word' id='word_1_494' title='bbox 177 5205 364 5288; x_wconf 89' lang='lat' dir='ltr'><strong>Volquinus</strong></span> <span class='ocrx_word' id='word_1_495' title='bbox 387 5205 448 5271; x_wconf 91' lang='lat' dir='ltr'><strong>Dei</strong></span> <span class='ocrx_word' id='word_1_496' title='bbox 472 5205 579 5289; x_wconf 85' lang='lat' dir='ltr'><strong>gracia</strong></span> <span class='ocrx_word' id='word_1_497' title='bbox 602 5207 727 5271; x_wconf 87' lang='lat' dir='ltr'><strong>electus</strong></span> <span class='ocrx_word' id='word_1_498' title='bbox 750 5204 967 5270; x_wconf 88' lang='lat' dir='ltr'><strong>confirmatus</strong></span> <span class='ocrx_word' id='word_1_499' title='bbox 990 5205 1129 5270; x_wconf 88' lang='lat' dir='ltr'><strong>ecclesie</strong></span> <span class='ocrx_word' id='word_1_500' title='bbox 1152 5204 1335 5271; x_wconf 89' lang='lat' dir='ltr'><strong>Mindensis</strong></span> <span class='ocrx_word' id='word_1_501' title='bbox 1358 5205 1514 5271; x_wconf 91' lang='lat' dir='ltr'><strong>omnibus</strong></span> <span class='ocrx_word' id='word_1_502' title='bbox 1538 5207 1601 5270; x_wconf 91' lang='lat' dir='ltr'><strong>hoc</strong></span> <span class='ocrx_word' id='word_1_503' title='bbox 1624 5205 1784 5289; x_wconf 90' lang='lat' dir='ltr'><strong>scriptum</strong></span> <span class='ocrx_word' id='word_1_504' title='bbox 1806 5206 1925 5272; x_wconf 86' lang='lat' dir='ltr'><strong>visuris</strong></span> <span class='ocrx_word' id='word_1_505' title='bbox 1948 5208 2088 5272; x_wconf 88' lang='lat' dir='ltr'><strong>salutem</strong></span> 
     </span>
     <span class='ocr_line' id='line_1_44' title="bbox 76 5307 2089 5396; baseline 0.004 -26"><span class='ocrx_word' id='word_1_506' title='bbox 76 5307 221 5376; x_wconf 91' lang='lat' dir='ltr'><strong>inomni</strong></span> <span class='ocrx_word' id='word_1_507' title='bbox 245 5311 392 5376; x_wconf 89' lang='lat' dir='ltr'><strong>salutari.</strong></span> <span class='ocrx_word' id='word_1_508' title='bbox 439 5312 487 5376; x_wconf 80' lang='lat' dir='ltr'><strong>lla</strong></span> <span class='ocrx_word' id='word_1_509' title='bbox 510 5331 576 5394; x_wconf 89' lang='lat' dir='ltr'><strong>que</strong></span> <span class='ocrx_word' id='word_1_510' title='bbox 598 5312 775 5395; x_wconf 84' lang='lat' dir='ltr'><strong>pastoralis</strong></span> <span class='ocrx_word' id='word_1_511' title='bbox 799 5310 988 5377; x_wconf 90' lang='lat' dir='ltr'><strong>sollicitudo</strong></span> <span class='ocrx_word' id='word_1_512' title='bbox 1013 5311 1053 5376; x_wconf 91' lang='lat' dir='ltr'><strong>de</strong></span> <span class='ocrx_word' id='word_1_513' title='bbox 1077 5312 1236 5376; x_wconf 86' lang='lat' dir='ltr'><strong>subiectis</strong></span> <span class='ocrx_word' id='word_1_514' title='bbox 1260 5309 1323 5376; x_wconf 93' lang='lat' dir='ltr'><strong>sibi</strong></span> <span class='ocrx_word' id='word_1_515' title='bbox 1346 5310 1495 5376; x_wconf 90' lang='lat' dir='ltr'><strong>ecclesiis</strong></span> <span class='ocrx_word' id='word_1_516' title='bbox 1518 5312 1645 5394; x_wconf 89' lang='lat' dir='ltr'><strong>statuit,</strong></span> <span class='ocrx_word' id='word_1_517' title='bbox 1680 5312 1813 5380; x_wconf 85' lang='lat' dir='ltr'><strong>ordinat</strong></span> <span class='ocrx_word' id='word_1_518' title='bbox 1846 5315 1899 5379; x_wconf 88' lang='lat' dir='ltr'><strong>vel</strong></span> <span class='ocrx_word' id='word_1_519' title='bbox 1933 5314 2089 5396; x_wconf 88' lang='lat' dir='ltr'><strong>disponit,</strong></span> 
     </span>
     <span class='ocr_line' id='line_1_45' title="bbox 77 5417 2093 5502; baseline 0.003 -23"><span class='ocrx_word' id='word_1_520' title='bbox 77 5418 250 5498; x_wconf 86' lang='lat' dir='ltr'><strong>presertim</strong></span> <span class='ocrx_word' id='word_1_521' title='bbox 285 5436 360 5482; x_wconf 90' lang='lat' dir='ltr'><strong>cum</strong></span> <span class='ocrx_word' id='word_1_522' title='bbox 383 5418 425 5483; x_wconf 88' lang='lat' dir='ltr'><strong>de</strong></span> <span class='ocrx_word' id='word_1_523' title='bbox 447 5418 620 5482; x_wconf 85' lang='lat' dir='ltr'><strong>voluntate</strong></span> <span class='ocrx_word' id='word_1_524' title='bbox 643 5421 677 5483; x_wconf 91' lang='lat' dir='ltr'><strong>et</strong></span> <span class='ocrx_word' id='word_1_525' title='bbox 701 5437 868 5483; x_wconf 90' lang='lat' dir='ltr'><strong>consensu</strong></span> <span class='ocrx_word' id='word_1_526' title='bbox 890 5417 1039 5502; x_wconf 89' lang='lat' dir='ltr'><strong>ipsarum</strong></span> <span class='ocrx_word' id='word_1_527' title='bbox 1063 5417 1275 5483; x_wconf 88' lang='lat' dir='ltr'><strong>ecclesiamm</strong></span> <span class='ocrx_word' id='word_1_528' title='bbox 1299 5419 1493 5483; x_wconf 87' lang='lat' dir='ltr'><strong>statuuntur</strong></span> <span class='ocrx_word' id='word_1_529' title='bbox 1515 5420 1549 5483; x_wconf 89' lang='lat' dir='ltr'><strong>et</strong></span> <span class='ocrx_word' id='word_1_530' title='bbox 1571 5417 1748 5483; x_wconf 87' lang='lat' dir='ltr'><strong>salubriter</strong></span> <span class='ocrx_word' id='word_1_531' title='bbox 1770 5419 1976 5500; x_wconf 90' lang='lat' dir='ltr'><strong>ordinantur,</strong></span> <span class='ocrx_word' id='word_1_532' title='bbox 2012 5423 2048 5485; x_wconf 89' lang='lat' dir='ltr'><strong>ut</strong></span> <span class='ocrx_word' id='word_1_533' title='bbox 2070 5439 2093 5484; x_wconf 89' lang='lat' dir='ltr'><strong>a</strong></span> 
     </span>
    </p>
   </div>
   <div class='ocr_carea' id='block_1_11' title="bbox 0 0 2547 6772">
    <p class='ocr_par' dir='ltr' id='par_1_13' title="bbox 0 0 2547 6772">
     <span class='ocr_line' id='line_1_46' title="bbox 0 0 2547 6772; baseline 0 0"><span class='ocrx_word' id='word_1_534' title='bbox 0 0 2547 6772; x_wconf 95' lang='lat' dir='ltr'><strong> </strong></span> 
     </span>
    </p>
   </div>
  </div>
 </body>
</html>
