5032 6796
1038 367 1106 422 1295

1033 562 1147 640 1547.

66 690 271 762 Itrwdlrltar
297 689 433 778 bardolf
453 711 517 761 ooo
546 689 694 761 Mindon
721 690 973 869 bekundlilt’ffi
1002 691 1281 870 ἶοέἒθὸρυῧῖωιέεε
1305 691 1499 868 15(va
1526 714 1588 762 ooo
1609 692 1781 764 Naustodt
1807 694 1896 766 auctr
1916 693 2100 767 Isotoecte.

882 820 920 868 or
975 821 987 866 r
1250 821 1287 868 cr
1338 855 1346 871 .

183 931 381 1014 Ludollus¹)
409 931 470 997 Dei
497 932 607 1015 gracia
634 932 815 997 Mindensis
844 933 983 998 ecclesie
1011 933 1136 999 electus
1168 933 1383 999 confirmatus
1417 935 1573 999 omnibus
1602 933 1881 1001 Christifidelibus
1908 940 2099 1019 presentem

65 1038 229 1122 paginam
251 1037 451 1120 inspecturis
475 1037 618 1102 salutem
640 1039 676 1102 in
691 1038 834 1103 Domino
858 1040 1107 1121 sempiternam.
1146 1039 1307 1105 Noverint
1329 1040 1487 1119 universi,
1512 1041 1603 1123 quod
1620 1060 1680 1106 uos
1697 1042 1738 1106 de
1753 1041 1916 1108 benevolo
1933 1062 2099 1109 consensu

67 1163 110 1208 ac
136 1144 286 1209 unanimi
310 1145 479 1209 voluntate
502 1143 608 1208 totius
631 1145 768 1227 capituli
790 1145 898 1210 nostri
921 1148 1121 1209 conventum
1144 1145 1383 1210 canonicorum
1406 1147 1543 1211 ecclesie
1567 1146 1660 1212 Nove
1684 1148 1834 1212 Civitatis
1858 1151 2026 1230 quondam
2056 1149 2099 1213 ab

66 1251 213 1316 ecclesia
235 1249 410 1314 Alethensi
437 1249 472 1314 in
495 1249 605 1332 ipsam
628 1250 756 1315 Novam
781 1251 957 1316 Civitatem
980 1271 1040 1334 per
1066 1251 1290 1316 venerabilem
1310 1256 1441 1335 patrem
1465 1253 1703 1339 Volquinum2)
1726 1255 1896 1336 quondam
1916 1255 2100 1320 Mindensis

66 1356 212 1422 ecclesie
241 1357 437 1438 episcopum
465 1356 665 1422 translatum
695 1356 794 1421 variis
825 1357 1078 1439 malignantium
1107 1358 1270 1424 molestiis
1293 1359 1328 1423 in
1351 1359 1425 1441 ipsa
1448 1358 1579 1423 civitate
1603 1359 1753 1424 attritum
1775 1378 1813 1423 ac
1837 1361 2024 1441 potentium
2047 1361 2100 1425 in-

63 1463 199 1545 iuriis³)
234 1463 424 1528 lacessitum
457 1462 667 1528 necessitatis
703 1460 933 1548 utilitatisve4)
971 1481 1072 1527 causa
1105 1463 1140 1527 in
1174 1467 1325 1528 nostrum
1360 1467 1392 1529 et
1426 1465 1565 1529 ecclesie
1599 1467 1712 1528 nostre
1748 1466 1907 1547 oppidum
1944 1466 2100 1532 videlicet
2133 1491 2138 1502 ·

65 1569 264 1653 Lubbeket)
293 1589 369 1634 cum
392 1569 547 1634 omnibus
571 1568 639 1634 suis
663 1569 791 1634 iuribus
815 1573 847 1634 et
872 1570 1082 1652 pertinentiis
1104 1569 1348 1652 transtulimus,
1372 1570 1532 1637 facientes
1554 1571 1661 1654 ipsam
1686 1569 1859 1635 ecclesiam
1881 1571 1916 1635 in
1941 1572 2100 1638 Lubbeke

65 1675 338 1755 conventualem,
362 1678 400 1741 ut
423 1676 465 1740 ab
488 1675 563 1758 ipso
588 1680 754 1740 conventu
778 1697 797 1741 a
820 1676 917 1742 nohis
939 1677 1101 1741 translato
1125 1697 1202 1742 cum
1218 1677 1374 1742 omnibus
1390 1679 1529 1757 iuribuS,
1554 1677 1823 1760 possessionibus
1841 1682 1874 1742 et
1889 1679 2100 1761 pertiuentiis

63 1783 284 1866 possideatur
307 1781 411 1846 libere
434 1781 506 1845 sine
528 1781 605 1846 fine.
647 1781 785 1847 Collatio
810 1785 922 1848 autem
945 1783 1192 1865 prebendarum
1216 1785 1408 1849 huiusmodi
1432 1784 1622 1849 vacantium
1645 1786 1688 1848 ad
1705 1803 1766 1849 nos
1783 1788 1815 1848 et
1831 1784 1874 1848 ad
1890 1803 2102 1851 successores

64 1891 207 1953 nostros
242 1889 405 1970 perpetuo
440 1887 631 1970 pertinebit,
667 1908 707 1952 eo
743 1889 906 1952 duntaxat
940 1891 1107 1971 excepte,
1124 1892 1215 1971 quod
1250 1894 1388 1955 vacante
1424 1893 1585 1956 decanatu
1614 1889 1767 1954 canonici
1798 1891 1941 1974 eligendi
1969 1893 2011 1956 de
2039 1912 2100 1958 suo

65 1993 219 2078 capitulo
243 1995 407 2060 decanum
429 1994 602 2059 habebunt
627 1995 764 2058 liberam
782 1979 983 2075 facultatem,
1008 1995 1143 2077 queml)
1160 1997 1318 2062 canonice
1334 1998 1477 2061 electum
1494 1997 1671 2079 episcopus
1690 1997 1882 2077 Mindensis,
1907 1997 2099 2081 quicunque

63 2121 134 2184 pro
164 2104 318 2183 tempore
344 2101 457 2176 suerit,
493 2099 662 2165 tenebitur
690 2099 899 2182 confirmare,
934 2103 1021 2166 sicut
1050 2101 1085 2164 in
1109 2123 1223 2166 eorum
1248 2103 1479 2168 instrumentis
1503 2103 1720 2185 originalibus
1743 2103 1876 2186 plenius
1900 2104 2098 2171 continetur.

65 2206 306 2273 Translatione
323 2205 521 2289 siquidem7)
546 2206 594 2270 sic
616 2207 703 2271 facta
726 2209 800 2272 octo
823 2226 969 2288 mansos
993 2227 1098 2273 unum
1122 2209 1159 2272 in
1174 2207 1403 2291 Tenningen8)
1427 2208 1539 2287 situm,
1563 2209 1689 2273 curiam
1712 2211 1862 2275 nostram
1887 2210 1921 2274 in
1939 2211 2100 2276 Lubbeke

64 2314 197 2379 dictam
220 2314 379 2380 Domhoff
403 2333 480 2378 curn
503 2316 647 2396 quatuor
678 2314 803 2378 mansis
835 2317 869 2379 et
893 2314 977 2378 duos
1002 2314 1085 2379 alios
1108 2334 1243 2380 mansos
1267 2315 1392 2379 ibidem
1415 2319 1449 2379 et
1472 2334 1626 2379 mansum
1651 2317 1785 2379 domine
1808 2315 1938 2381 iustine
1962 2317 2098 2400 ibidem,

64 2441 149 2484 curn
177 2420 306 2500 obierit,
337 2421 475 2502 urgente
503 2438 565 2482 nos
595 2421 627 2484 et
655 2419 827 2484 ecclesiam
858 2422 1006 2484 nostram
1029 2419 1272 2504 Mindensem⁹)
1304 2439 1405 2484 onere
1437 2421 1624 2485 debitorum
1649 2442 1709 2502 pro
1733 2424 1988 2503 recuperatione
2013 2424 2099 2488 Novi

65 2527 192 2602 Castri,
220 2545 281 2609 pro
305 2526 555 2608 quadringentis
579 2525 822 2609 quinquaginta
845 2527 964 2592 marcis
987 2527 1163 2592 Herbordo
1188 2526 1281 2590 militi
1306 2527 1394 2592 dicto
1417 2528 1458 2590 de
1482 2525 1720 2609 llarrdesloew)
1752 2527 1837 2593 datis
1867 2531 1908 2594 de
1932 2549 2098 2596 consensu

65 2633 207 2715 capituli
239 2632 344 2698 nostri
372 2634 557 2697 memorato
586 2633 764 2698 conventui
792 2633 1002 2697 vendidimus
1034 2652 1110 2696 cum
1132 2632 1405 2715 proprietatibus,
1441 2633 1631 2708 advocatiis,
1667 2633 1753 2714 agris
1777 2634 1873 2699 cultis
1897 2641 1931 2700 et
1954 2635 2100 2718 incultiS,

65 2739 174 2812 silvis,
198 2738 402 2817 nemoribus,
439 2738 545 2819 aquis,
580 2740 697 2821 pratiS,
732 2739 876 2820 pascuis,
909 2740 981 2817 viis,
1016 2739 1123 2820 inviis,
1159 2738 1374 2803 servitutibus
1399 2742 1432 2802 et
1456 2739 1668 2822 pertinentiis
1696 2733 1962 2824 quibuscunque,
1997 2764 2099 2825 quarn

66 2845 247 2928 pecuniam
274 2844 542 2926 recognoscimus
566 2865 627 2909 nos
656 2845 822 2927 recepisse
848 2848 881 2910 et
904 2845 940 2909 in
963 2846 1138 2910 utilitatem
1163 2846 1301 2909 ecclesie
1324 2846 1484 2920 nostre¹¹t
1509 2847 1724 2930 convertisse,
1760 2847 1846 2912 sicut
1870 2848 2024 2931 superius
2048 2853 2099 2915 est

67 2971 275 3035 expressum.
323 2950 566 3032 Proprietatem
594 2951 694 3017 etiam
721 2951 885 3016 bonorum
914 2952 957 3016 ad
984 2972 1045 3015 nos
1074 2954 1107 3016 et
1137 2952 1309 3016 ecclesiam
1338 2954 1485 3016 nostram
1509 2953 1757 3035 pertinentium,
1790 2975 1855 3037 que
1878 2975 1940 3038 pro
1964 2959 2099 3023 centum

63 3058 188 3122 marcis
212 3055 417 3141 poterunt12)
441 3058 639 3140 comparari,
671 3057 797 3122 eisdem
826 3058 995 3122 canonicis
1023 3059 1058 3122 in
1083 3058 1201 3122 eodem
1225 3061 1396 3123 contractu
1420 3058 1620 3123 venditionis
1644 3059 1744 3124 titulo
1768 3061 2020 3144 assignavimus
2051 3063 2100 3128 ita

64 3164 218 3247 quidem,
253 3167 300 3244 ut,
335 3183 410 3227 cum
442 3163 588 3245 primum
611 3165 728 3229 eadem
751 3166 840 3228 bona
864 3166 899 3228 in
921 3167 1016 3247 parte
1039 3165 1092 3228 vel
1115 3163 1150 3227 in
1172 3167 1243 3230 toto
1268 3165 1310 3228 ab
1334 3165 1417 3247 ipsis
1441 3166 1609 3229 canonicis
1634 3167 1757 3231 fuerint
1781 3171 1983 3251 comparata,
2020 3189 2099 3252 pro-

64 3271 195 3354 prietas
224 3290 340 3334 eorum
369 3271 459 3353 apud
488 3270 579 3354 ipsos
607 3275 800 3353 permaneat
828 3271 900 3336 sine
927 3271 1005 3335 fine.
1053 3272 1211 3335 Preterea
1241 3270 1395 3335 volumus
1419 3273 1452 3334 et
1475 3271 1678 3353 ordinamus
1714 3276 1752 3337 ut
1775 3293 1852 3338 aree
1874 3276 2099 3357 predictorum

63 3378 304 3442 canonicorum
328 3376 509 3441 emunitate
534 3379 700 3458 gaudeant
724 3377 945 3442 ecclesiastica
968 3380 1002 3441 et
1025 3396 1045 3440 a
1067 3377 1196 3461 vigiliis,
1225 3377 1324 3442 talliis
1354 3397 1414 3442 seu
1438 3377 1594 3459 collectiS,
1630 3379 1859 3444 exactionibus
1883 3384 1916 3445 et
1940 3382 1982 3446 ab
2006 3383 2097 3448 omni

63 3484 258 3566 gravamine
286 3484 354 3548 sint
383 3484 546 3566 expedite,
578 3483 680 3548 libere
704 3488 738 3549 et
762 3486 925 3565 exempte.
973 3483 1157 3548 Adiicimus
1182 3484 1292 3558 etiarn,
1325 3484 1425 3567 quod,
1450 3485 1478 3549 si
1503 3485 1669 3568 quispiam
1693 3487 1867 3551 hominum
1891 3488 2099 3553 necessitatis

62 3610 168 3654 causa
193 3592 235 3654 ad
259 3590 486 3672 predictorum
509 3590 743 3656 canonicorum
769 3590 935 3670 domosli)
959 3589 1205 3673 confugeritlt),
1226 3593 1525 3674 quantumcunque
1541 3591 1651 3674 gravia
1667 3591 1829 3656 maleficia
1845 3595 2099 3677 perpetraverit,

60 3717 135 3761 non
160 3699 212 3762 est
235 3697 277 3759 ab
301 3716 416 3761 eorum
440 3697 593 3761 domibus
617 3696 851 3775 extrahendus,
886 3699 920 3759 et
942 3696 989 3760 sic
1011 3695 1150 3778 predicti
1173 3697 1324 3762 canonici
1347 3700 1379 3761 et
1402 3717 1517 3763 eorum
1540 3717 1616 3763 aree
1640 3718 1679 3762 ea
1703 3699 1896 3780 gaudebunt
1931 3701 2095 3783 libertate,

56 3823 167 3886 quam
194 3803 348 3867 dicuntur
363 3803 546 3868 Mindensis
570 3803 708 3868 ecclesie
732 3803 883 3868 canonici
907 3803 1067 3867 obtinere.
1106 3802 1265 3867 Preterea
1289 3804 1472 3885 adiicimus,
1497 3805 1585 3870 sicut
1608 3805 1643 3868 in
1666 3825 1782 3868 eorum
1806 3807 2022 3889 originalibus
2046 3812 2098 3872 est

57 3912 239 3989 statutum,
263 3910 354 3992 quod
378 3909 530 3974 canonici
554 3909 693 3994 dicte¹⁵)
717 3909 854 3974 ecclesie
877 3908 912 3972 in
936 3908 1094 3973 Lubbeke
1118 3928 1233 3991 parem
1257 3928 1331 3973 cum
1356 3910 1429 3975 aliis
1454 3911 1623 3975 canonicis
1647 3913 1793 3976 testandi
1818 3933 1877 3977 seu
1902 3912 2098 3979 conficiendi

60 4017 306 4081 testamentum
330 4016 505 4097 derebus,
537 4035 620 4098 quas
644 4015 823 4080 habuerint
845 4016 898 4080 vel
922 4015 1147 4098 acquisierint,
1180 4017 1213 4079 et
1236 4015 1373 4079 mobilia
1396 4017 1544 4081 donandi
1569 4019 1773 4101 pauperibus
1798 4020 1831 4083 et
1854 4020 1969 4084 amicis
1993 4020 2097 4085 facul-

60 4126 170 4187 tatem
197 4123 344 4187 habeant
367 4123 488 4204 iusque
512 4122 725 4187 canonicatus
750 4122 785 4186 in
809 4122 963 4186 omnibus
988 4122 1171 4202 obtineant,
1202 4123 1251 4186 ita
1274 4123 1365 4206 quod
1388 4122 1471 4188 nulli
1493 4124 1697 4207 prelatorum
1721 4125 1924 4190 attribuatur
1947 4128 2098 4209 potestas

59 4229 203 4311 petendi
225 4228 278 4293 vel
302 4228 486 4312 accipiendi
509 4228 683 4311 synodalia
706 4249 726 4292 a
749 4229 915 4294 canonicis
939 4229 1148 4310 supradictis,
1178 4227 1283 4311 qui¹⁶l
1308 4229 1404 4295 nobis
1428 4233 1461 4294 et
1484 4229 1609 4294 nostris
1633 4231 1881 4296 successoribus
1905 4233 2097 4299 immediate

59 4337 242 4416 suberunt,
265 4338 299 4399 et
321 4335 503 4399 morientes
526 4355 632 4400 annos
656 4335 759 4418 gratie
775 4335 983 4402 obtinebunt.
1023 4335 1261 4417 Approbamus
1278 4335 1388 4417 etiam,
1412 4337 1504 4419 quod
1521 4336 1672 4402 canonici
1690 4338 1830 4419 predicti
1841 4336 1883 4424 17)
1906 4341 2096 4406 sacerdotes

59 4441 221 4506 denarios
246 4440 425 4522 unctionis,
450 4440 646 4507 visitationis
670 4442 877 4507 infirmorum
901 4444 934 4506 et
957 4441 1013 4523 qui
1035 4442 1222 4506 offeruntur
1244 4441 1278 4505 in
1303 4441 1526 4523 peculiaribus
1550 4443 1643 4507 etin
1667 4443 1741 4510 aliis
1764 4445 1885 4527 missis,
1910 4466 1993 4528 quas
2011 4447 2096 4513 cele-

58 4547 154 4612 brari
171 4545 380 4629 contingitffi)
405 4546 439 4611 in
457 4549 596 4614 ecclesia
613 4548 824 4614 Lubbecensi
840 4545 964 4630 sinelt)
988 4548 1150 4613 adiutorio
1175 4548 1412 4626 ministrorum,
1436 4549 1499 4613 sibi
1523 4549 1586 4614 soli
1609 4551 1766 4633 habeant,
1792 4555 1838 4632 ut,
1863 4551 1992 4636 quia²⁰l
2016 4556 2096 4637 plus

57 4655 190 4719 habent
214 4654 335 4732 oneris,
358 4654 437 4736 plus
460 4654 607 4719 habeant
630 4655 795 4719 commodi
819 4656 852 4718 et
874 4654 1022 4720 honoris.
1062 4653 1219 4720 Ceterum
1242 4676 1285 4720 ne
1309 4675 1411 4738 super
1436 4656 1612 4722 collatione
1635 4659 1775 4724 ecclesie
1792 4659 1834 4724 de
1849 4657 2005 4739 Alethen,
2031 4681 2097 4743 que

58 4761 237 4843 quondam
262 4759 306 4823 ad
331 4760 490 4825 dilectum
514 4760 548 4824 in
572 4759 753 4841 Christo²¹l
778 4760 1048 4830 archidiaconum
1070 4761 1105 4825 in
1128 4761 1273 4826 Alethen
1296 4762 1485 4844 pertinebat
1509 4766 1543 4828 et
1565 4765 1779 4847 postmodum
1803 4766 1979 4831 decanatui
2002 4767 2096 4832 Nove

58 4866 216 4931 Civitatis
239 4867 405 4949 perpetuo
430 4885 559 4932 annexa
582 4870 643 4948 est,
674 4867 864 4950 questiones
889 4868 1120 4951 inposterum
1143 4869 1357 4950 suscitentur,
1393 4869 1589 4935 ordinamus
1613 4873 1647 4936 et
1670 4872 1858 4943 statuimus.
1883 4876 1921 4937 ut
1944 4872 2095 4937 eiusdem

58 4973 203 5038 ecclesie
239 4974 275 5036 in
304 4971 450 5038 Alethen
484 4973 616 5038 collatio
649 4975 692 5038 ad
727 4974 999 5039 archidiaconum
1034 4974 1158 5038 ibidem
1192 4973 1366 5058 pertineat,
1402 4976 1467 5041 hoc
1499 4978 1611 5042 tamen
1642 4978 1747 5058 salvo,
1781 4978 1872 5060 quod
1903 4978 2097 5061 quicunque

58 5079 219 5144 sacerdos
244 5079 287 5143 ab
312 5077 544 5144 archidiacono
561 5079 686 5144 ibidem
702 5080 872 5145 institutus
889 5080 988 5145 fuerit
1004 5081 1149 5163 capitulo
1166 5081 1305 5146 ecclesie
1322 5081 1561 5165 LubbecensiS,
1586 5084 1638 5148 cui
1654 5083 1864 5166 incorporata
1881 5082 2095 5165 extiterat22),

57 5185 145 5249 duas
169 5203 300 5249 marcas
324 5185 360 5248 in
384 5183 468 5248 festo
484 5186 654 5251 Michaelis
678 5187 814 5269 singulis
837 5187 935 5250 annis
958 5186 1127 5270 persolvet
1149 5185 1236 5251 inter
1258 5187 1350 5270 ipsos
1375 5189 1538 5255 decanum
1562 5193 1595 5254 et
1619 5189 1796 5254 canonicos
1821 5189 1987 5272 equaliter
2010 5188 2095 5253 divi-

57 5290 200 5356 dendas.
241 5289 386 5356 Collatio
409 5294 520 5355 autem
544 5292 684 5357 ecclesie
706 5293 742 5357 in
758 5291 956 5376 Boitzen23),
980 5313 1046 5374 que
1070 5293 1111 5357 ad
1136 5290 1228 5374 ipsos
1252 5295 1429 5361 canonicos
1445 5294 1663 5378 pertinuerat,
1686 5295 1786 5378 pleno
1802 5294 1875 5360 iure
1891 5295 1934 5360 ad
1950 5295 2095 5360 eundem

1815 5472 1879 5536 bb*
