5062 6776
1053 410 1119 464 tarr
2047 395 2110 461 317

90 609 328 692 omnipotentis
357 607 419 673 Dei
447 610 482 673 et
507 605 678 691 petitionis
706 605 853 690 magistri
876 605 1063 673 Widelrindi
1098 605 1227 672 ordinis
1251 604 1393 671 militum
1418 606 1542 671 Christi
1566 608 1681 672 nostro
1705 626 1869 672 consensu
1893 610 2009 674 mutuo
2032 626 2113 674 con-

92 717 248 782 cordante
282 714 334 779 ius
369 714 498 779 leodale
532 713 685 779 habitum
709 733 729 776 a
751 713 905 797 gloriosis
937 712 1145 796 principibus
1180 712 1324 778 dominis
1360 711 1501 778 ducibus
1523 712 1836 780 Brunswicensibus
1864 715 1900 778 in
1923 735 1991 781 una
2014 717 2113 783 domo

91 825 153 889 sita
175 821 210 886 in
233 819 312 887 villa
335 820 595 903 Hepelinctorpe
618 821 654 884 in
677 819 834 904 parochia
857 819 1036 884 Silikessen
1061 819 1213 885 dedimus
1235 819 1379 884 liberum
1402 817 1563 902 religiosis
1586 819 1786 886 dominabus
1803 821 1948 886 claustro
1964 822 2112 888 Vlotowe

93 927 320 994 cistersiensis
355 925 481 991 ordinis
514 930 679 1009 perpetuo
714 926 921 991 duraturum.
975 927 1026 991 Ne
1058 945 1139 989 vero
1174 944 1275 1008 super
1309 924 1491 1008 prehabitis
1527 925 1637 1010 aliqua
1672 926 1838 992 calumnia
1871 927 1905 991 in
1940 930 2114 1010 posterum

91 1034 279 1117 suscitetur,
302 1033 461 1116 predictis
485 1033 683 1098 dominabus
707 1032 869 1116 religiosis
891 1051 1032 1116 presens
1049 1031 1210 1114 scriptum
1225 1031 1426 1096 contulimus
1443 1031 1706 1115 appensionibus
1721 1036 1912 1101 nostrorum
1929 1031 2114 1118 sigillorum

91 1141 124 1205 iu
149 1140 380 1205 testimonium
413 1138 553 1204 firmiter
586 1138 789 1203 roboratum.
836 1138 958 1203 Actum
983 1141 1016 1202 et
1040 1139 1156 1204 datum
1179 1137 1363 1221 Sternberg
1386 1157 1474 1204 anno
1498 1137 1630 1204 Domini
1652 1138 1911 1222 Mccuxxvu„
1945 1141 1982 1205 in
2004 1141 2114 1225 vigilia

91 1246 271 1312 nativitatis
293 1245 499 1328 precursoris
522 1244 667 1310 Domini.

222 1350 392 1434 Absolvifl
425 1351 566 1438 Mooyera
598 1353 633 1414 ia
661 1350 738 1415 Mac.
772 1346 846 1428 VII,
880 1346 979 1427 6813,
1016 1346 1050 1413 S.
1077 1346 1122 1412 39
1155 1351 1200 1412 im
1223 1347 1295 1432 1191.
1322 1347 1427 1413 St-A.
1462 1371 1502 1413 zu
1525 1351 1674 1416 Mirator.
1722 1349 1817 1416 Gedr.
1842 1350 1993 1432 1961699,
2025 1353 2113 1439 11119.

305 1457 420 1521 Archia
443 1453 572 1538 XVIII,
602 1454 637 1521 S.
660 1454 736 1522 235.
784 1454 898 1540 Regeat
931 1453 1036 1534 Weatf.
1066 1451 1139 1520 UB.
1165 1451 1223 1534 IV,
1257 1454 1289 1520 S.
1316 1451 1381 1520 706
1408 1453 1468 1522 Nr.
1495 1453 1591 1534 1175,
1624 1453 1787 1544 Liprpr'aclre
1811 1455 1910 1543 Regg.
1935 1455 1962 1537 I,
1989 1457 2022 1526 S.
2047 1457 2118 1522 212

305 1562 366 1629 Nr.
389 1562 467 1629 379.
513 1561 581 1628 Der
607 1561 850 1648 Tenmelmer'ater
879 1559 1045 1626 widekind
1064 1562 1174 1648 9919191
1194 1563 1254 1626 acot
1274 1562 1353 1625 9991
1376 1559 1521 1639 Hortata,
1550 1584 1596 1627 wo
1618 1563 1674 1627 der·
1700 1561 1804 1629 Ordm
1826 1567 1914 1630 91999
1935 1562 2117 1631 8191919,

313 1669 421 1756 Weqen
444 1671 704 1755 Hepeliuctorpe
727 1693 751 1736 a.
777 1669 852 1733 oben
875 1666 936 1736 Νι.
962 1665 1058 1733 1077.

1047 1849 1165 1927 1098.

90 1977 156 2050 rae
190 1977 330 2066 Grafen
366 1975 479 2064 adolf
512 1976 586 2048 card
621 1974 741 2048 Albert
776 1999 839 2048 voa
874 1975 1130 2066 Schwaloaberg
1170 1975 1354 2066 1119991199
1396 1976 1467 2064 aas
1501 1977 1686 2049 Ausuctea
1726 1978 1819 2051 tures
1859 1977 2015 2052 Baium
2056 1982 2120 2054 des

92 2083 254 2173 Bisclcota
291 2083 435 2175 7919919
462 2105 527 2155 oon
556 2082 705 2154 Miadea
733 2081 809 2154 dem
838 2083 895 2158 Kl.
925 2081 1222 2154 Muriaamrtaster
1248 2083 1305 2153 die
1340 2083 1458 2173 Voglei
1484 2083 1568 2154 iiber
1594 2084 1677 2154 awai
1704 2084 1806 2174 dee.
1861 2086 2121 2179 Sclualeaberg·

931 2187 1029 2259 1277
1057 2185 1109 2278 (2)
1137 2187 1214 2259 Iuli
1245 2192 1277 2259 6.

225 2305 322 2372 Gedr.
354 2303 459 2391 Wecff.
488 2305 559 2371 UB.
583 2303 643 2385 IV,
669 2305 703 2372 S.
728 2304 793 2371 706
816 2303 877 2372 Νι.
903 2302 990 2371 1176
1012 2327 1052 2369 zu
1075 2302 1162 2369 1277
1184 2305 1254 2369 Jula'
1275 2302 1306 2371 6.
1355 2302 1417 2372 Die
1441 2305 1645 2386 1199191199
1668 2306 1790 2388 Macl,
1816 2307 1889 2388 129,
1910 2309 1967 2384 fol.
1984 2308 2030 2374 33
2052 2311 2119 2375 und

311 2410 382 2492 VII,
415 2411 512 2492 4512,
545 2412 579 2481 S.
603 2412 772 2478 6819119
796 2412 880 2477 brida
904 2408 1001 2490 1271,
1035 2435 1102 2476 was
1124 2413 1283 2498 9991ιή119
1306 2415 1356 2490 iat,
1392 2410 1735 2478 69127199910119
1757 2414 1966 2501 8199199999
1988 2417 2122 2482 Miadm

305 2543 381 2585 war.
430 2519 615 2588 Zeitaclrra'fl
636 2517 735 2581 XLV
734 2518 778 2600 11,
812 2516 845 2583 S.
872 2517 974 2602 176ff.
1009 2520 1074 2582 9911
1099 2517 1256 2584 Schrader
1278 2520 1328 2584 die
1357 2516 1433 2583 Urlc.
1465 2521 1499 2582 in
1521 2520 1580 2583 dar
1604 2517 1687 2584 Jatr
1710 2518 1796 2587 1277
1821 2532 1927 2602 aetam
1963 2526 2008 2586 rie
2031 2521 2121 2588 Ιιιιιιιι

306 2626 382 2689 aber
404 2624 825 2712 969999919911191281
848 2625 989 2710 peiorare,
1014 2625 1094 2690 dena
1117 2625 1222 2690 (11919
1238 2625 1293 2689 der
1313 2623 1392 2689 Urlc.
1415 2637 1568 2710 paranate
1592 2627 1750 2706 Adallreid,
1775 2627 1891 2705 Adolfr
1906 2625 2007 2706 Fran,
2031 2653 2119 2694 muas

305 2732 412 2797 descen
435 2744 513 2797 erata
535 2729 627 2795 Fruu
648 2755 784 2818 qeweaen
806 2736 881 2814 9919,
910 2729 1256 2796 (19991128779119
1279 2731 1531 2816 9991911991.
1562 2729 1630 2798 UB.
1657 2731 1675 2795 I
1681 2731 1714 2812 V,
1739 2731 1798 2801 Νι,
1825 2731 1935 2813 1951),
1969 2736 2123 2801 wrilrmd

305 2838 434 2904 Alberta
457 2837 557 2917 Facu,
580 2838 669 2902 Iutta
692 2860 750 2902 voa
772 2836 920 2917 Roudorf,
943 2838 1093 2902 zwisalten
1116 2835 1202 2901 1271
1227 2838 1293 2900 aad
1315 2835 1403 2902 1298
1426 2837 1568 2902 erwcilmt
1588 2839 1677 2904 wird.

1053 3018 1171 3097 1099.

93 3145 233 3238 Bisclros
277 3148 423 3240 Volquin
457 3170 521 3219 voa
553 3148 703 3220 Miodca
739 3145 930 3238 9999119191
961 3146 1027 3218 deu
1059 3147 1244 3235 Rttclclccat
1286 3145 1345 3217 des
1379 3169 1441 3217 aaa
1472 3149 1599 3219 scirem
1641 3147 1839 3238 Vcrprtagar
1871 3149 2122 3240 oerpfc'tudetca

507 3254 658 3325 Zehutea
685 3255 721 3325 ia
750 3251 897 3340 Gobfeld
923 3252 1031 3324 duret
1059 3253 1122 3324 ctus
1149 3253 1374 3343 0991991191.
1430 3253 1530 3325 1277
1556 3253 1632 3325 rui·
1660 3259 1718 3329 26.

194 3373 381 3457 Volquinus
405 3373 466 3438 Dei
489 3373 599 3457 gracia
620 3371 803 3439 Mindensis
826 3372 964 3437 ecclesie
988 3370 1163 3454 episcopus
1187 3371 1343 3436 omnibus
1365 3373 1428 3438 hoc
1445 3373 1606 3456 scriptum
1622 3373 1742 3438 visuris
1758 3373 1900 3439 salutem
1914 3373 1950 3438 in
1966 3373 2120 3439 Domino.

94 3479 233 3544 Noverit
254 3479 451 3544 universitas
474 3483 596 3561 vestra,
620 3480 712 3562 quod
734 3478 837 3543 felicis
859 3477 1101 3544 recordacionis
1117 3479 1300 3544 reverendo
1315 3482 1409 3560 patre
1426 3479 1549 3545 Ottone
1565 3479 1800 3562 predecessore
1817 3481 1932 3547 nostro
1949 3480 2120 3563 quondam

93 3585 126 3650 in
148 3590 218 3652 arto
246 3586 425 3651 constituto
447 3590 586 3670 propter
608 3585 871 3651 destructionem
894 3585 995 3650 castri
1018 3584 1054 3648 in
1077 3584 1329 3668 Reyneberghe‚
1354 3605 1420 3668 que
1443 3587 1524 3650 tunc
1547 3587 1710 3669 temporis
1733 3606 1794 3669 per
1817 3586 2010 3652 incendium
2034 3589 2122 3654 lacta

94 3691 161 3773 tuit,
195 3694 333 3758 coactus
369 3694 442 3756 erat
470 3693 558 3758 idem
590 3692 807 3775 predecessor
837 3693 952 3755 noster
979 3711 1040 3774 pro
1069 3691 1286 3774 reparacione
1310 3691 1417 3775 ipsius
1442 3693 1540 3756 castri
1565 3691 1728 3758 decimam
1751 3693 1785 3757 in
1810 3693 1957 3758 Govelde
1981 3694 2023 3760 ad
2047 3693 2120 3777 epi-

95 3799 261 3881 scopalem
286 3799 393 3881 ipsius
417 3817 568 3863 mensam
591 3797 816 3880 pertinentem
839 3797 992 3863 Conrado
1016 3799 1057 3864 de
1081 3796 1241 3862 Lutteren
1264 3798 1352 3862 bone
1375 3798 1534 3862 memorie
1558 3799 1654 3864 militi
1677 3801 1758 3865 tunc
1780 3799 1943 3882 temporis
1967 3800 2121 3882 dapifero

95 3906 232 3970 ecclesie
267 3909 380 3969 nostre
416 3904 598 3970 Mindensis
632 3924 693 3986 pro
728 3903 843 3986 viginti
877 3906 1022 3986 quatuor
1054 3903 1174 3968 marcis
1202 3903 1397 3968 Bremensis
1433 3904 1562 3987 argenti
1598 3906 1639 3969 de
1668 3924 1833 3970 consensu
1862 3906 1999 3989 capituli
2022 3907 2121 3972 titulo

95 4011 240 4094 pigneris
263 4011 420 4095 obligare,
444 4031 511 4093 que
535 4010 663 4076 decima
685 4010 885 4092 precedente
907 4011 1058 4092 tempore
1081 4029 1142 4092 per
1166 4010 1308 4075 eundem
1332 4009 1473 4075 militem
1489 4012 1526 4076 in
1540 4011 1726 4076 Justacium
1743 4010 1785 4075 de
1801 4011 1981 4076 Eclrersten
1998 4011 2120 4084 laicum

95 4136 152 4200 per
186 4120 396 4186 contractum
430 4118 532 4182 alium
567 4121 618 4182 est
651 4116 821 4182 translata.
868 4117 938 4180 Nos
962 4135 1039 4180 vero
1063 4117 1101 4178 ut
1124 4116 1242 4180 eadem
1266 4116 1395 4180 decima
1428 4117 1469 4181 de
1493 4135 1594 4181 manu
1619 4116 1693 4180 laici
1718 4117 1899 4182 redimatur
1922 4115 2120 4184 ratificando

96 4226 331 4304 consentimus,
366 4225 405 4288 ut
433 4225 544 4289 dilecti
573 4225 609 4289 in
638 4223 770 4288 Christo
799 4224 944 4288 decanus
972 4227 1007 4286 et
1037 4221 1219 4312 capitulum
1248 4223 1385 4287 ecclesie
1416 4225 1530 4287 nostre
1560 4222 1695 4288 maioris
1718 4221 1901 4288 Mindensis
1936 4223 2120 4306 predictam

96 4329 258 4395 decimam
292 4329 435 4396 liberent
463 4351 483 4394 a
509 4331 693 4395 memorato
721 4327 868 4395 Justacio
902 4347 964 4410 pro
997 4327 1114 4410 viginti
1148 4331 1292 4411 quatuor
1319 4330 1441 4394 marcis
1465 4327 1657 4394 Bremensis
1681 4329 1820 4412 argenti,
1854 4349 1915 4411 pro
1939 4329 2062 4411 quibus
2085 4330 2121 4394 in

95 4436 268 4520 principio,
305 4438 341 4502 ut
364 4439 563 4520 pretactum
586 4436 696 4501 fuerat
723 4435 877 4518 obligata,
913 4437 947 4499 et
968 4434 1183 4499 concedimus
1207 4434 1303 4500 dictis
1329 4434 1457 4500 decano
1482 4440 1514 4500 et
1538 4435 1695 4519 capitulo,
1731 4439 1770 4501 ut
1792 4436 1934 4501 eandem
1958 4435 2121 4501 decimam

96 4542 343 4625 imperpetuum
377 4543 573 4626 possideant
607 4563 668 4626 pro
703 4543 820 4607 eadem
854 4542 1042 4625 quantitate
1077 4541 1219 4624 pecunie
1255 4540 1351 4624 quasi
1385 4541 1483 4606 titulo
1519 4542 1704 4625 empcionis
1738 4543 1980 4625 proprietatem
2015 4541 2122 4625 ipsius

98 4648 219 4714 decime
243 4648 407 4714 donantes
431 4650 568 4732 eisdem,
599 4649 747 4713 volentes
771 4654 810 4714 ut
833 4648 972 4731 possint,
1008 4647 1035 4712 si
1059 4668 1145 4731 opus
1169 4649 1358 4729 habuerint,
1395 4649 1535 4713 eandem
1560 4648 1722 4714 decimam
1746 4647 1969 4731 impignorare
1992 4647 2065 4713 aliis
2088 4650 2123 4712 et

97 4753 135 4819 de
157 4755 234 4838 ipsa
258 4754 385 4821 decima
408 4757 580 4839 tamquam
605 4776 641 4821 re
664 4755 781 4820 suain
805 4753 962 4820 omnibus
985 4755 1054 4820 suis
1077 4755 1333 4820 necessitatibus
1357 4757 1390 4818 et
1408 4755 1607 4820 utilitatibus
1623 4754 1684 4836 uti,
1707 4754 1784 4836 frui,
1808 4755 2001 4821 hortamen
2017 4755 2121 4834 salvo,

98 4862 194 4944 quod,
220 4861 249 4925 si
277 4881 340 4926 nos
367 4861 420 4928 vel
450 4881 658 4928 successores
688 4862 822 4925 nostros
855 4862 899 4926 ad
930 4860 1138 4944 pinguiorem
1169 4861 1336 4928 fortunam
1365 4861 1499 4926 volente
1522 4861 1665 4927 Domino
1697 4861 1905 4944 contingeret
1933 4861 2120 4945 pervenire,

96 4965 201 5049 ipsam
238 4968 402 5034 decimam
436 4971 478 5035 ab
513 4968 639 5034 eisdem
674 4969 800 5034 decano
828 4971 861 5032 et
888 4967 1035 5051 capitulo
1062 4986 1243 5051 possumus
1271 4988 1420 5034 reemere
1447 4988 1510 5051 pro
1543 4968 1732 5050 supradicta
1758 4967 1899 5051 pecunie
1923 4968 2119 5050 quantitate.

97 5071 135 5137 Et
157 5077 195 5139 ut
218 5075 283 5142 ista
306 5075 496 5140 firmitatem
520 5075 676 5158 habeant,
710 5093 850 5156 presens
878 5075 1039 5157 scriptum
1069 5073 1168 5158 sigilli
1197 5074 1302 5139 nostri
1326 5074 1482 5140 duximus
1506 5073 1689 5139 munimine
1713 5073 1949 5140 roborandum.
1997 5075 2119 5140 Datum

96 5177 128 5242 in
152 5181 298 5247 crastino
322 5181 413 5247 beati
436 5181 552 5246 Jacobi
575 5180 720 5264 apostoli
742 5200 830 5246 anuo
853 5180 987 5245 Domini
1009 5179 1306 5246 M⁰.CC.LXXVII⁰.

229 5285 389 5365 Abacdrift
410 5287 463 5352 dea
488 5286 674 5354 1179191.
710 5290 744 5350 19
765 5286 843 5351 Meo.
874 5283 945 5368 VII,
968 5284 1066 5364 2101,
1093 5284 1127 5350 S.
1152 5283 1195 5350 10
1228 5289 1272 5350 im
1295 5285 1368 5372 qu.
1395 5284 1501 5351 Sa-A.
1532 5307 1572 5350 zu
1595 5286 1741 5349 Mirator.
1791 5282 1887 5352 Gadr.
1923 5281 2123 5362 Wcirdtwar'a,

310 5391 400 5462 Sabe.
424 5394 500 5480 6191.
527 5391 588 5472 XI,
614 5393 649 5458 S.
673 5391 726 5471 83,
751 5391 865 5479 Regem
886 5392 963 5457 Mac.
987 5389 1032 5472 II,
1058 5390 1157 5472 1899,
1181 5390 1244 5456 Nr.
1267 5389 1343 5458 325.
1392 5391 1528 5476 Golg'etd
1548 5395 1593 5456 im
1616 5391 1724 5456 Kreice
1746 5389 1895 5462 Herford.

1838 5499 1906 5562 44*
