5058 6792
1049 457 1117 512 1259
2041 440 2105 506 209

88 652 199 733 Hasle,
224 652 415 718 Gerhardus
437 652 581 731 Vitulus,
603 650 773 716 lohannes
797 653 838 717 de
861 651 961 733 Riv0,
984 651 1149 716 Rodolfus
1173 652 1214 716 de
1237 650 1438 730 Holthusen,
1461 652 1642 717 Wevnerus
1659 652 1700 716 de
1715 652 1871 733 Irigesen,
1895 652 2107 718 Thethardus

87 761 125 824 de
149 758 349 841 Basthorpe,
384 757 623 823 Hillebrandus
647 757 794 836 Institor,
828 756 998 850 Wesqelus
1022 758 1064 821 de
1088 757 1246 839 Ratbere,
1274 757 1434 823 Albertus
1458 759 1500 824 de
1524 758 1641 838 Reme,
1669 757 1851 823 Wernerus
1876 757 2108 840 Cordewaner,

85 865 242 930 Hinricus
266 864 308 929 de
332 863 502 944 Rintelen,
525 862 751 928 Wedekindus
775 863 817 926 de
839 863 999 942 Meisnen,
1024 863 1224 928 Richmarus
1248 863 1290 928 de
1314 863 1451 947 Campo,
1474 864 1657 948 burgenses
1682 866 1714 927 et
1737 863 1792 928 alii
1814 864 1939 946 plures.
1986 862 2108 928 Actum

86 973 116 1036 et
143 971 257 1035 datum
280 970 393 1034 Minde
416 988 504 1035 anno
528 969 662 1034 Domini
685 967 823 1034 M⁰.CC⁰.
849 969 1124 1052 quinquagesimo
1145 969 1215 1050 IX⁰,
1237 970 1272 1033 in
1295 969 1440 1035 crastino
1464 971 1621 1035 cathedra
1644 969 1744 1034 Petri.

219 1073 275 1142 Or.
298 1077 343 1139 im
365 1075 438 1160 Kpl.
462 1072 568 1141 Sa-A.
591 1097 632 1138 za
654 1075 801 1151 Mimter,
824 1071 938 1159 Depoe.
963 1075 1019 1138 der
1043 1072 1137 1138 Scala
1161 1075 1287 1138 landen
1310 1071 1369 1138 Nr.
1385 1073 1417 1137 6.
1464 1073 1518 1138 Aa
1541 1073 1855 1159 Perpammtatreifhn
1879 1075 1928 1138 dio
1951 1075 2110 1139 certatam

302 1179 405 1267 Sieqel
426 1181 481 1246 dea
503 1178 652 1260 Biaohofe
673 1180 740 1243 uad
761 1180 817 1244 dar
841 1178 942 1244 stada
989 1179 1086 1245 Gedr.
1116 1177 1220 1260 Westf.
1244 1177 1505 1244 Proclamat-Bit.
1531 1178 1556 1259 l,
1580 1178 1658 1259 Heft
1677 1179 1710 1260 2,
1734 1177 1767 1245 S.
1792 1178 1843 1245 10.

1062 1380 1140 1455 711.

85 1504 237 1593 Raetos
272 1504 459 1579 Widelciacl
494 1526 560 1576 voa
595 1505 746 1577 Mindon
787 1503 959 1592 habundet,
1001 1503 1085 1574 dosa
1125 1505 1181 1575 die
1221 1526 1286 1576 oon
1319 1504 1551 1594 Moadelsloh,
1593 1505 1713 1577 welche
1747 1505 1802 1577 die
1843 1505 2040 1577 Villilcolioa
2072 1506 2111 1579 ia

92 1612 257 1682 Wehdem
287 1633 352 1682 oon
385 1611 449 1682 der
474 1599 633 1682 Ablissin
660 1611 720 1682 des
749 1609 1004 1698 Morientifles
1035 1632 1079 1681 aa
1106 1609 1206 1682 Laba
1238 1611 1445 1702 empfoapea
1459 1689 1463 1698 ‚
1476 1611 1599 1700 haam,
1635 1611 1813 1684 Genoaata
1845 1611 1966 1700 besrea't
1992 1611 2110 1702 baben,

219 1719 275 1790 dio
302 1717 561 1789 Ministeriolen
588 1718 651 1788 der
676 1715 855 1788 mindener
882 1716 1014 1788 Klrcba
1037 1717 1216 1806 ‚panacen
1242 1717 1330 1790 sind
1385 1717 1575 1806 Rcineberp
1602 1715 1704 1789 1259
1733 1718 1894 1788 Februor
1919 1722 1978 1794 26.

192 1835 411 1900 Widelrindus
442 1835 503 1900 Dei
530 1835 635 1918 gratia
664 1834 846 1899 Mindensis
881 1835 1057 1918 episcopus
1088 1834 1252 1899 universis
1283 1835 1406 1900 Christi
1434 1835 1590 1899 fidelibus
1622 1855 1761 1918 presens
1796 1835 1957 1918 scriptum
1991 1837 2111 1902 visuris

84 1943 228 2006 salutem
251 1943 287 2006 in
310 1941 463 2007 Domino.
508 1941 563 2006 Ad
586 1941 739 2006 notitiam
759 1943 829 2006 tam
853 1939 1040 2006 futurorum
1075 1961 1177 2024 quam
1208 1941 1414 2024 presentium
1446 1941 1620 2026 pervenire
1645 1942 1807 2026 cupimus,
1842 1943 1933 2024 quod
1956 1943 2111 2008 dominus

85 2048 273 2132 Lippoldus
295 2047 391 2113 miles
414 2047 456 2112 de
479 2048 650 2113 Mandeslo
673 2067 713 2112 ex
736 2066 903 2114 consensu
926 2049 960 2113 et
979 2049 1150 2114 voluntate
1167 2047 1343 2132 Ludolphi,
1367 2048 1536 2113 Thiderici
1553 2051 1586 2113 et
1602 2050 1786 2114 ceterorum
1801 2047 1947 2114 filiorum
1963 2068 2110 2130 suorum,

85 2155 142 2237 qui
165 2154 400 2219 villicationem
422 2153 458 2217 in
480 2153 667 2236 Wethem¹)
691 2155 769 2235 post
791 2157 935 2219 mortem
957 2153 1136 2219 Reinboldi
1160 2172 1181 2218 a
1204 2154 1339 2220 domina
1354 2154 1503 2237 Alheyde
1527 2155 1698 2219 abbatissa
1714 2157 1827 2219 sancte
1844 2154 1945 2220 Marie
1961 2155 1997 2219 in
2012 2155 2111 2220 feodo

84 2263 266 2343 receperat,
300 2279 363 2325 suo
386 2259 522 2326 nomine
547 2262 580 2324 et
602 2260 787 2342 Ludgardis
810 2258 878 2324 filie
901 2260 979 2325 dicti
1003 2260 1203 2343 Reynboldi,
1238 2261 1333 2326 cuius
1357 2260 1498 2325 tutelam
1520 2262 1665 2342 gerebat,
1701 2260 1942 2325 Hillewardum
1964 2260 2112 2326 villicum

85 2368 124 2431 de
150 2365 350 2448 Wetheml),
374 2365 431 2449 qui
455 2385 475 2431 a
498 2365 634 2430 domino
659 2366 838 2430 Lamberto
866 2367 907 2431 de
930 2366 1140 2441 Menethen2t
1174 2387 1235 2450 per
1266 2367 1497 2433 concambium
1531 2366 1736 2450 temporibus
1759 2365 1946 2449 Reynboldi
1974 2368 2018 2432 ad
2045 2368 2113 2432 iam

84 2473 211 2538 dictam
245 2471 482 2537 villicationem
510 2471 611 2553 venit,
647 2474 681 2536 et
710 2491 848 2536 uxorem
879 2491 975 2537 suam
999 2472 1249 2556 Helenburgim,
1284 2492 1384 2555 quarn
1407 2472 1556 2556 prelatus
1582 2473 1768 2556 Lippoldus
1791 2473 1887 2537 miles
1911 2493 1932 2537 a
1954 2473 2112 2539 Brunone

84 2579 189 2644 milite
214 2579 255 2642 de
273 2578 454 2643 Holewede
476 2579 620 2660 pecunia
642 2597 719 2642 cum
741 2577 853 2661 pueris
877 2578 946 2643 suis
970 2579 1186 2661 comparavit,
1209 2598 1272 2643 nec
1295 2598 1362 2644 non
1387 2579 1612 2662 Ludolphum,
1638 2579 1891 2660 Herewardum,
1914 2578 2111 2662 iohannem,

85 2685 313 2766 Thidericum,
349 2684 543 2765 Henricum,
577 2684 796 2766 Gherardum,
828 2684 1054 2767 Ludolphum,
1087 2685 1328 2766 Hermannum,
1357 2685 1615 2768 Helembergim,
1639 2683 1827 2767 Alheydim,
1852 2685 2112 2768 Helemburgim,

84 2791 252 2873 Volsethe,
287 2789 372 2856 filios
397 2793 432 2856 et
454 2789 540 2856 filias
569 2791 807 2873 predictorum,
843 2810 919 2854 cum
949 2810 1116 2856 consensu
1143 2793 1257 2857 nostro
1287 2810 1348 2874 per
1375 2793 1607 2857 concambium
1631 2791 1809 2873 libertavit,
1845 2791 1902 2874 qui
1926 2811 2041 2856 onmes
2065 2791 2113 2856 sic

85 2898 236 2963 libertati
267 2899 300 2962 et
326 2895 523 2962 manumissi
558 2897 696 2963 ecclesie
729 2900 842 2965 nostre
876 2895 955 2961 facti
989 2899 1069 2962 sunt
1101 2897 1345 2979 ministeriales,
1381 2898 1470 2962 unde
1501 2898 1660 2980 predictis
1691 2898 1847 2962 omnibus
1877 2901 1911 2963 et
1932 2897 2112 2962 heredibus

85 3005 239 3088 ipsorum
272 3003 363 3088 rust)
399 3023 440 3069 ex
470 3022 637 3069 consensu
671 3002 939 3068 ministerialium
975 3002 1113 3068 ecclesie
1147 3006 1261 3068 nostre
1291 3003 1426 3086 publice
1461 3003 1741 3087 recognoscimus,
1776 3003 1869 3087 quod
1903 3002 2029 3068 habent
2059 3005 2113 3069 vel

84 3112 212 3176 habere
247 3109 380 3188 debent,
415 3110 473 3192 qui
503 3110 546 3174 ab
578 3109 716 3193 antiquo
746 3109 815 3174 veri
846 3109 917 3175 nati
941 3110 1019 3174 sunt
1042 3111 1075 3174 et
1098 3110 1140 3174 ab
1165 3129 1280 3174 eorum
1303 3109 1569 3193 progenitoribus
1592 3109 1839 3176 ministeriales.
1886 3109 1925 3175 In
1948 3109 2042 3175 cuius
2065 3110 2112 3174 rei

85 3215 319 3282 testimonium
341 3235 480 3299 presens
503 3215 666 3300 scriptum
689 3216 796 3298 sigillo
820 3218 936 3281 nostro
960 3207 1099 3281 fecimus
1122 3215 1281 3280 roborari.
1329 3216 1447 3282 Testes
1471 3218 1583 3281 autem
1606 3216 1705 3280 huius
1729 3216 1776 3280 rei
1800 3219 1893 3280 sunt:
1922 3216 2113 3281 Gherardus

86 3325 126 3389 de
153 3322 312 3404 Offleten,
337 3321 513 3387 Conradus
538 3320 612 3403 det)
634 3321 791 3403 Libbeke,
815 3321 979 3387 Wiscelus
1001 3322 1129 3405 Lupus,
1152 3321 1380 3387 Willehelmus
1401 3323 1505 3406 Span,
1528 3321 1714 3387 Rutbertus
1732 3321 1773 3387 de
1790 3323 1923 3403 Chram‚
1947 3321 2113 3387 Ertwinus

86 3431 126 3494 de
144 3428 304 3508 Offleten,
328 3429 538 3511 Peregrimus
561 3428 701 3509 milites;
726 3429 940 3494 Hermannus
964 3431 999 3494 et
1022 3428 1215 3493 Gherardus
1233 3428 1273 3493 de
1291 3428 1557 3510 Haddenhusen‚
1582 3427 1775 3494 Gherardus
1800 3427 1979 3494 advocatus
2003 3429 2114 3494 dictus

85 3535 265 3616 Vorebom,
282 3533 436 3616 Ghiselre,
460 3533 628 3615 Eskerich,
651 3534 835 3615 Wescelus,
859 3533 1057 3600 Thidericus
1073 3533 1306 3620 Scowebent),
1331 3535 1489 3599 Hinricus
1506 3535 1548 3598 de
1565 3534 1708 3616 Uffelen,
1733 3535 1946 3600 Hermannus
1964 3534 2005 3600 de
2021 3534 2114 3617 Pole,

86 3641 232 3707 Gherart
255 3642 296 3707 de
319 3640 543 3724 Amekampe,
566 3639 804 3722 Wyllehelmus
828 3640 870 3705 de
894 3639 1122 3724 Openthorpe,
1146 3640 1347 3724 Regenwart
1370 3642 1412 3705 de
1434 3640 1608 3721 Brochem,
1640 3640 1814 3705 Herewart
1838 3640 1879 3705 de
1903 3640 2058 3705 Wethem
2082 3643 2115 3706 et

86 3748 143 3812 alii
166 3748 292 3831 plures.
339 3747 464 3811 Datum
487 3749 522 3811 et
545 3747 656 3810 actum
679 3745 964 3829 Reynnenbergge
994 3765 1081 3810 anno
1105 3746 1237 3811 Domini
1259 3745 1437 3811 millesimo
1461 3746 1689 3812 ducentesimo
1715 3746 1990 3829 quinquagesimo
2014 3765 2114 3828 nono,

85 3853 121 3918 in
145 3853 256 3938 capite
278 3850 402 3918 ieiunii.
1192 3921 1196 3929 Α

304 3959 324 4026 ¹)
352 3957 389 4009 W:
408 3957 561 4011 Woohlram.
598 3957 620 4024 ¹)
646 3955 686 4009 W:
704 3957 856 4014 blcuaohen.
894 3958 916 4025 ⁸)
935 3973 1001 4026 quos
1029 3955 1061 4010 W.
1100 3957 1122 4024 ⁴)
1141 3955 1220 4010 reete
1238 3955 1281 4010 lei
1305 3955 1339 4009 W.
1377 3955 1401 4027 Β)
1421 3956 1576 4011 Sceveolran
1605 3955 1637 4008 W.

224 4043 317 4110 Noclr
347 4047 416 4110 dein
442 4045 553 4109 Druck
586 4044 636 4110 ba·
662 4043 861 4125 Wrirdlwein,
896 4045 989 4112 Saba.
1014 4047 1089 4132 dapl.
1114 4043 1174 4123 XI,
1206 4044 1240 4110 S.
1263 4043 1286 4108 6
1312 4046 1493 4111 wiederltolt.
1541 4045 1653 4130 Reyest
1683 4045 1759 4112 Mac.
1785 4043 1828 4124 II,
1862 4043 1935 4124 189,
1964 4043 2024 4109 Nr.
2051 4042 2116 4112 177

301 4156 346 4216 im
368 4152 440 4237 Kpl.
467 4149 572 4216 ›St-A.
600 4174 640 4215 zu
662 4153 811 4218 Momm.
860 4151 905 4216 Ob
933 4153 1054 4218 Ghram
1082 4152 1196 4236 moltiy
1217 4153 1356 4236 petenen?
1401 4152 1454 4215 Aa
1479 4149 1620 4217 Graiam
1645 4149 1723 4216 SW.
1756 4150 1979 4237 Wolseobaittel,
2014 4152 2117 4216 rooher

302 4263 351 4323 ein
373 4258 774 4344 Minuaualenperoloctr
796 4262 899 4324 seiam
921 4256 1044 4324 Nomen
1065 4259 1129 4337 hat,
1153 4261 1196 4321 iet
1216 4260 1276 4322 wol
1296 4257 1382 4322 nieht
1402 4279 1442 4321 zu
1464 4257 1591 4322 dankera
1644 4253 1712 4342 Vpl.
1737 4254 1799 4322 Nr.
1822 4255 1898 4322 677.

1060 4439 1140 4518 712.

88 4564 189 4653 ἂναὶ
211 4561 398 4635 Barchord
424 4586 488 4636 oon
524 4564 644 4657 Wo'lpe
670 4565 826 4656 bestdlr'pt
853 4567 929 4638 mac
954 4588 1018 4638 oon
1044 4568 1157 4638 sciaer
1185 4566 1428 4654 Groesmclter,
1463 4563 1589 4654 Grltfia
1618 4564 1839 4655 Kunipaade,
1876 4565 1952 4636 dem
1981 4567 2115 4638 Morie-

521 4671 600 4760 elist
625 4694 685 4743 vor
713 4673 862 4744 Mindea
886 4673 1059 4762 ‚ccmocbte
1087 4671 1297 4762 Schcaluop.
1353 4670 1453 4744 1259
1483 4670 1589 4741 Mara
1615 4673 1673 4742 25.

195 4787 410 4854 Burchardus
438 4790 500 4854 Dei
529 4791 640 4873 gracia
674 4809 783 4855 comes
810 4792 847 4855 in
875 4790 1007 4874 Welpia
1040 4790 1204 4856 universis
1235 4789 1357 4855 Christi
1387 4788 1543 4855 fidelibus
1578 4791 1768 4872 presentem
1803 4790 1958 4872 paginam
1994 4790 2115 4856 visuris

89 4895 230 4960 salutem
257 4896 295 4960 in
325 4897 462 4960 auctore
492 4895 619 4961 salutis.
666 4897 895 4962 Protestamur
923 4897 1149 4979 presentibus,
1185 4897 1276 4981 quod
1303 4917 1366 4961 nos
1390 4897 1431 4961 de
1453 4897 1544 4963 bona
1566 4898 1682 4960 nostra
1704 4897 1876 4961 voluntate
1900 4897 2114 4962 donationem

87 5000 189 5066 trium
212 5001 397 5067 solidorum
420 5001 501 5067 levis
525 5006 670 5085 monete,
695 5023 796 5087 quam
819 5003 1019 5069 venerabilis
1043 5003 1180 5069 domina
1195 5005 1228 5068 et
1243 5003 1319 5067 avia
1334 5006 1449 5070 nostra
1466 5001 1679 5085 Cunegundis
1696 5001 1864 5066 comitissa
1880 5003 1915 5066 irr
1931 5003 2114 5068 remedium

88 5107 148 5190 pie
174 5107 331 5174 memorie
363 5107 487 5173 domini
516 5107 662 5175 Conradi
696 5110 800 5193 patris
835 5109 942 5174 nostri
975 5111 1146 5193 quondam
1177 5109 1304 5175 coniitis
1336 5109 1372 5174 in
1395 5109 1526 5190 Welpia
1554 5109 1659 5173 libere
1684 5103 1824 5173 c'ontulit
1847 5109 1985 5173 ecclesie
2008 5111 2114 5174 sancti

89 5214 239 5280 Mauricii
260 5215 296 5280 in
319 5215 444 5296 Insula,
479 5235 564 5299 quos
591 5214 627 5280 in
656 5216 955 5299 reconpensatione
990 5215 1163 5282 cuiusdam
1197 5215 1370 5281 advocatie
1398 5216 1434 5278 in
1457 5214 1676 5298 Winethagen
1708 5214 1885 5280 habuimus
1909 5215 1951 5278 ab
1976 5215 2116 5279 ecclesia

89 5321 293 5403 supradicta,
331 5340 407 5385 cum
437 5322 597 5388 fratribus
626 5323 661 5386 et
690 5321 818 5386 cunctis
853 5321 975 5386 nostris
1009 5321 1189 5387 heredibus
1211 5325 1318 5387 ratam
1340 5325 1505 5400 tenemus
1536 5319 1723 5384 stabilimus
1747 5325 1780 5384 et
1802 5323 1967 5404 perpetuo
1991 5319 2114 5385 contir-

88 5445 230 5493 mamus.
275 5429 400 5494 Verum
423 5447 476 5508 ne,
499 5429 592 5512 quod
615 5429 712 5512 absit,
743 5430 805 5493 heo
827 5429 942 5494 nostra
965 5427 1100 5494 donatio
1123 5428 1167 5493 ab
1190 5428 1303 5510 aliquo
1325 5426 1435 5492 valeat
1457 5426 1492 5491 in
1514 5427 1685 5510 posterum
1708 5426 1898 5509 calumpnia
1922 5428 2113 5510 attemptari

197 5567 284 5613 verta
296 5566 438 5612 ure-nucu
452 5565 493 5610 v1.
1858 5554 1899 5618 a?
