5032 6796
1028 409 1097 466 1288
2020 395 2087 464 445

1019 607 1136 685 1403.

73 741 165 832 Graf
185 738 349 814 Heinrich
375 759 438 810 oon
465 737 568 826 Hogo
594 734 772 808 onciobtet
797 737 860 807 mit
886 735 1003 807 omnen
1030 735 1165 807 Sdbner
1192 734 1262 823 ons
1284 734 1351 807 den
1369 735 1519 810 Zebnten
1546 737 1585 807 in
1603 736 1867 829 Loodesherpen
1885 740 1958 812 vird
1976 738 2082 815 Holc-

351 845 482 916 lroueen
508 866 552 916 co
581 842 736 915 Goosteo
763 841 822 914 dee
851 841 1087 929 Morienstills
1113 843 1151 912 in
1179 842 1338 916 Mindon.
1392 845 1491 916 1288
1519 843 1708 918 November
1733 849 1789 920 12.

170 963 332 1030 Henricus
355 983 467 1029 comes
490 963 532 1027 de
555 961 651 1043 Hoya
674 960 795 1040 senior,
819 959 986 1024 Henricus
1001 959 1186 1026 Mindensis
1209 961 1349 1026 ecclesie
1373 962 1564 1046 canonicus
1589 963 1789 1047 Gerardus1)
1813 967 1847 1030 et
1862 965 1943 1032 Otto
1967 969 2085 1034 fratres

74 1077 110 1140 de
131 1073 221 1154 Hoya
243 1070 392 1151 comites,
423 1068 564 1134 heredes
587 1070 621 1132 et
643 1065 703 1131 filii
726 1065 866 1148 predicti
889 1065 1018 1130 comitis
1043 1066 1193 1147 senioris,
1222 1067 1388 1133 universis
1411 1067 1539 1132 litteras
1562 1073 1735 1152 presentes
1758 1070 1877 1136 visuris
1901 1093 1961 1138 seu
1990 1076 2085 1141 audi·

74 1181 149 1246 turis
171 1176 434 1261 subscriptorum
458 1173 652 1241 memoriam
675 1173 830 1237 retinere.
869 1169 983 1237 Sciant
1005 1174 1075 1238 tam
1097 1173 1226 1255 posteri
1249 1193 1350 1256 quarn
1372 1177 1556 1257 presentes,
1581 1175 1672 1258 quod
1695 1196 1756 1240 nos
1781 1177 1823 1242 ad
1846 1178 2008 1246 honorem
2024 1182 2086 1247 Dei

74 1291 104 1352 et
129 1282 344 1350 reverentiam
373 1281 515 1364 gloriose
538 1279 672 1364 virginis
694 1278 797 1344 Marie
820 1277 937 1344 matris
961 1276 1034 1343 eius
1058 1297 1096 1343 ae
1119 1279 1229 1344 anime
1252 1283 1364 1345 nostre
1387 1281 1571 1346 remedium
1594 1284 1628 1346 et
1650 1283 1793 1349 salutem
1815 1286 2085 1353 renunciavimus

74 1397 103 1459 et
130 1390 360 1458 renunciamus
389 1407 450 1473 per
481 1386 608 1453 litteras
637 1387 810 1469 presentes
838 1382 929 1451 omni
953 1385 1153 1468 impetitioni
1177 1386 1247 1452 sive
1270 1385 1345 1466 iun‘,
1376 1386 1467 1469 quod
1490 1387 1647 1470 haberel)
1677 1389 1907 1474 videbamurt)
1938 1395 1972 1458 et
1996 1413 2086 1460 corn·

73 1502 175 1582 petere
205 1495 303 1563 nobis
334 1494 527 1561 dicebamus
560 1493 596 1558 in
626 1491 756 1559 decima
779 1491 1012 1574 Laudesberge
1043 1489 1110 1575 ett)
1142 1491 1341 1571 Holthusen‚
1371 1494 1421 1558 ita
1451 1493 1632 1560 liberaliter
1660 1498 1694 1560 et
1716 1496 1879 1578 absolute,
1911 1500 2003 1580 quod
2025 1519 2088 1566 nec

73 1625 127 1670 nos
152 1623 211 1668 nee
245 1602 387 1668 heredes
423 1599 529 1666 nostri
564 1619 712 1682 unquam
746 1617 821 1664 eam
856 1597 1034 1684 arnpliusl)
1069 1597 1270 1682 impetamus
1296 1597 1348 1664 vel
1377 1599 1520 1682 aliquam
1549 1598 1784 1684 inposterum
1814 1602 1912 1670 alicui
1945 1605 1987 1670 de
2013 1605 2088 1689 ipsa

74 1711 271 1776 movebimus
300 1707 521 1791 questionem.
569 1705 673 1771 Cuius
698 1705 745 1769 rei
767 1706 872 1771 testes
896 1708 989 1771 sunt:
1024 1703 1223 1770 Lamberius
1247 1706 1281 1770 et
1304 1704 1502 1787 Reynardus
1524 1707 1660 1790 plebani
1684 1707 1822 1774 ecclesie
1846 1712 1961 1775 sancte
1984 1710 2087 1778 Marie

73 1816 258 1899 Mindensis,
293 1811 543 1896 Borchardusss)
577 1813 611 1879 et
645 1811 810 1878 Henricus
845 1811 969 1878 ibidem
1005 1809 1178 1894 capellani,
1214 1809 1436 1895 Richardus⁷)
1471 1811 1604 1896 Vulpes
1640 1813 1863 1882 Godescaleus
1898 1816 2016 1882 Selcob
2051 1820 2086 1884 et

73 1923 230 1990 lohannes
254 1921 297 1986 de
319 1921 526 2000 Barchusen,
549 1919 686 1999 militem
720 1915 942 1998 Richardus⁷t
967 1916 1079 1984 iunior
1103 1916 1227 2000 Vulpes
1252 1919 1285 1982 et
1307 1917 1476 1986 Jordanus
1504 1919 1634 2002 fratres,
1664 1922 1797 2000 famuli3
1833 1921 2086 2007 Christianussst,

71 2028 233 2093 lohannes
262 2031 296 2092 et
319 2027 376 2094 alii
400 2046 500 2110 quam
523 2027 646 2109 plures.
693 2026 733 2089 In
756 2025 850 2090 euius
874 2023 922 2088 rei
945 2024 1172 2090 testimonium
1197 2026 1231 2089 et
1253 2025 1354 2091 robur
1378 2025 1488 2092 debite
1511 2024 1676 2092 finnitatis
1700 2027 1820 2109 singuli
1842 2031 1956 2094 nostra
1979 2029 2087 2114 sigilla

73 2135 275 2218 presentibus
304 2134 460 2199 duximus
488 2132 699 2216 apponenda.
745 2131 867 2196 Actum
898 2134 931 2196 et
961 2131 1079 2196 datum
1110 2131 1145 2195 in
1173 2132 1320 2196 crastino
1348 2130 1473 2215 beati9)
1502 2133 1633 2198 Martini
1662 2133 1812 2218 episcopi
1841 2155 1930 2200 anno
1954 2136 2087 2202 Domini

73 2239 445 2306 ll⁰.CC⁰.LXXX⁰.VlII⁰.

276 2347 299 2418 ¹)
319 2345 452 2400 Gercrdus
473 2345 506 2401 Α.
554 2343 576 2412 ⁹)
595 2345 684 2396 ridere
706 2345 737 2395 A.
786 2341 808 2413 ι)
827 2343 986 2396 ridebantur
1005 2343 1039 2395 A.
1086 2343 1107 2410 ⁴)
1125 2341 1204 2396 Fero
1221 2343 1290 2396 AB.
1327 2343 1351 2414 ὅ)
1370 2342 1449 2398 Ferro
1466 2343 1500 2396 A.
1540 2344 1563 2415 ³)
1582 2345 1749 2400 Borchcrdus
1770 2347 1803 2403 A.
1843 2347 1865 2418 ⁷)
1886 2348 2032 2402 Richardus
2051 2350 2086 2408 A.

382 2435 405 2502 ⁸)
429 2433 578 2487 cristianus
600 2432 635 2484 A.
683 2431 706 2502 ⁹)
729 2431 766 2484 Vl
790 2431 860 2487 AB.

194 2522 288 2588 Noch
310 2525 365 2588 der
387 2523 555 2607 Abechra'ft
577 2544 636 2586 oua
658 2521 726 2586 dem
749 2520 884 2606 Anfcng
906 2521 960 2586 dee
983 2519 1036 2587 16.
1059 2520 1175 2585 Jahrb.
1198 2525 1233 2586 in
1256 2521 1333 2586 Mac.
1364 2519 1433 2600 VII,
1457 2521 1555 2600 2715,
1570 2523 1632 2606 fol.
1654 2523 1670 2584 1
1677 2548 1696 2587 o
1719 2525 1776 2609 (A)
1800 2526 1867 2589 vird
1888 2529 1972 2591 einer
1994 2539 2087 2593 etwas

273 2634 414 2715 rgrdtcren
441 2627 602 2710 Abaohrift
620 2626 698 2710 jetzt
720 2627 915 2706 Morimatirt
940 2630 975 2690 in
998 2627 1126 2692 Minden
1153 2625 1212 2693 Nr.
1238 2625 1281 2691 13
1304 2628 1357 2711 (Β)
1387 2633 1431 2692 im
1453 2628 1527 2714 th.
1554 2627 1657 2694 sr-A.
1685 2653 1725 2694 zu
1748 2631 1896 2698 Mirator.

1023 2807 1142 2885 1404.

72 2938 133 3012 hor
164 2937 300 3010 Arnold
335 2938 408 3008 ond
450 2938 513 3009 der
546 2937 703 3007 Konoeot
741 2935 801 3006 des
835 2935 894 3006 Kl.
928 2934 1077 3007 Loccom
1108 2934 1306 3006 r'r'berlmeeo
1339 2935 1416 3007 dem
1450 2936 1509 3009 Kl.
1544 2938 1744 3010 Morieosce
1778 2942 1862 3012 awai
1893 2942 2016 3031 anen
2049 2945 2088 3014 in

73 3045 282 3140 llarsbsrgs
310 3045 358 3115 im
391 3043 528 3114 Toosclr
552 3064 658 3132 pepon
684 3043 767 3113 croci
786 3040 909 3130 Horten
936 3043 973 3112 in
1001 3039 1210 3136 Meringen,
1236 3041 1355 3130 feriter
1381 3042 1447 3112 den
1477 3043 1714 3116 Kormeebnteo
1741 3068 1806 3117 oue
1832 3049 1915 3120 own
1932 3049 2089 3122 declaro

162 3153 199 3222 io
226 3151 427 3246 Meringen
454 3151 526 3221 nod
554 3150 611 3220 die
637 3145 838 3239 Benntrnnp
864 3151 956 3220 eines
991 3148 1114 3237 Weges
1140 3147 1224 3219 tiber
1251 3148 1471 3220 Londereien
1498 3149 1551 3221 bei
1577 3150 1655 3222 dem
1682 3149 1828 3224 Bolhof.
1883 3152 1993 3228 1288.

198 3267 294 3334 Gedr.
317 3269 397 3332 noch
420 3269 489 3333 dnn
512 3266 567 3334 Or.
599 3270 643 3330 im
667 3266 783 3330 Archiv
805 3266 859 3330 dar
881 3262 934 3330 Kl.
960 3263 1096 3329 Locrum
1129 3289 1157 3329 υ.
1182 3263 1377 3351 Hodcnberp,
1409 3265 1615 3353 Colcrrberyer
1643 3265 1711 3333 UB.
1742 3269 1838 3338 Alto.
1863 3267 1929 3351 ΙΙΙ,
1962 3272 1996 3338 S.
2019 3270 2088 3338 293

274 3373 334 3440 Nr.
360 3372 434 3440 468.
488 3370 601 3458 Wegen
622 3374 810 3458 Marsberge
833 3372 900 3436 ond
921 3371 1091 3455 Meringen
1114 3373 1173 3457 agl.
1199 3371 1276 3438 oben
1301 3370 1358 3438 Nr.
1374 3371 1451 3452 359,
1475 3396 1578 3460 coegero
1601 3373 1655 3439 der
1674 3375 1798 3444 Bolhof
1817 3379 1980 3461 &woden
1994 3378 2089 3446 Leeae

274 3482 340 3546 uno
361 3479 508 3565 mevm)
533 3481 594 3566 egl.
620 3504 648 3544 a.
674 3503 704 3544 o.
733 3477 768 3543 0.
794 3477 884 3544 Abila.
916 3475 951 3557 V,
977 3478 1011 3543 S.
1036 3476 1081 3542 83
1102 3477 1163 3545 Nr.
1187 3477 1231 3543 94
1255 3477 1334 3544 Note
1356 3477 1387 3546 3.

1019 3659 1137 3737 1405.

72 3786 209 3880 Biscbof
243 3789 389 3881 Volqoin
415 3811 479 3860 oon
507 3787 657 3860 Miodco
685 3786 847 3858 beennon
882 3786 1039 3858 Verricbt
1066 3787 1129 3858 dor
1154 3809 1218 3858 ooo
1245 3788 1457 3880 Espellramp
1484 3788 1556 3878 anf
1576 3789 1642 3860 deo
1671 3790 1822 3862 Zeboteo
1848 3793 1887 3863 io
1922 3793 2090 3867 Wimmcr

706 3916 749 3965 zv
778 3893 935 3965 Gvnsteo
962 3894 1020 3965 des
1047 3894 1107 3970 Kl.
1135 3893 1280 3965 Leoern.
1334 3893 1442 3967 1288.

167 4014 369 4099 Wolquinus
398 4014 458 4080 Dei
489 4011 600 4097 gracia
629 4012 813 4078 Mindensis
845 4011 1023 4096 episcopus
1054 4011 1216 4076 universis
1244 4015 1435 4096 presentem
1463 4014 1619 4096 paginam
1647 4014 1847 4099 inspecturis
1878 4020 2027 4083 eternam
2054 4019 2090 4083 in

71 4119 202 4187 Domino
226 4123 380 4188 salutem.
427 4120 571 4204 Dignum
596 4121 702 4184 estet
725 4118 851 4185 racioni
875 4123 1146 4198 consentaneum,
1169 4121 1207 4184 ut
1230 4138 1270 4184 ea
1289 4137 1355 4201 que
1370 4121 1532 4201 geruntur
1546 4119 1581 4184 in
1597 4123 1759 4202 ternpore,
1782 4141 1825 4187 ne
1841 4123 1996 4188 labantur
2012 4144 2089 4190 curn

71 4229 223 4311 tempore,
247 4227 380 4311 scriptis
403 4230 437 4291 ei
460 4227 602 4292 testibus
626 4225 877 4291 confirmentur.
925 4225 1012 4290 Hinc
1036 4229 1098 4306 est,
1122 4227 1214 4308 quod
1236 4225 1279 4290 ad
1298 4225 1457 4290 noticiam
1472 4227 1540 4290 tarn
1557 4226 1770 4309 presencium
1785 4248 1886 4310 quam
1903 4228 2087 4296 futurorum

72 4332 213 4417 cupimus
229 4333 416 4419 pervenire,
438 4333 528 4416 quod
544 4332 711 4398 Henricus
728 4331 823 4397 miles
840 4331 948 4396 dictus
964 4331 1005 4396 de
1021 4331 1246 4415 Aspelkampe
1262 4333 1297 4396 et
1310 4331 1370 4397 filii
1387 4333 1439 4397 sui
1456 4332 1632 4413 HenricuS,
1653 4334 1878 4418 Hermannus‚
1899 4335 2089 4404 Alexander

72 4440 109 4503 ad
138 4443 286 4506 nostram
320 4442 532 4504 accesserunt
566 4439 770 4523 presentiam
806 4441 840 4502 et
870 4436 1031 4503 decimam
1063 4439 1098 4502 in
1129 4438 1309 4503 Wimmere
1344 4441 1414 4502 tam
1447 4441 1610 4505 maiorem
1643 4459 1744 4524 quarn
1779 4440 1951 4524 minorem,
1986 4463 2088 4526 quam

73 4546 115 4629 (a)
138 4548 233 4612 nobis
256 4545 419 4613 tenebant
442 4545 478 4610 in
501 4546 643 4630 pheodo,
666 4543 702 4610 in
725 4563 845 4608 manus
868 4546 999 4610 nostras
1023 4543 1127 4609 libere
1151 4544 1404 4628 resignaverunt
1426 4549 1460 4611 et
1479 4545 1681 4628 petiverunt,
1706 4550 1744 4611 ut
1771 4548 1913 4613 eandem
1929 4550 1973 4614 ad
1988 4570 2089 4617 usum

72 4653 255 4718 nonasterii
279 4654 315 4718 in
331 4653 481 4718 Leveren
502 4653 619 4718 nostre
642 4650 793 4735 dyocesis
818 4651 1029 4734 dignaremur
1052 4654 1246 4717 convertere
1262 4654 1400 4735 propter
1415 4653 1532 4718 Deum.
1577 4653 1647 4717 Nos
1663 4653 1778 4735 itaque
1794 4655 2088 4740 consideravimus,

73 4759 155 4839 quod
176 4759 210 4824 in
235 4759 326 4824 dicta
348 4759 476 4825 decima
499 4761 611 4843 preter
636 4778 693 4824 eos
715 4756 829 4823 nullus
853 4756 939 4822 alius
955 4757 1082 4841 aliquid
1097 4758 1180 4822 iuris
1196 4757 1322 4840 habuit,
1346 4757 1444 4824 iustis
1460 4777 1574 4824 eorum
1590 4759 1746 4842 precibus
1763 4764 1949 4829 annuentes
1966 4764 2089 4830 dictam

74 4863 226 4930 decimam
250 4885 327 4931 curn
350 4865 441 4931 omni
463 4865 653 4948 integritate
677 4883 738 4930 sua
761 4865 850 4929 dioto
873 4863 1075 4929 monasterio
1098 4864 1134 4928 in
1150 4863 1282 4928 Levern
1305 4865 1347 4930 de
1371 4883 1537 4930 consensu
1561 4865 1666 4931 nostri
1689 4866 1825 4951 capituli
1848 4869 2088 4952 assignavimus

74 4971 311 5055 etreliquimus
326 4975 489 5056 perpetuo
512 4971 762 5054 possidendam,
786 4975 824 5035 ul
846 4989 991 5055 persone
1014 4969 1141 5035 ibidem
1164 4971 1228 5035 sub
1245 4971 1386 5053 regulari
1402 4970 1519 5037 habitu
1534 4973 1692 5056 degentes
1707 4973 1850 5040 Domino
1865 4974 1937 5040 Deo
1953 4975 2088 5044 liberius

74 5077 103 5140 et
123 5077 258 5144 uberius
279 5079 416 5144 valeant
439 5077 615 5144 deservire.
653 5079 701 5144 Ut
725 5079 837 5144 autern
859 5078 923 5142 hec
945 5079 1019 5141 rata
1035 5079 1069 5141 et
1084 5076 1281 5142 inconvulsa
1297 5079 1528 5161 permaneant,
1545 5082 1737 5163 presentem
1753 5079 1908 5164 paginam
1925 5083 2089 5149 conscribi

73 5184 104 5245 ct
125 5181 218 5267 sigilli
241 5184 346 5250 nostri
367 5185 553 5251 munimine
576 5184 714 5250 fecimus
737 5183 898 5249 roborari.
934 5183 1045 5249 Huius
1066 5185 1114 5248 rei
1129 5187 1232 5249 testes
1249 5185 1343 5249 sunt:
1367 5183 1528 5250 Ludolfus
1544 5185 1782 5269 thesaurarius,
1805 5186 1974 5254 Arnoldus
1991 5189 2088 5256 celle-

73 5287 181 5372 rarius,
205 5290 369 5358 Ludolius
393 5291 654 5374 archidyaconus
677 5291 712 5356 in
736 5290 837 5372 Osen,
861 5289 1029 5357 lohannes
1054 5291 1095 5355 de
1117 5290 1364 5372 Rothenberge‚
1388 5290 1541 5356 canonici
1556 5291 1764 5374 Mindenses3
1788 5294 1957 5360 Arnoldus
1981 5299 2090 5364 rector

74 5395 204 5462 ecclesie
234 5395 271 5462 in
292 5397 456 5480 Muneslo,
479 5399 661 5463 Wernerus
690 5397 845 5464 sacerdos
869 5397 911 5463 de
935 5397 1036 5479 Hille,
1065 5396 1188 5478 clerici3
1218 5395 1390 5463 lohannes
1414 5399 1456 5464 de
1479 5397 1683 5481 Barchusen,
1708 5399 1947 5467 Hellenbertus
1970 5401 2093 5468 Came-
