4992 6786
1009 417 1077 472 1282
2004 399 2067 464 401

64 620 229 690 redditibus
263 617 490 702 predictorum
519 619 670 683 ortorum
702 615 739 680 in
768 635 850 680 usus
877 614 1113 682 canonicorum
1147 613 1253 681 sancti
1281 613 1445 678 Johannis
1480 611 1640 694 sepedicti
1673 615 1775 694 prout
1801 611 1883 698 ipsis
1912 613 2070 696 expedire

64 728 213 796 videbitur
241 723 484 790 convertendis.
531 723 601 790 Nos
631 742 709 788 vero
739 720 952 787 devotionem
979 720 1160 804 supradicti
1190 719 1384 803 Widegonis
1411 717 1575 803 prepositi
1601 719 1637 782 in
1667 718 1848 786 donatione
1878 719 2071 787 huiusmodi

64 832 317 901 commendantes
340 829 515 914 ipsiusque
538 829 691 913 partibus
714 827 863 893 inclinati
885 827 1110 910 predictorum
1133 829 1283 894 ortorum
1306 824 1545 910 proprietatem
1568 825 1758 910 supradicte
1781 827 1887 892 sancti
1908 826 2073 892 iohannis

64 939 187 1008 ecclesie
208 938 374 1003 donamus
397 954 565 1001 consensu
587 933 691 1000 nostri
714 933 851 1017 capituli
873 934 1060 999 accedente.
1108 935 1147 999 In
1170 932 1264 997 cuius
1286 932 1336 996 rei
1358 930 1587 996 testimonium
1615 950 1753 1015 presens
1777 931 1938 1016 scriptum
1962 932 2072 998 eidem

63 1044 184 1112 ecclesie
205 1042 404 1109 tradidimus
428 1043 545 1106 nostro
568 1044 602 1106 et
624 1040 729 1123 ipsius
752 1038 891 1122 capituli
914 1039 1028 1121 sigillis
1044 1039 1220 1104 munitum.
1260 1041 1383 1104 Datum
1399 1038 1510 1103 Minde
1533 1057 1622 1102 anno
1640 1038 1773 1102 Domini
1789 1037 2069 1104 M⁰.CC⁰.LXXX⁰.

63 1151 203 1232 secundo,
226 1148 264 1214 in
289 1148 341 1214 die
364 1146 514 1214 Gervasii
537 1149 571 1212 et
593 1146 758 1212 Prothasii
782 1145 964 1211 martirum.

185 1252 238 1319 Or.
261 1256 307 1317 im
328 1250 402 1338 Kpl.
430 1250 535 1318 Se-A.
558 1273 598 1315 zu
620 1251 770 1330 Memor,
794 1273 819 1317 e.
844 1252 966 1314 Moe-tin
988 1247 1048 1317 Nr.
1071 1249 1125 1315 28.
1171 1249 1234 1315 Die
1255 1248 1360 1316 13311133
1384 1245 1489 1335 Siepei
1515 1271 1572 1314 oon
1598 1250 1657 1315 den
1682 1247 1996 1335 Perpamentrtreifen
2018 1249 2071 1317 ab.

259 1357 362 1424 Bou
383 1356 578 1422 merebar
601 1355 643 1422 N.
668 1357 804 1423 Minden.

1004 1533 1114 1614 1257.

60 1664 199 1754 Bootes
226 1663 373 1756 Veiquin
407 1686 471 1735 ooo
505 1662 655 1735 Miodeo
694 1663 869 1752 1113313391
909 1663 985 1733 dem
1027 1663 1087 1734 Kl.
1117 1663 1343 1734 Murieurode
1382 1664 1466 1734 ewei
1500 1662 1623 1750 Hersen
1663 1663 1735 1734 uod
1774 1666 1847 1735 eine
1880 1663 2002 1736 Mettio
2034 1666 2075 1736 io

61 1773 190 1843 Jcioseu
216 1770 288 1858 uos
307 1768 422 1842 Rideo
449 1770 509 1841 des
535 1769 817 1840 3333333313
844 1791 906 1840 333
934 1768 1106 1857 Adeoseo,
1134 1791 1198 1840 ooo
1226 1770 1302 1839 dero
1329 1791 1367 1840 er
1394 1767 1505 1855 dofdr
1531 1769 1614 1839 3331
1633 1768 1727 1856 Hdse
1753 1769 1827 1840 uod
1853 1771 1928 1840 eine
1951 1771 2075 1842 Mettio

245 1879 284 1948 in
312 1875 474 1948 Adeneeo
501 1875 635 1964 33111111,
664 1874 719 1946 die
748 1898 786 1946 er
812 1875 938 1946 diesem
965 1899 1007 1946 eu
1035 1875 1152 1946 Labeo
1178 1875 1354 1946 3113318331.
1411 1874 1560 1944 Mindon
1589 1872 1694 1945 1282
1721 1875 1798 1946 Joli
1826 1878 1881 1946 19.

180 1993 234 2058 Or.
259 1997 304 2058 im
325 1992 398 2079 Kpl.
425 1991 529 2057 Sc-A.
553 2015 593 2056 ru
615 1990 791 2070 Hannocer,
817 1993 1015 2057 Morienrode
1038 1990 1099 2058 Nr.
1123 1990 1168 2054 50
1190 1996 1248 2055 mit
1269 1991 1529 2076 prosternationem
1554 1989 1657 2076 813931
1679 1991 1732 2055 dee
1756 1990 1903 2074 Biseleofe
1926 2015 1966 2056 oo
1990 2004 2075 2057 roser

259 2100 326 2163 med
349 2098 456 2183 paldo·
485 2097 728 2177 Seideneclrnur,
757 2098 816 2162 doc
845 2099 898 2164 dee
920 2097 1136 2184 Domleopiteis
1163 2100 1206 2161 iet
1231 2099 1378 2162 cerloren.
1428 2095 1524 2162 Gedr.
1555 2097 1773 2162 Morieoroder
1799 2095 1871 2163 UB.
1907 2096 1995 2181 (UB.
2020 2099 2074 2163 dee

260 2205 330 2269 11131.
360 2201 429 2269 Ver.
453 2204 477 2285 f.
502 2201 750 2269 Niedereocbeen
772 2201 851 2288 Hesi
872 2200 896 2265 I
898 2200 935 2289 V)
962 2202 996 2268 S.
1022 2201 1065 2268 77
1087 2202 1150 2265 Nr.
1173 2202 1227 2270 63.

1002 2383 1114 2460 1258.

59 2511 185 2582 doloro
211 2533 276 2581 ooo
305 2510 466 2582 Adensco
504 2511 694 2582 3311333311
734 2511 797 2581 mit
830 2511 893 2581 der
923 2510 1101 2580 miudeoer
1127 2508 1259 2580 Kircbe
1298 2531 1342 2579 zu
1372 2507 1525 2580 Goosteo
1553 2510 1613 2580 dec
1641 2509 1702 2602 Kl.
1732 2511 1958 2581 Morieorode
1991 2512 2076 2582 33331

59 2617 166 2704 Hersen
201 2617 275 2688 und
307 2618 382 2688 eine
410 2617 531 2688 Mure
564 2619 602 2688 io
630 2617 792 2688 Adeuseo
823 2639 929 2706 peperi
958 2617 1041 2687 rioci
1075 2614 1197 2704 Hufco
1230 2616 1304 2686 oud
1336 2616 1410 2686 eine
1444 2616 1560 2686 [11311113
1595 2617 1632 2688 13
1659 2616 1818 2705 1313333,
1860 2615 2074 2688 1331313133

274 2723 416 2794 Kloster
444 2723 520 2794 dem
547 2723 664 2795 Ritter
690 2723 889 2794 Euctemon
916 2721 1184 2814 (3331313333)
1211 2721 1371 2809 uotuufi
1398 2722 1465 2792 bot
1521 2720 1626 2793 1282
1655 2721 1749 2812 (doli
1776 2723 1846 2814 19).

178 2839 233 2904 Or.
265 2843 309 2904 im
331 2839 403 2926 Kyl.
432 2840 533 2907 sc-A.
563 2863 603 2904 zu
633 2839 810 2918 Hannon,
847 2839 897 2906 111.
923 2839 1120 2904 Morienrode
1143 2836 1202 2903 Nr.
1227 2835 1281 2903 49.
1320 2837 1415 2906 (13113.
1447 2839 1665 2904 Morienroder
1699 2837 1772 2903 UB.
1810 2837 1897 2922 (UB.
1923 2840 2072 2904 (13311131.

266 2942 334 3012 Ver.
349 2946 383 3028 f.
407 2944 658 3011 Niedereocbren
685 2943 764 3026 Heft
786 2943 860 3026 IV),
884 2944 917 3011 S.
944 2943 985 3009 76
1016 2944 1075 3010 Nr.
1097 2943 1152 3024 62,
1176 2945 1237 3030 opi,
1266 2945 1344 3008 ouclr
1367 2941 1428 3009 Nr.
1452 2942 1506 3009 66.
1562 2943 1601 3009 Io
1624 2946 1701 3010 11133.
1727 2943 1771 3026 ΙΙ,
1804 2943 1895 3008 1893
1923 2943 1982 3012 Ν3.
2009 2943 2073 3011 167

259 3055 303 3115 ein
325 3050 398 3137 Kpl.
426 3051 531 3119 se-A.
555 3075 595 3115 eu
618 3052 756 3116 Memor
778 3055 819 3115 io
839 3052 917 3115 norb
939 3053 999 3116 dae
1022 3050 1137 3136 Rapere
1158 3051 1311 3115 rebeliem
1341 3051 1509 3116 iohannes
1533 3053 1642 3118 dictus
1667 3054 1708 3117 de
1732 3052 1880 3118 Adenois
1903 3055 2075 3137 permutat

261 3159 345 3223 duos
369 3179 505 3224 mansos
528 3161 561 3223 et
585 3179 689 3224 unum
712 3159 939 3225 molendinum
962 3179 1038 3224 cum
1062 3158 1208 3242 capitulo
1231 3158 1408 3224 Mindensi.

1004 3337 1118 3415 1259.

58 3460 128 3531 Dos
153 3464 333 3535 urindeucr
351 3463 569 3554 Domkopitel
596 3463 760 3535 deicuodet
786 3465 868 3535 iiber
894 3464 951 3536 die
980 3464 1216 3553 Verweuduup
1244 3465 1339 3534 einer
1358 3462 1554 3551 jdbrliohen
1573 3463 1682 3534 Reate
1709 3486 1773 3534 uus
1797 3463 1860 3535 der
1878 3464 2011 3536 Kircbe
2037 3465 2076 3536 io

58 3566 267 3656 diditcubeck,
296 3569 353 3640 die
371 3593 405 3641 es
433 3570 509 3640 dem
527 3568 665 3660 Kopion
686 3570 854 3642 Heinrich
873 3593 929 3640 om
949 3570 1260 3641 Kotburiucouitur
1285 3572 1333 3640 im
1352 3570 1442 3641 Dom
1459 3567 1617 3657 33313311
1635 3569 1703 3642 bot.
1743 3572 1843 3642 1282
1860 3569 1995 3660 depost
2013 3574 2075 3644 22.

157 3686 334 3752 Conradus
359 3689 503 3753 decanus
528 3692 563 3753 31
585 3688 765 3771 capitulum
783 3689 920 3753 ecclesie
943 3688 1125 3751 blindansis
1148 3687 1305 3752 omnibus
1328 3687 1391 3753 hoc
1409 3687 1571 3770 scriptum
1585 3686 1709 3751 visuris
1725 3687 1865 3752 salutem
1883 3688 1917 3752 in
1934 3689 2076 3754 Domino

57 3791 296 3874 sempiternam.
343 3793 396 3858 Ad
419 3794 578 3859 noticiam
601 3797 670 3859 turn
692 3794 879 3860 futurorum
902 3814 1004 3877 quam
1030 3793 1242 3877 presencium
1269 3794 1422 3876 cupimus
1445 3792 1637 3878 pervenire,
1668 3795 1759 3876 quod
1786 3812 1847 3858 nos
1877 3793 2075 3876 pensionem

58 3900 225 3980 annuaml)
250 3900 352 3964 trium
374 3901 574 3964 talentorum
590 3899 802 3966 denariorum
816 3900 1052 3980 Mindencium,
1076 3920 1177 3982 quarn
1200 3921 1219 3964 a
1242 3900 1424 3964 reverendo
1447 3902 1543 3983 patre
1567 3901 1601 3964 et
1623 3899 1756 3964 domino
1780 3902 1895 3964 nostro
1911 3900 2075 3982 Volqnino

57 4000 110 4066 Dei
129 4005 236 4085 gracia
261 4006 421 4087 episcopo
443 4006 609 4070 blindansi
632 4007 895 4088 comparavimus
923 4008 959 4071 in
987 4006 1126 4070 ecclesia
1149 4005 1414 4086 Molenbecensi‚
1444 4005 1566 4070 dilecto
1595 4007 1630 4070 in
1654 4005 1785 4070 Christo
1810 4005 1956 4070 Henrico
1980 4027 2075 4090 pres-

58 4105 157 4172 bitero
181 4111 356 4193 capellano
380 4111 494 4175 altaris
518 4114 631 4176 sancte
647 4112 804 4177 Katerine
828 4112 863 4175 in
886 4115 1001 4176 nostra
1024 4110 1163 4176 ecclesia
1178 4110 1353 4176 vendimus
1377 4130 1439 4192 pro
1455 4111 1571 4193 viginti
1593 4111 1711 4174 marcis
1727 4110 1917 4176 Bremensis
1934 4111 2075 4195 argenti,

57 4211 240 4296 dequibus
270 4215 403 4281 talentis
432 4218 608 4282 duodecim
639 4218 735 4282 solidi
770 4219 953 4282 secundum
982 4218 1187 4283 voluntatem
1216 4219 1249 4282 31
1278 4216 1526 4282 ordinacionem
1557 4216 1663 4301 ipsius
1698 4217 1875 4298 presbiteri
1906 4218 2075 4283 dabuntur

57 4335 111 4398 pro
132 4322 364 4388 consolacione
389 4322 531 4388 dominis
546 4325 670 4388 3331313
694 4326 727 4387 31
749 4323 890 4405 vicariis,
914 4323 972 4405 qui
993 4326 1167 4406 presentes
1191 4322 1315 4388 fuerint
1337 4323 1372 4386 in
1388 4323 1491 4388 missa
1513 4341 1576 4404 pro
1601 4322 1764 4387 defunctis
1788 4323 1823 4388 in
1846 4323 2074 4390 anniversario

57 4423 151 4490 felicis
174 4415 419 4494 recordacionis
442 4429 555 4495 Adolti
579 4430 748 4512 3333113111
773 4430 901 4494 33311113
927 4430 967 4493 de
991 4430 1215 4512 scowenburg
1237 4428 1426 4493 fundatoris
1458 4429 1572 4492 altaris
1596 4432 1710 4492 sancte
1733 4430 1891 4494 Katerine
1914 4431 2074 4513 predicte,

57 4531 85 4592 31
112 4532 174 4597 due
204 4553 316 4598 marce
349 4534 412 4598 sibi
448 4536 561 4617 quoad
596 4535 713 4600 vixerit
740 4537 828 4600 inter
862 4537 1012 4599 octavam
1048 4535 1153 4599 sancti
1181 4534 1321 4599 Dionisii
1354 4534 1452 4599 anuis
1481 4534 1619 4616 singulis
1654 4533 1896 4615 persolventur.
1944 4536 2010 4601 Sed
2034 4557 2074 4601 eo

58 4635 204 4704 defuncto
228 4640 384 4704 sumendi
414 4643 492 4705 3331
519 4646 594 4706 3313
623 4642 720 4706 solidi
745 4642 786 4705 de
814 4643 944 4706 duabus
967 4641 1086 4706 marcis
1110 4641 1278 4706 solvendis
1309 4640 1480 4723 superstiti
1504 4659 1542 4704 33
1564 4640 1711 4705 addendi
1739 4641 1965 4706 consolacioni
1989 4643 2073 4707 iarn-

58 4739 135 4806 dicte
156 4745 191 4808 in
215 4745 444 4810 anniversario
467 4746 587 4828 prefati
611 4747 739 4811 comitis
763 4746 885 4828 Adolfi,
909 4751 947 4812 ut
969 4750 1049 4811 tunc
1079 4747 1237 4829 deinceps
1259 4746 1378 4829 viginti
1404 4745 1500 4811 solidi
1530 4747 1565 4810 in
1588 4745 1707 4810 eodem
1738 4744 1965 4813 anniversario
1988 4747 2075 4812 inter

57 4839 219 4926 presentes
243 4851 423 4916 canonicos
446 4853 479 4915 31
500 4852 641 4916 vicarios
666 4852 854 4936 aliqualiter
878 4853 1079 4918 dividantur.
1133 4855 1182 4918 De
1205 4853 1336 4918 duobus
1360 4873 1439 4917 vero
1463 4851 1597 4917 talentis
1622 4851 1765 4917 residuis
1789 4851 1824 4915 in
1848 4852 2074 4919 anniversario

56 4949 187 5040 ipsius2)
211 4957 388 5039 presbiteri
412 4957 571 5040 emptoris
598 4960 632 5022 31
656 4959 829 5024 donatoris
839 4959 864 5042 ⁸)
895 4978 963 5022 333
994 4959 1132 5022 candela
1163 4959 1378 5037 nocturnalia
1408 4957 1537 5022 oblacio
1565 4958 1608 5022 ad
1636 4957 1771 5022 missam
1798 4977 1861 5040 pro
1895 4958 2074 5041 defunctis,

56 5062 508 5144 3333331113333313111133,
533 5066 607 5129 octo
632 5063 792 5149 denarii4)
822 5063 1011 5129 camerariis
1041 5068 1073 5128 et
1105 5064 1326 5146 campanariis
1354 5063 1565 5143 tribuantur,
1593 5061 1903 5144 superexstantibus
1928 5065 2075 5130 denariis

54 5165 134 5229 inter
155 5167 248 5249 ipsos
273 5169 425 5232 dominos
449 5169 590 5234 vicarios
621 5173 794 5252 presentes
821 5169 856 5233 in
879 5171 982 5235 missa
1003 5189 1065 5251 pro
1090 5170 1254 5234 defunctis
1283 5168 1508 5253 aliqualiterl)
1531 5167 1726 5256 dividendis
1775 5169 1878 5232 Porro
1902 5169 1930 5233 si
1954 5191 2073 5253 supra-

57 5270 156 5336 dictus
182 5275 298 5338 noster
327 5274 481 5338 dominus
510 5275 686 5356 episcopus
717 5275 771 5339 vel
799 5294 970 5338 successor
1005 5275 1088 5340 13113
1111 5275 1218 5359 ipsius
1248 5275 1475 5357 predictorum
1509 5274 1613 5338 trium
1647 5273 1848 5337 talentorum
1876 5275 2074 5356 pensionem

55 5377 211 5443 redimere
235 5379 289 5443 vel
308 5398 505 5461 recuperare
524 5379 676 5462 voluerit,
701 5401 762 5446 nos
782 5379 873 5464 XX6)
894 5378 1056 5463 marcas⁷)
1072 5379 1263 5445 Bremensis
1287 5379 1417 5462 argenti
1434 5378 1650 5444 restituemus
1667 5378 1858 5462 supradicto
1874 5381 2074 5465 presbitero,

153 5517 241 5561 3331.
255 5515 394 5560 ura-auen
409 5515 448 5560 vr.
1813 5487 1852 5550 51
