5058 6792
441 434 508 500 208
1376 441 1551 498 1258-1259

1402 639 1493 717 706.

441 769 692 842 Widekindus
725 767 944 861 Myndonsis
979 766 1175 861 episcopus
1206 773 1308 838 66666
1340 766 1406 838 den
1439 768 1575 858 Zeirperr
1609 767 1671 838 der·
1714 765 1886 857 Urkunde,
1926 768 1964 836 iu
1997 766 2137 838 welclwr
2173 766 2351 838 Friedrich
2384 791 2437 839 606

442 875 701 966 6666666660
734 875 797 945 der
828 871 955 946 Kirche
988 874 1051 944 der
1082 873 1125 944 hl.
1152 869 1349 944 Kothorino
1381 874 1419 943 ir
1447 871 1707 946 Neueuhirchen
1740 872 1845 944 1666
1876 874 1915 943 in
1940 871 2114 944 Brielrum
2147 871 2291 948 606666.
2343 871 2437 947 1258.

573 990 629 1057 Or.
652 995 697 1057 im
719 991 790 1077 qu.
817 989 923 1056 Sa-A.
951 1013 990 1054 zu
1013 989 1163 1069 Mirator,
1199 988 1347 1070 6666066.
1376 986 1587 1074 Tecklcnbury
1616 987 1678 1055 Nr.
1700 987 1733 1052 6.
1781 988 1876 1054 Gedr.
1901 987 2060 1068 Holacher,
2087 987 2264 1056 Bacchi-cib.
2287 989 2338 1054 dee
2358 1013 2437 1057 0666.

653 1098 733 1163 Biet.
757 1097 886 1161 Mindon
910 1095 944 1163 S.
967 1094 1035 1160 398
1058 1093 1222 1178 (Zeitrchr.
1247 1092 1402 1160 XXXV²
1427 1094 1461 1161 S.
1485 1094 1552 1180 86).
1599 1094 1756 1160 Brinkom
1777 1098 1821 1160 im
1843 1094 1900 1158 Kr.
1927 1093 2018 1182 Syke.

1410 1276 1497 1353 707.

439 1405 641 1479 Heinrious
676 1405 721 1475 de
755 1401 1004 1498 Scalkeberge
1045 1403 1247 1474 canonicus
1287 1403 1440 1475 maioris
1479 1402 1632 1473 ecclesie
1673 1404 1785 1493 Zcupc
1824 1405 1862 1473 ir
1901 1403 1964 1473 der
2005 1401 2168 1474 brioude
2206 1402 2267 1472 des
2299 1398 2440 1489 Bischofs

824 1510 962 1582 Johoor
989 1531 1053 1580 606
1079 1509 1292 1581 1166066066
1319 1509 1381 1597 fiir
1409 1508 1469 1580 ΚΖ.
1497 1507 1654 1582 Locrum.
1709 1507 1921 1580 ffrldesheim
1954 1505 2062 1583 1258.

573 1626 668 1696 Gedr.
690 1653 719 1692 υ.
743 1626 938 1712 Hodenberq,
963 1625 1169 1712 Colcnberper
1197 1624 1264 1691 UB.
1290 1623 1470 1703 6666111,
1496 1623 1530 1694 S.
1557 1623 1621 1689 138
1644 1623 1703 1691 Nr.
1731 1623 1804 1704 198,
1839 1624 1953 1712 Repe-rt
1981 1623 2084 1710 Weep‘.
2110 1623 2331 1692 Preciae-Bit.
2355 1621 2393 1702 ΙΙ,
2413 1623 2440 1702 1,

655 1733 689 1799 S.
713 1733 758 1797 12
779 1732 838 1797 Nr.
861 1731 915 1799 63.
968 1730 1035 1818 Vqr.
1060 1734 1141 1797 6606
1162 1756 1189 1800 6.
1213 1730 1405 1818 Hodenberp,
1441 1755 1471 1796 a.
1496 1755 1526 1796 6.
1554 1729 1589 1798 O.
1621 1727 1655 1796 S.
1681 1729 1746 1795 133
1773 1729 1833 1798 Nr.
1860 1729 1933 1810 193,
1969 1731 2105 1818 Grapen,
2140 1729 2228 1815 Orip.
2253 1742 2283 1796 et
2303 1729 2440 1816 Antiprit

653 1839 794 1907 ΙΙο6606.
818 1838 850 1906 S.
874 1839 928 1918 47,
953 1838 1152 1924 Aeeeborper
1180 1836 1247 1903 UB.
1273 1836 1299 1917 I,
1322 1835 1354 1905 S.
1377 1835 1443 1900 204
1468 1834 1527 1901 Nr.
1551 1834 1627 1902 294.

1404 2017 1495 2095 708.

439 2145 465 2219 J
468 2151 551 2218 utta
579 2147 730 2218 domina
759 2147 805 2217 de
833 2145 999 2218 Monioie
1029 2145 1219 2235 perrehmipi
1252 2144 1309 2216 die
1336 2143 1536 2235 Schenkurrp
1569 2143 1629 2215 des
1656 2143 1858 2216 Potroootes
1892 2143 1954 2214 der
1980 2143 2204 2234 Psorrlrirche
2238 2146 2278 2214 in
2306 2141 2439 2214 Kocha-
2526 2197 2527 2204 ,

563 2253 653 2324 heim
680 2253 789 2324 durch
816 2253 915 2324 6666
943 2253 1068 2341 Μ666,
1097 2252 1164 2323 den
1191 2251 1308 2323 Edlerr
1343 2249 1510 2340 Woirorn,
1538 2273 1585 2322 06
1612 2249 1676 2321 dos
1702 2251 1764 2320 Kl.
1793 2249 1999 2325 1660166666.
2056 2250 2094 2321 0.
2123 2250 2168 2321 D.
2197 2249 2338 2340 (1258).

572 2369 737 2448 Abachrift
759 2370 812 2434 des
830 2368 880 2433 18.
897 2368 951 2431 Jh.
974 2371 1018 2432 im
1033 2367 1105 2454 hyl.
1126 2367 1231 2434 sa-A.
1255 2391 1295 2432 zo
1310 2367 1506 2450 Deaaetdmj,
1531 2366 1646 2454 Kopiol
1660 2389 1717 2431 606
1733 2367 1909 2432 Reirhateih
1922 2368 1975 2448 fol.
1995 2365 2046 2432 40.
2094 2365 2249 2432 66666666
2274 2366 2441 2443 Locmnblrt,

657 2474 688 2538 U
691 2474 730 2540 Β.
753 2477 811 2554 fiir
834 2478 884 2540 die
909 2473 1020 2539 Greci.
1043 2475 1073 2540 6.
1092 2472 1254 2541 Niederrh.
1279 2471 1323 2553 ΙΙ,
1350 2472 1385 2538 ἃ
1400 2470 1467 2536 233
1491 2471 1550 2540 Nr.
1567 2471 1634 2536 466
1656 2471 1735 2537 Note
1755 2470 1789 2552 3,
1812 2474 1977 2551 undatim,
1998 2471 2166 2553 jedcnfolls
2187 2474 2376 2559 9660660666
2394 2477 2441 2536 mit

653 2582 708 2646 der
735 2580 882 2645 Urlrurrde
904 2580 950 2645 bei
972 2579 1152 2645 Locornblet
1175 2604 1204 2643 o.
1229 2604 1258 2646 a.
1287 2578 1322 2646 O.
1348 2578 1409 2646 Nr.
1435 2577 1510 2642 456.

1404 2742 1495 2820 709.

441 2870 509 2942 Abi
537 2869 706 2942 Heinrich
732 2892 795 2941 606
815 2870 932 2942 Fatdo
958 2869 1220 2959 beriochrichtipt
1248 2869 1312 2942 666
1333 2868 1483 2958 Biechof
1512 2869 1698 2944 Wdelrirrd
1716 2892 1780 2940 606
1805 2869 1959 2959 Mindon,
1987 2871 2070 2940 6666
2097 2872 2190 2942 aciae
2209 2869 2441 2962 Abpasoodter,

440 2977 502 3048 der
530 2977 636 3048 Prior
663 2975 782 3066 lofrid
807 2998 871 3048 606
898 2977 1046 3048 106666
1079 2976 1151 3048 666
1183 2975 1245 3046 der
1271 2975 1450 3047 miodener
1477 2977 1649 3048 Domherr
1683 2975 1844 3048 Widecbo
1877 2998 1942 3047 606
1969 2976 2155 3066 66666906,
2196 2977 2260 3046 mit
2292 2976 2359 3046 ilrm
2389 2974 2444 3046 der

594 3081 752 3170 Verkouf
776 3083 836 3154 des
865 3083 970 3170 Srtfrs
993 3083 1069 3154 666
1096 3083 1158 3154 der
1185 3081 1287 3154 Stodt
1315 3081 1464 3153 Homeln
1491 3081 1738 3173 obpeschloaeen
1766 3082 1889 3154 66666.
1944 3082 2045 3156 1259
2074 3082 2316 3154 66660613.

572 3198 667 3266 0666.
692 3199 885 3276 6166606666,
914 3198 943 3262 U
946 3199 984 3266 B.
1008 3223 1034 3266 6.
1060 3197 1194 3264 Hamelrr
1219 3196 1253 3266 S.
1269 3196 1314 3262 33
1337 3197 1399 3261 Nr.
1416 3198 1469 3278 44,
1500 3197 1696 3278 Wrirdtroein,
1720 3197 1811 3264 Nova
1828 3197 1921 3267 Sabe.
1945 3197 1980 3279 V,
2007 3199 2040 3267 S.
2058 3199 2111 3278 10,
2136 3199 2250 3286 Repetit
2270 3225 2296 3266 6.
2312 3197 2444 3286 Spacor,

654 3303 764 3372 Geeclr.
788 3307 819 3370 d.
843 3304 920 3370 Grr.
944 3330 970 3372 v.
995 3303 1165 3384 63606666,
1195 3302 1263 3370 UB.
1290 3303 1325 3371 S.
1351 3305 1426 3369 113.

1436 3468 1499 3545 10.

440 3594 595 3683 Bischof
615 3594 802 3668 Widelrird
819 3617 884 3666 606
904 3595 1053 3666 Mindon
1082 3593 1245 3667 detondet
1271 3469 1435 3683 Ursehde7
1447 3594 1507 3665 des
1524 3594 1697 3667 Reinhold
1715 3595 1881 3686 aeenrq.
1927 3597 2077 3668 Mindon
2096 3594 2202 3667 1259
2221 3594 2379 3667 Februor
2394 3595 2446 3666 23.
2525 3681 2526 3684 ¹

544 3712 764 3778 Widekindus
792 3712 853 3777 Dei
880 3712 991 3794 gracia
1018 3712 1201 3778 Mindensis
1235 3713 1413 3796 episcopus
1443 3712 1608 3779 universis
1638 3713 1762 3778 Christi
1790 3713 1945 3780 fidelibus
1979 3733 2118 3798 presens
2149 3713 2311 3796 scriptum
2339 3711 2445 3778 visuris

438 3818 580 3883 salutem
602 3818 636 3882 in
660 3819 812 3883 Domino.
859 3817 913 3883 hd
937 3817 1094 3885 noticiam
1117 3822 1185 3885 tam
1209 3820 1398 3885 futurorum
1422 3839 1524 3902 quam
1547 3820 1754 3903 presentium
1776 3820 1951 3905 pervenire
1974 3820 2138 3905 cupimus,
2162 3821 2253 3902 quod
2275 3819 2446 3886 Reinoldus

438 3924 546 3990 dictus
558 3923 713 4007 Stevenig
728 3944 789 4007 pro
807 3945 955 4006 excessu,
972 3945 1071 4009 quem
1088 3928 1202 3992 contra
1217 3945 1290 4008 nos,
1302 3925 1504 4008 vrigravium,
1517 3927 1670 3992 consules
1687 3929 1720 3992 et
1736 3929 1925 3994 universam
1940 3927 2107 3993 civitatem
2120 3926 2331 3993 Mindensem
2346 3923 2447 3991 habuit

437 4050 499 4115 pro
523 4030 623 4094 domo
647 4029 795 4095 Bertoldi
819 4032 861 4096 de
885 4032 1067 4114 Nienburg‚
1102 4051 1204 4115 quam
1232 4032 1297 4097 sibi
1324 4031 1474 4098 indebite
1504 4033 1689 4116 usurpavit,
1723 4033 1935 4098 securitatem
1963 4033 2131 4116 talemque
2159 4033 2360 4113 cautionem,
2394 4049 2449 4112 qur

437 4135 616 4219 vulgariter
640 4137 777 4202 orvethe
801 4137 930 4215 dicitur,
953 4137 1032 4203 fecit
1054 4159 1115 4220 pro
1139 4139 1305 4219 omnibuS,
1330 4158 1391 4222 pro
1414 4139 1537 4221 quibus
1559 4137 1669 4223 ipsam
1690 4139 1763 4203 iure
1785 4138 1894 4204 facere
1917 4141 2104 4218 tenebatur,
2128 4141 2162 4204 et
2182 4140 2271 4204 hanc
2294 4138 2360 4204 fide
2381 4137 2450 4200 data

438 4261 477 4307 ao
500 4242 688 4306 iuramento
711 4243 747 4306 in
769 4243 919 4325 reliquiis
943 4244 1166 4325 confirmavit3
1201 4265 1263 4327 pro
1287 4245 1351 4310 ista
1374 4245 1474 4310 etiam
1497 4243 1677 4310 securitate
1707 4245 1749 4310 ab
1774 4245 1848 4327 ipso
1871 4244 2064 4329 R(einoldo)
2088 4245 2325 4311 inviolabiliter
2348 4245 2449 4308 obser·

436 4349 547 4412 nanda
567 4347 722 4415 Hinricus
746 4351 779 4413 et
802 4349 993 4431 Stephanus
1017 4348 1134 4414 fratres
1158 4349 1210 4414 sui
1233 4349 1385 4415 similiter
1409 4349 1473 4416 fide
1497 4351 1576 4416 data
1597 4351 1832 4434 promiserunt,
1855 4351 1903 4417 ita
1928 4355 1966 4416 ut
1988 4351 2148 4436 quicquid
2169 4350 2279 4434 nobis,
2304 4347 2450 4434 nigrario

437 4454 471 4519 et
494 4453 618 4518 civitati
640 4453 676 4518 in
698 4454 761 4519 hac
784 4454 947 4537 deperiat,
970 4456 1062 4538 quod
1086 4455 1149 4539 ipsi
1173 4457 1352 4540 suppleant
1375 4475 1414 4521 ao
1438 4457 1624 4522 emendent.
1670 4456 1753 4522 Item
1773 4459 1922 4539 prefatus
1937 4456 2151 4542 R(einoldus)
2166 4459 2244 4522 ante
2260 4457 2450 4523 dominicam

436 4559 622 4642 proximam
647 4558 768 4624 Letare
797 4579 908 4625 coram
937 4562 1046 4643 nobie,
1081 4561 1292 4644 wichgravio,
1328 4561 1521 4628 consulibus
1545 4567 1579 4629 et
1603 4562 1732 4628 unitate
1755 4583 1831 4628 cum
1854 4563 1966 4647 pueris
1990 4566 2023 4629 et
2045 4563 2141 4629 iustis
2164 4563 2347 4631 heredibus
2369 4579 2452 4626 com-

437 4666 568 4748 parebit
603 4667 694 4748 quod
725 4665 760 4730 in
783 4666 879 4731 dictis
902 4667 999 4734 bouis
1030 4667 1132 4733 nichil
1155 4667 1237 4733 iuris
1259 4668 1382 4732 habeat
1404 4668 1538 4750 publice
1560 4671 1788 4754 protestando,
1822 4671 1974 4754 preterea
1997 4670 2085 4735 dicta
2108 4669 2276 4735 dominica
2299 4670 2451 4735 Letarea
2524 4725 2525 4742 ,

438 4770 570 4835 civitate
592 4771 757 4837 Mindensi
780 4773 937 4838 recedere
960 4774 1061 4839 debet
1083 4774 1236 4839 ammodo
1260 4792 1328 4840 non
1351 4793 1555 4841 reversurus.
1603 4777 1648 4842 Ut
1670 4795 1748 4840 vero
1771 4775 1881 4842 omnia
1904 4778 2068 4860 premissa
2090 4779 2163 4841 rata
2185 4779 2403 4859 permaneant
2424 4773 2451 4836 et

437 4876 643 4958 inconvulsa,
679 4896 819 4960 presens
854 4878 1015 4962 scriptum
1051 4878 1157 4960 sigillo
1191 4881 1306 4945 nostro
1334 4880 1368 4944 et
1397 4879 1538 4946 civitatis
1569 4881 1750 4947 Mindensis
1778 4882 1917 4948 fecirnus
1947 4883 2156 4948 communiri.
2178 4923 2183 4932 ·
2203 4883 2325 4948 Testes
2349 4885 2450 4946 autem

437 4981 537 5046 huius
561 4983 608 5046 rei
632 4985 728 5048 sunt:
751 4985 932 5050 Wernerus
956 4986 1113 5066 decanus,
1138 4986 1231 5052 Cono
1254 4985 1457 5066 scolasticus,
1482 4986 1673 5052 Gerhardus
1697 4990 1822 5068 cantor,
1846 4987 2007 5054 Ludolfus
2031 4988 2218 5068 celerarius,
2243 4988 2401 5054 Hinricus
2415 4986 2452 5051 de

439 5087 531 5170 Slon,
558 5086 708 5172 Widego,
738 5089 912 5156 Conradus
936 5091 1042 5156 sancti
1065 5090 1198 5156 Martini
1222 5091 1379 5171 decanus,
1417 5092 1630 5158 Hermannus
1654 5092 1695 5156 de
1719 5093 1816 5173 Heia,
1852 5093 2002 5158 cauomci
2025 5094 2230 5176 1016666666,
2263 5095 2451 5178 higelbertus

437 5194 471 5258 et
486 5193 715 5259 Willehelmus
739 5196 832 5278 Span
854 5195 992 5274 milites;
1016 5197 1173 5262 Hinricus
1197 5198 1238 5263 de
1255 5197 1453 5279 Holthusen,
1477 5197 1647 5263 iohannes
1670 5197 1759 5264 filius
1776 5200 1952 5282 Herberni,
1969 5199 2214 5266 Godeschalcus
2230 5201 2273 5266 de
2288 5200 2451 5274 Borthere,

438 5299 596 5365 Hinricus
621 5302 662 5365 de
685 5301 865 5385 Nienburg,
889 5303 1058 5368 lohannes
1080 5303 1171 5385 Bloc,
1195 5302 1372 5369 Gozwinus
1395 5303 1437 5367 de
1460 5303 1701 5388 Aldenthorpe,
1726 5304 1886 5371 Ludolfus
1910 5306 1952 5371 de
1974 5305 2087 5388 Hasle,
2112 5305 2285 5371 Conradus
2305 5308 2348 5373 de
2365 5305 2452 5380 nivo,

438 5405 617 5472 Bertoldus
641 5407 754 5490 Gloge,
788 5407 977 5474 Richardus
1001 5408 1042 5474 de
1066 5409 1311 5492 Pepinghusen,
1346 5410 1515 5475 lohannes
1538 5409 1627 5476 filius
1651 5411 1793 5494 Rodolfi,
1825 5412 1983 5478 Hinricus
2008 5401 2152 5496 Spru'ng,
2183 5412 2394 5478 Frethericus
2416 5411 2452 5474 de
