<?xml version="1.0" encoding="UTF-8"?>
<!DOCTYPE html PUBLIC "-//W3C//DTD XHTML 1.0 Transitional//EN"
    "http://www.w3.org/TR/xhtml1/DTD/xhtml1-transitional.dtd">
<html xmlns="http://www.w3.org/1999/xhtml" xml:lang="en" lang="en">
 <head>
  <title>
</title>
<meta http-equiv="Content-Type" content="text/html;charset=utf-8" />
  <meta name='ocr-system' content='tesseract 3.04.00' />
  <meta name='ocr-capabilities' content='ocr_page ocr_carea ocr_par ocr_line ocrx_word'/>
</head>
<body>
  <div class='ocr_page' id='page_1' title='image "./westflischesurk00westgoog_0537.png"; bbox 0 0 5112 6768; ppageno 0'>
   <div class='ocr_carea' id='block_1_1' title="bbox 455 389 1517 460">
    <p class='ocr_par' dir='ltr' id='par_1_1' title="bbox 455 389 1517 460">
     <span class='ocr_line' id='line_1_1' title="bbox 455 389 1517 460; baseline 0.006 -6"><span class='ocrx_word' id='word_1_1' title='bbox 455 389 523 454; x_wconf 68' lang='grc'>590</span> <span class='ocrx_word' id='word_1_2' title='bbox 1449 405 1517 460; x_wconf 79' lang='lat'>1299</span> 
     </span>
    </p>
   </div>
   <div class='ocr_carea' id='block_1_2' title="bbox 453 598 2477 2272">
    <p class='ocr_par' dir='ltr' id='par_1_2' title="bbox 453 598 2477 2272">
     <span class='ocr_line' id='line_1_2' title="bbox 454 598 2476 686; baseline 0 -20"><span class='ocrx_word' id='word_1_3' title='bbox 454 600 683 667; x_wconf 77' lang='lat' dir='ltr'>inventionem</span> <span class='ocrx_word' id='word_1_4' title='bbox 714 599 863 666; x_wconf 88' lang='lat' dir='ltr'>eiusdem</span> <span class='ocrx_word' id='word_1_5' title='bbox 892 598 1060 665; x_wconf 77' lang='lat' dir='ltr'>sententie</span> <span class='ocrx_word' id='word_1_6' title='bbox 1088 599 1280 683; x_wconf 88' lang='lat' dir='ltr'>postulavit.</span> <span class='ocrx_word' id='word_1_7' title='bbox 1327 599 1407 664; x_wconf 89' lang='lat' dir='ltr'>Erat</span> <span class='ocrx_word' id='word_1_8' title='bbox 1437 602 1548 666; x_wconf 87' lang='lat' dir='ltr'>aulem</span> <span class='ocrx_word' id='word_1_9' title='bbox 1578 620 1639 683; x_wconf 92' lang='lat' dir='ltr'>per</span> <span class='ocrx_word' id='word_1_10' title='bbox 1660 602 1773 684; x_wconf 87' lang='lat' dir='ltr'>ipsum</span> <span class='ocrx_word' id='word_1_11' title='bbox 1796 600 1978 684; x_wconf 85' lang='lat' dir='ltr'>plebanum</span> <span class='ocrx_word' id='word_1_12' title='bbox 2001 602 2211 686; x_wconf 89' lang='lat' dir='ltr'>propositum</span> <span class='ocrx_word' id='word_1_13' title='bbox 2237 623 2354 668; x_wconf 90' lang='lat' dir='ltr'>coram</span> <span class='ocrx_word' id='word_1_14' title='bbox 2379 605 2476 684; x_wconf 77' lang='lat' dir='ltr'>nobis,</span> 
     </span>
     <span class='ocr_line' id='line_1_3' title="bbox 455 704 2475 793; baseline 0.001 -19"><span class='ocrx_word' id='word_1_15' title='bbox 455 709 546 793; x_wconf 88' lang='lat' dir='ltr'>quod</span> <span class='ocrx_word' id='word_1_16' title='bbox 569 706 704 790; x_wconf 88' lang='lat' dir='ltr'>quidam</span> <span class='ocrx_word' id='word_1_17' title='bbox 726 706 827 770; x_wconf 92' lang='lat' dir='ltr'>homo</span> <span class='ocrx_word' id='word_1_18' title='bbox 850 705 978 771; x_wconf 88' lang='lat' dir='ltr'>ratione</span> <span class='ocrx_word' id='word_1_19' title='bbox 986 705 1012 790; x_wconf 82' lang='lat'>¹)</span> <span class='ocrx_word' id='word_1_20' title='bbox 1036 705 1224 771; x_wconf 88' lang='lat' dir='ltr'>debitorum</span> <span class='ocrx_word' id='word_1_21' title='bbox 1248 707 1290 770; x_wconf 87' lang='lat' dir='ltr'>ad</span> <span class='ocrx_word' id='word_1_22' title='bbox 1311 705 1492 770; x_wconf 90' lang='lat' dir='ltr'>terminum</span> <span class='ocrx_word' id='word_1_23' title='bbox 1515 704 1681 789; x_wconf 85' lang='lat' dir='ltr'>prefixum</span> <span class='ocrx_word' id='word_1_24' title='bbox 1703 705 1767 772; x_wconf 88' lang='lat' dir='ltr'>sibi</span> <span class='ocrx_word' id='word_1_25' title='bbox 1782 705 2002 790; x_wconf 64' lang='lat' dir='ltr'>secundumil</span> <span class='ocrx_word' id='word_1_26' title='bbox 2026 707 2077 772; x_wconf 89' lang='lat' dir='ltr'>sui</span> <span class='ocrx_word' id='word_1_27' title='bbox 2093 707 2268 774; x_wconf 83' lang='lat' dir='ltr'>creditoris</span> <span class='ocrx_word' id='word_1_28' title='bbox 2284 709 2475 793; x_wconf 87' lang='lat' dir='ltr'>requisitum</span> 
     </span>
     <span class='ocr_line' id='line_1_4' title="bbox 456 811 2477 899; baseline -0.001 -19"><span class='ocrx_word' id='word_1_29' title='bbox 456 815 625 899; x_wconf 87' lang='lat' dir='ltr'>quandam</span> <span class='ocrx_word' id='word_1_30' title='bbox 659 812 825 878; x_wconf 88' lang='lat' dir='ltr'>civitatem</span> <span class='ocrx_word' id='word_1_31' title='bbox 854 812 979 877; x_wconf 89' lang='lat' dir='ltr'>intrare</span> <span class='ocrx_word' id='word_1_32' title='bbox 1008 812 1145 877; x_wconf 83' lang='lat' dir='ltr'>deberet</span> <span class='ocrx_word' id='word_1_33' title='bbox 1173 831 1242 876; x_wconf 89' lang='lat' dir='ltr'>non</span> <span class='ocrx_word' id='word_1_34' title='bbox 1271 811 1431 894; x_wconf 85' lang='lat' dir='ltr'>exiturus,</span> <span class='ocrx_word' id='word_1_35' title='bbox 1466 811 1548 896; x_wconf 91' lang='lat' dir='ltr'>quin</span> <span class='ocrx_word' id='word_1_36' title='bbox 1577 813 1665 880; x_wconf 83' lang='lat' dir='ltr'>dicta</span> <span class='ocrx_word' id='word_1_37' title='bbox 1692 813 1804 878; x_wconf 87' lang='lat' dir='ltr'>debita</span> <span class='ocrx_word' id='word_1_38' title='bbox 1834 813 1988 878; x_wconf 83' lang='lat' dir='ltr'>creditori</span> <span class='ocrx_word' id='word_1_39' title='bbox 2016 815 2129 878; x_wconf 79' lang='lat' dir='ltr'>essent</span> <span class='ocrx_word' id='word_1_40' title='bbox 2151 814 2279 898; x_wconf 77' lang='lat' dir='ltr'>integre</span> <span class='ocrx_word' id='word_1_41' title='bbox 2303 815 2477 898; x_wconf 79' lang='lat' dir='ltr'>persoluta,</span> 
     </span>
     <span class='ocr_line' id='line_1_5' title="bbox 455 916 2475 1004; baseline -0 -18"><span class='ocrx_word' id='word_1_42' title='bbox 455 941 557 1004; x_wconf 88' lang='lat' dir='ltr'>super</span> <span class='ocrx_word' id='word_1_43' title='bbox 590 918 755 1002; x_wconf 88' lang='lat' dir='ltr'>premissa</span> <span class='ocrx_word' id='word_1_44' title='bbox 788 918 998 983; x_wconf 84' lang='lat' dir='ltr'>constituens</span> <span class='ocrx_word' id='word_1_45' title='bbox 1032 916 1263 997; x_wconf 86' lang='lat' dir='ltr'>fideiussores;</span> <span class='ocrx_word' id='word_1_46' title='bbox 1297 917 1438 984; x_wconf 83' lang='lat' dir='ltr'>termino</span> <span class='ocrx_word' id='word_1_47' title='bbox 1469 919 1580 984; x_wconf 87' lang='lat' dir='ltr'>autem</span> <span class='ocrx_word' id='word_1_48' title='bbox 1613 917 1826 1002; x_wconf 86' lang='lat' dir='ltr'>persolvendi</span> <span class='ocrx_word' id='word_1_49' title='bbox 1857 918 1969 986; x_wconf 86' lang='lat' dir='ltr'>debita</span> <span class='ocrx_word' id='word_1_50' title='bbox 2002 921 2170 1004; x_wconf 89' lang='lat' dir='ltr'>completo</span> <span class='ocrx_word' id='word_1_51' title='bbox 2205 921 2315 986; x_wconf 90' lang='lat' dir='ltr'>dictus</span> <span class='ocrx_word' id='word_1_52' title='bbox 2355 921 2475 986; x_wconf 89' lang='lat' dir='ltr'>debitor</span> 
     </span>
     <span class='ocr_line' id='line_1_6' title="bbox 455 1022 2476 1112; baseline 0 -21"><span class='ocrx_word' id='word_1_53' title='bbox 455 1027 621 1091; x_wconf 88' lang='lat' dir='ltr'>civitatem</span> <span class='ocrx_word' id='word_1_54' title='bbox 644 1024 800 1088; x_wconf 92' lang='lat' dir='ltr'>intrando</span> <span class='ocrx_word' id='word_1_55' title='bbox 824 1024 915 1106; x_wconf 87' lang='lat' dir='ltr'>quod</span> <span class='ocrx_word' id='word_1_56' title='bbox 937 1023 1137 1107; x_wconf 86' lang='lat' dir='ltr'>promiserat</span> <span class='ocrx_word' id='word_1_57' title='bbox 1159 1022 1368 1106; x_wconf 82' lang='lat' dir='ltr'>adimplevit3</span> <span class='ocrx_word' id='word_1_58' title='bbox 1392 1023 1450 1106; x_wconf 89' lang='lat' dir='ltr'>qui</span> <span class='ocrx_word' id='word_1_59' title='bbox 1473 1043 1549 1088; x_wconf 93' lang='lat' dir='ltr'>cum</span> <span class='ocrx_word' id='word_1_60' title='bbox 1572 1025 1641 1090; x_wconf 89' lang='lat' dir='ltr'>tam</span> <span class='ocrx_word' id='word_1_61' title='bbox 1663 1025 1761 1107; x_wconf 86' lang='lat' dir='ltr'>longo</span> <span class='ocrx_word' id='word_1_62' title='bbox 1783 1026 1936 1112; x_wconf 84' lang='lat' dir='ltr'>tempore</span> <span class='ocrx_word' id='word_1_63' title='bbox 1959 1024 1995 1090; x_wconf 94' lang='lat' dir='ltr'>in</span> <span class='ocrx_word' id='word_1_64' title='bbox 2018 1025 2106 1092; x_wconf 88' lang='lat' dir='ltr'>dicta</span> <span class='ocrx_word' id='word_1_65' title='bbox 2130 1026 2262 1092; x_wconf 88' lang='lat' dir='ltr'>civitate</span> <span class='ocrx_word' id='word_1_66' title='bbox 2286 1031 2476 1108; x_wconf 88' lang='lat' dir='ltr'>moraretur,</span> 
     </span>
     <span class='ocr_line' id='line_1_7' title="bbox 454 1121 2475 1215; baseline -0 -18"><span class='ocrx_word' id='word_1_67' title='bbox 454 1132 545 1215; x_wconf 86' lang='lat' dir='ltr'>quod</span> <span class='ocrx_word' id='word_1_68' title='bbox 574 1134 643 1196; x_wconf 85' lang='lat' dir='ltr'>tarn</span> <span class='ocrx_word' id='word_1_69' title='bbox 673 1131 745 1214; x_wconf 92' lang='lat' dir='ltr'>ipse</span> <span class='ocrx_word' id='word_1_70' title='bbox 773 1128 906 1194; x_wconf 88' lang='lat' dir='ltr'>debitor</span> <span class='ocrx_word' id='word_1_71' title='bbox 936 1149 1037 1213; x_wconf 90' lang='lat' dir='ltr'>quam</span> <span class='ocrx_word' id='word_1_72' title='bbox 1065 1130 1167 1194; x_wconf 90' lang='lat' dir='ltr'>etiam</span> <span class='ocrx_word' id='word_1_73' title='bbox 1195 1149 1277 1193; x_wconf 89' lang='lat' dir='ltr'>suus</span> <span class='ocrx_word' id='word_1_74' title='bbox 1309 1128 1454 1194; x_wconf 86' lang='lat' dir='ltr'>creditor</span> <span class='ocrx_word' id='word_1_75' title='bbox 1482 1129 1572 1194; x_wconf 91' lang='lat' dir='ltr'>tedio</span> <span class='ocrx_word' id='word_1_76' title='bbox 1597 1121 1817 1212; x_wconf 85' lang='lat' dir='ltr'>afficerentur,</span> <span class='ocrx_word' id='word_1_77' title='bbox 1842 1131 1986 1213; x_wconf 81' lang='lat' dir='ltr'>quedam</span> <span class='ocrx_word' id='word_1_78' title='bbox 2009 1131 2224 1197; x_wconf 86' lang='lat' dir='ltr'>commutatio</span> <span class='ocrx_word' id='word_1_79' title='bbox 2248 1134 2282 1197; x_wconf 90' lang='lat' dir='ltr'>et</span> <span class='ocrx_word' id='word_1_80' title='bbox 2305 1135 2475 1198; x_wconf 88' lang='lat' dir='ltr'>conventio</span> 
     </span>
     <span class='ocr_line' id='line_1_8' title="bbox 454 1234 2475 1321; baseline 0 -19"><span class='ocrx_word' id='word_1_81' title='bbox 454 1239 540 1304; x_wconf 90' lang='lat' dir='ltr'>inter</span> <span class='ocrx_word' id='word_1_82' title='bbox 562 1239 654 1320; x_wconf 90' lang='lat' dir='ltr'>ipsos</span> <span class='ocrx_word' id='word_1_83' title='bbox 679 1238 720 1302; x_wconf 90' lang='lat' dir='ltr'>de</span> <span class='ocrx_word' id='word_1_84' title='bbox 744 1255 830 1302; x_wconf 87' lang='lat' dir='ltr'>novo</span> <span class='ocrx_word' id='word_1_85' title='bbox 855 1236 942 1301; x_wconf 86' lang='lat' dir='ltr'>facta</span> <span class='ocrx_word' id='word_1_86' title='bbox 965 1239 1026 1316; x_wconf 90' lang='lat' dir='ltr'>est,</span> <span class='ocrx_word' id='word_1_87' title='bbox 1062 1235 1216 1301; x_wconf 89' lang='lat' dir='ltr'>videlicet</span> <span class='ocrx_word' id='word_1_88' title='bbox 1238 1234 1314 1315; x_wconf 85' lang='lat' dir='ltr'>ista,</span> <span class='ocrx_word' id='word_1_89' title='bbox 1338 1235 1429 1320; x_wconf 90' lang='lat' dir='ltr'>quod</span> <span class='ocrx_word' id='word_1_90' title='bbox 1452 1235 1543 1300; x_wconf 90' lang='lat' dir='ltr'>illam</span> <span class='ocrx_word' id='word_1_91' title='bbox 1567 1255 1742 1318; x_wconf 85' lang='lat' dir='ltr'>sununam,</span> <span class='ocrx_word' id='word_1_92' title='bbox 1766 1255 1867 1321; x_wconf 92' lang='lat' dir='ltr'>quam</span> <span class='ocrx_word' id='word_1_93' title='bbox 1890 1255 1957 1300; x_wconf 89' lang='lat' dir='ltr'>uno</span> <span class='ocrx_word' id='word_1_94' title='bbox 1981 1237 2124 1302; x_wconf 88' lang='lat' dir='ltr'>termino</span> <span class='ocrx_word' id='word_1_95' title='bbox 2149 1237 2279 1303; x_wconf 89' lang='lat' dir='ltr'>solvere</span> <span class='ocrx_word' id='word_1_96' title='bbox 2303 1239 2475 1318; x_wconf 84' lang='lat' dir='ltr'>debuisset,</span> 
     </span>
     <span class='ocr_line' id='line_1_9' title="bbox 455 1340 2475 1427; baseline -0.001 -17"><span class='ocrx_word' id='word_1_97' title='bbox 455 1345 565 1410; x_wconf 88' lang='lat' dir='ltr'>dictus</span> <span class='ocrx_word' id='word_1_98' title='bbox 589 1343 719 1408; x_wconf 90' lang='lat' dir='ltr'>debitor</span> <span class='ocrx_word' id='word_1_99' title='bbox 741 1342 775 1406; x_wconf 94' lang='lat' dir='ltr'>in</span> <span class='ocrx_word' id='word_1_100' title='bbox 799 1343 944 1424; x_wconf 89' lang='lat' dir='ltr'>quatuor</span> <span class='ocrx_word' id='word_1_101' title='bbox 967 1341 1046 1406; x_wconf 92' lang='lat' dir='ltr'>anni</span> <span class='ocrx_word' id='word_1_102' title='bbox 1069 1340 1219 1424; x_wconf 88' lang='lat' dir='ltr'>partibus</span> <span class='ocrx_word' id='word_1_103' title='bbox 1242 1341 1447 1423; x_wconf 87' lang='lat' dir='ltr'>persolveret</span> <span class='ocrx_word' id='word_1_104' title='bbox 1470 1341 1512 1405; x_wconf 91' lang='lat' dir='ltr'>de</span> <span class='ocrx_word' id='word_1_105' title='bbox 1528 1340 1664 1406; x_wconf 87' lang='lat' dir='ltr'>licentia</span> <span class='ocrx_word' id='word_1_106' title='bbox 1680 1342 1861 1408; x_wconf 87' lang='lat' dir='ltr'>creditoris.</span> <span class='ocrx_word' id='word_1_107' title='bbox 1909 1343 2084 1422; x_wconf 89' lang='lat' dir='ltr'>Quesitum</span> <span class='ocrx_word' id='word_1_108' title='bbox 2100 1343 2199 1426; x_wconf 87' lang='lat' dir='ltr'>igitur</span> <span class='ocrx_word' id='word_1_109' title='bbox 2216 1343 2281 1409; x_wconf 84' lang='lat' dir='ltr'>luit</span> <span class='ocrx_word' id='word_1_110' title='bbox 2296 1364 2316 1408; x_wconf 91' lang='lat' dir='ltr'>a</span> <span class='ocrx_word' id='word_1_111' title='bbox 2333 1345 2475 1427; x_wconf 89' lang='lat' dir='ltr'>predicto</span> 
     </span>
     <span class='ocr_line' id='line_1_10' title="bbox 454 1446 2474 1530; baseline -0.001 -15"><span class='ocrx_word' id='word_1_112' title='bbox 454 1450 585 1530; x_wconf 90' lang='lat' dir='ltr'>cleric0‚</span> <span class='ocrx_word' id='word_1_113' title='bbox 620 1455 733 1514; x_wconf 92' lang='lat' dir='ltr'>utrum</span> <span class='ocrx_word' id='word_1_114' title='bbox 761 1448 976 1514; x_wconf 88' lang='lat' dir='ltr'>fideiussores</span> <span class='ocrx_word' id='word_1_115' title='bbox 1005 1448 1157 1530; x_wconf 90' lang='lat' dir='ltr'>priorum</span> <span class='ocrx_word' id='word_1_116' title='bbox 1184 1447 1375 1512; x_wconf 89' lang='lat' dir='ltr'>debitorum</span> <span class='ocrx_word' id='word_1_117' title='bbox 1409 1466 1469 1530; x_wconf 89' lang='lat' dir='ltr'>per</span> <span class='ocrx_word' id='word_1_118' title='bbox 1496 1446 1583 1512; x_wconf 85' lang='lat' dir='ltr'>hanc</span> <span class='ocrx_word' id='word_1_119' title='bbox 1613 1449 1794 1513; x_wconf 91' lang='lat' dir='ltr'>secundam</span> <span class='ocrx_word' id='word_1_120' title='bbox 1821 1449 2077 1514; x_wconf 90' lang='lat' dir='ltr'>conventionem</span> <span class='ocrx_word' id='word_1_121' title='bbox 2100 1470 2163 1515; x_wconf 90' lang='lat' dir='ltr'>seu</span> <span class='ocrx_word' id='word_1_122' title='bbox 2185 1450 2474 1516; x_wconf 88' lang='lat' dir='ltr'>commutationem</span> 
     </span>
     <span class='ocr_line' id='line_1_11' title="bbox 453 1551 2476 1642; baseline 0 -22"><span class='ocrx_word' id='word_1_123' title='bbox 453 1556 582 1620; x_wconf 90' lang='lat' dir='ltr'>absolvi</span> <span class='ocrx_word' id='word_1_124' title='bbox 605 1555 750 1621; x_wconf 90' lang='lat' dir='ltr'>debeant</span> <span class='ocrx_word' id='word_1_125' title='bbox 772 1574 791 1618; x_wconf 89' lang='lat' dir='ltr'>a</span> <span class='ocrx_word' id='word_1_126' title='bbox 813 1553 1000 1638; x_wconf 82' lang='lat' dir='ltr'>promisso?</span> <span class='ocrx_word' id='word_1_127' title='bbox 1047 1553 1275 1617; x_wconf 90' lang='lat' dir='ltr'>Discretorum</span> <span class='ocrx_word' id='word_1_128' title='bbox 1301 1551 1444 1634; x_wconf 90' lang='lat' dir='ltr'>denique</span> <span class='ocrx_word' id='word_1_129' title='bbox 1467 1553 1612 1617; x_wconf 90' lang='lat' dir='ltr'>virorum</span> <span class='ocrx_word' id='word_1_130' title='bbox 1636 1572 1739 1636; x_wconf 90' lang='lat' dir='ltr'>super</span> <span class='ocrx_word' id='word_1_131' title='bbox 1762 1554 1827 1620; x_wconf 89' lang='lat' dir='ltr'>hiis</span> <span class='ocrx_word' id='word_1_132' title='bbox 1851 1555 1904 1619; x_wconf 91' lang='lat' dir='ltr'>usi</span> <span class='ocrx_word' id='word_1_133' title='bbox 1927 1555 2066 1620; x_wconf 89' lang='lat' dir='ltr'>consilio</span> <span class='ocrx_word' id='word_1_134' title='bbox 2086 1559 2217 1622; x_wconf 89' lang='lat' dir='ltr'>maturo</span> <span class='ocrx_word' id='word_1_135' title='bbox 2241 1557 2476 1642; x_wconf 68' lang='lat' dir='ltr'>sententialiter</span> 
     </span>
     <span class='ocr_line' id='line_1_12' title="bbox 459 1658 2477 1746; baseline 0.001 -21"><span class='ocrx_word' id='word_1_136' title='bbox 459 1661 686 1740; x_wconf 85' lang='lat' dir='ltr'>diffinivimus,</span> <span class='ocrx_word' id='word_1_137' title='bbox 710 1661 811 1743; x_wconf 89' lang='lat' dir='ltr'>quod,</span> <span class='ocrx_word' id='word_1_138' title='bbox 835 1661 864 1724; x_wconf 90' lang='lat' dir='ltr'>si</span> <span class='ocrx_word' id='word_1_139' title='bbox 886 1659 1037 1744; x_wconf 81' lang='lat' dir='ltr'>prefatus</span> <span class='ocrx_word' id='word_1_140' title='bbox 1061 1659 1203 1723; x_wconf 89' lang='lat' dir='ltr'>creditor</span> <span class='ocrx_word' id='word_1_141' title='bbox 1226 1661 1335 1725; x_wconf 87' lang='lat' dir='ltr'>fassus</span> <span class='ocrx_word' id='word_1_142' title='bbox 1358 1658 1468 1738; x_wconf 89' lang='lat' dir='ltr'>fuerit,</span> <span class='ocrx_word' id='word_1_143' title='bbox 1493 1678 1529 1724; x_wconf 90' lang='lat' dir='ltr'>se</span> <span class='ocrx_word' id='word_1_144' title='bbox 1549 1679 1647 1725; x_wconf 86' lang='lat' dir='ltr'>asuo</span> <span class='ocrx_word' id='word_1_145' title='bbox 1671 1660 1822 1725; x_wconf 89' lang='lat' dir='ltr'>debitore</span> <span class='ocrx_word' id='word_1_146' title='bbox 1846 1661 1957 1727; x_wconf 92' lang='lat' dir='ltr'>denuo</span> <span class='ocrx_word' id='word_1_147' title='bbox 1981 1661 2196 1727; x_wconf 87' lang='lat' dir='ltr'>certificatum</span> <span class='ocrx_word' id='word_1_148' title='bbox 2214 1668 2248 1728; x_wconf 86' lang='lat' dir='ltr'>et</span> <span class='ocrx_word' id='word_1_149' title='bbox 2263 1661 2477 1746; x_wconf 64' lang='lat' dir='ltr'>predictamt)</span> 
     </span>
     <span class='ocr_line' id='line_1_13' title="bbox 455 1764 2475 1850; baseline 0 -19"><span class='ocrx_word' id='word_1_150' title='bbox 455 1767 752 1832; x_wconf 89' lang='lat' dir='ltr'>commutacionem</span> <span class='ocrx_word' id='word_1_151' title='bbox 775 1765 923 1830; x_wconf 91' lang='lat' dir='ltr'>habitam</span> <span class='ocrx_word' id='word_1_152' title='bbox 947 1767 1034 1830; x_wconf 88' lang='lat' dir='ltr'>inter</span> <span class='ocrx_word' id='word_1_153' title='bbox 1057 1765 1147 1846; x_wconf 91' lang='lat' dir='ltr'>ipsos</span> <span class='ocrx_word' id='word_1_154' title='bbox 1170 1768 1203 1829; x_wconf 91' lang='lat' dir='ltr'>et</span> <span class='ocrx_word' id='word_1_155' title='bbox 1225 1764 1303 1829; x_wconf 91' lang='lat' dir='ltr'>fidei</span> <span class='ocrx_word' id='word_1_156' title='bbox 1327 1765 1493 1848; x_wconf 88' lang='lat' dir='ltr'>recepisse</span> <span class='ocrx_word' id='word_1_157' title='bbox 1516 1765 1713 1830; x_wconf 88' lang='lat' dir='ltr'>secundario</span> <span class='ocrx_word' id='word_1_158' title='bbox 1737 1767 1935 1847; x_wconf 85' lang='lat' dir='ltr'>cautionem,</span> <span class='ocrx_word' id='word_1_159' title='bbox 1959 1787 1999 1832; x_wconf 81' lang='lat' dir='ltr'>ex</span> <span class='ocrx_word' id='word_1_160' title='bbox 2021 1770 2101 1832; x_wconf 88' lang='lat' dir='ltr'>tunc</span> <span class='ocrx_word' id='word_1_161' title='bbox 2117 1768 2245 1850; x_wconf 90' lang='lat' dir='ltr'>priores</span> <span class='ocrx_word' id='word_1_162' title='bbox 2266 1767 2475 1835; x_wconf 81' lang='lat' dir='ltr'>fideiussores</span> 
     </span>
     <span class='ocr_line' id='line_1_14' title="bbox 455 1871 2475 1955; baseline 0.001 -19"><span class='ocrx_word' id='word_1_163' title='bbox 455 1873 663 1955; x_wconf 90' lang='lat' dir='ltr'>apromisso</span> <span class='ocrx_word' id='word_1_164' title='bbox 691 1872 815 1938; x_wconf 90' lang='lat' dir='ltr'>liberos</span> <span class='ocrx_word' id='word_1_165' title='bbox 846 1871 1044 1951; x_wconf 79' lang='lat' dir='ltr'>diffinimus3</span> <span class='ocrx_word' id='word_1_166' title='bbox 1080 1872 1108 1936; x_wconf 90' lang='lat' dir='ltr'>si</span> <span class='ocrx_word' id='word_1_167' title='bbox 1137 1875 1250 1936; x_wconf 86' lang='lat' dir='ltr'>autem</span> <span class='ocrx_word' id='word_1_168' title='bbox 1280 1871 1422 1935; x_wconf 90' lang='lat' dir='ltr'>creditor</span> <span class='ocrx_word' id='word_1_169' title='bbox 1450 1872 1537 1935; x_wconf 90' lang='lat' dir='ltr'>hanc</span> <span class='ocrx_word' id='word_1_170' title='bbox 1565 1871 1818 1938; x_wconf 88' lang='lat' dir='ltr'>conventionem</span> <span class='ocrx_word' id='word_1_171' title='bbox 1851 1873 1973 1938; x_wconf 87' lang='lat' dir='ltr'>iactam</span> <span class='ocrx_word' id='word_1_172' title='bbox 2006 1876 2039 1938; x_wconf 88' lang='lat' dir='ltr'>et</span> <span class='ocrx_word' id='word_1_173' title='bbox 2066 1893 2102 1938; x_wconf 89' lang='lat' dir='ltr'>se</span> <span class='ocrx_word' id='word_1_174' title='bbox 2127 1873 2350 1940; x_wconf 81' lang='lat' dir='ltr'>certificatum</span> <span class='ocrx_word' id='word_1_175' title='bbox 2373 1876 2475 1940; x_wconf 90' lang='lat' dir='ltr'>denuo</span> 
     </span>
     <span class='ocr_line' id='line_1_15' title="bbox 455 1975 2475 2062; baseline 0 -19"><span class='ocrx_word' id='word_1_176' title='bbox 455 1979 624 2062; x_wconf 80' lang='lat' dir='ltr'>negaverit</span> <span class='ocrx_word' id='word_1_177' title='bbox 646 1981 680 2042; x_wconf 91' lang='lat' dir='ltr'>et</span> <span class='ocrx_word' id='word_1_178' title='bbox 702 1979 880 2043; x_wconf 88' lang='lat' dir='ltr'>iuramenti</span> <span class='ocrx_word' id='word_1_179' title='bbox 904 1978 955 2042; x_wconf 91' lang='lat' dir='ltr'>sui</span> <span class='ocrx_word' id='word_1_180' title='bbox 978 1977 1135 2044; x_wconf 89' lang='lat' dir='ltr'>firmitate</span> <span class='ocrx_word' id='word_1_181' title='bbox 1158 1977 1350 2056; x_wconf 86' lang='lat' dir='ltr'>obtinuerit,</span> <span class='ocrx_word' id='word_1_182' title='bbox 1385 1976 1465 2041; x_wconf 88' lang='lat' dir='ltr'>dicti</span> <span class='ocrx_word' id='word_1_183' title='bbox 1488 1975 1702 2044; x_wconf 87' lang='lat' dir='ltr'>fideiussores</span> <span class='ocrx_word' id='word_1_184' title='bbox 1726 1999 1746 2043; x_wconf 92' lang='lat' dir='ltr'>a</span> <span class='ocrx_word' id='word_1_185' title='bbox 1768 1979 1933 2060; x_wconf 90' lang='lat' dir='ltr'>promisso</span> <span class='ocrx_word' id='word_1_186' title='bbox 1957 1979 2054 2045; x_wconf 91' lang='lat' dir='ltr'>liberi</span> <span class='ocrx_word' id='word_1_187' title='bbox 2082 2000 2143 2046; x_wconf 92' lang='lat' dir='ltr'>seu</span> <span class='ocrx_word' id='word_1_188' title='bbox 2166 1979 2265 2046; x_wconf 87' lang='lat' dir='ltr'>soluti</span> <span class='ocrx_word' id='word_1_189' title='bbox 2289 1980 2475 2046; x_wconf 84' lang='lat' dir='ltr'>nullatenus</span> 
     </span>
     <span class='ocr_line' id='line_1_16' title="bbox 455 2083 2474 2168; baseline -0.001 -17"><span class='ocrx_word' id='word_1_190' title='bbox 455 2086 674 2151; x_wconf 91' lang='lat' dir='ltr'>dimittentur.</span> <span class='ocrx_word' id='word_1_191' title='bbox 721 2085 760 2148; x_wconf 95' lang='lat' dir='ltr'>In</span> <span class='ocrx_word' id='word_1_192' title='bbox 792 2085 885 2149; x_wconf 88' lang='lat' dir='ltr'>cuius</span> <span class='ocrx_word' id='word_1_193' title='bbox 914 2083 961 2148; x_wconf 90' lang='lat' dir='ltr'>rei</span> <span class='ocrx_word' id='word_1_194' title='bbox 993 2083 1221 2148; x_wconf 89' lang='lat' dir='ltr'>testimonium</span> <span class='ocrx_word' id='word_1_195' title='bbox 1256 2101 1395 2164; x_wconf 88' lang='lat' dir='ltr'>presens</span> <span class='ocrx_word' id='word_1_196' title='bbox 1430 2083 1591 2166; x_wconf 87' lang='lat' dir='ltr'>scriptum</span> <span class='ocrx_word' id='word_1_197' title='bbox 1628 2084 1735 2148; x_wconf 90' lang='lat' dir='ltr'>nostri</span> <span class='ocrx_word' id='word_1_198' title='bbox 1769 2083 1867 2168; x_wconf 78' lang='lat' dir='ltr'>sigilli</span> <span class='ocrx_word' id='word_1_199' title='bbox 1902 2085 2021 2151; x_wconf 90' lang='lat' dir='ltr'>robore</span> <span class='ocrx_word' id='word_1_200' title='bbox 2056 2087 2311 2152; x_wconf 83' lang='lat' dir='ltr'>communimus,</span> <span class='ocrx_word' id='word_1_201' title='bbox 2361 2087 2474 2152; x_wconf 87' lang='lat' dir='ltr'>Datum</span> 
     </span>
     <span class='ocr_line' id='line_1_17' title="bbox 454 2189 2321 2272; baseline 0.001 -15"><span class='ocrx_word' id='word_1_202' title='bbox 454 2212 542 2257; x_wconf 91' lang='lat' dir='ltr'>anno</span> <span class='ocrx_word' id='word_1_203' title='bbox 566 2191 697 2257; x_wconf 88' lang='lat' dir='ltr'>Domini</span> <span class='ocrx_word' id='word_1_204' title='bbox 720 2191 896 2256; x_wconf 90' lang='lat' dir='ltr'>millesimo</span> <span class='ocrx_word' id='word_1_205' title='bbox 922 2189 1150 2255; x_wconf 91' lang='lat' dir='ltr'>ducentesimo</span> <span class='ocrx_word' id='word_1_206' title='bbox 1174 2189 1390 2272; x_wconf 86' lang='lat' dir='ltr'>nonagesimo</span> <span class='ocrx_word' id='word_1_207' title='bbox 1414 2207 1514 2268; x_wconf 89' lang='lat' dir='ltr'>nono,</span> <span class='ocrx_word' id='word_1_208' title='bbox 1538 2190 1572 2254; x_wconf 93' lang='lat' dir='ltr'>in</span> <span class='ocrx_word' id='word_1_209' title='bbox 1596 2190 1736 2254; x_wconf 89' lang='lat' dir='ltr'>sabbato</span> <span class='ocrx_word' id='word_1_210' title='bbox 1760 2193 1837 2255; x_wconf 90' lang='lat' dir='ltr'>ante</span> <span class='ocrx_word' id='word_1_211' title='bbox 1862 2191 2061 2256; x_wconf 91' lang='lat' dir='ltr'>dominicam</span> <span class='ocrx_word' id='word_1_212' title='bbox 2084 2192 2321 2258; x_wconf 89' lang='lat' dir='ltr'>Reminiscere.</span> 
     </span>
    </p>
   </div>
   <div class='ocr_carea' id='block_1_3' title="bbox 672 2311 1568 2383">
    <p class='ocr_par' dir='ltr' id='par_1_3' title="bbox 672 2311 1568 2383">
     <span class='ocr_line' id='line_1_18' title="bbox 672 2311 1568 2383; baseline -0.002 -17"><span class='ocrx_word' id='word_1_213' title='bbox 672 2315 693 2383; x_wconf 80' lang='lat'>¹)</span> <span class='ocrx_word' id='word_1_214' title='bbox 713 2316 841 2367; x_wconf 84' lang='lat' dir='ltr'>rationem</span> <span class='ocrx_word' id='word_1_215' title='bbox 870 2313 901 2364; x_wconf 86' lang='lat' dir='ltr'>W.</span> <span class='ocrx_word' id='word_1_216' title='bbox 941 2312 964 2382; x_wconf 73' lang='lat'>³)</span> <span class='ocrx_word' id='word_1_217' title='bbox 983 2315 1051 2366; x_wconf 87' lang='lat' dir='ltr'>servi</span> <span class='ocrx_word' id='word_1_218' title='bbox 1080 2311 1112 2368; x_wconf 81' lang='lat' dir='ltr'>ll&#39;.</span> <span class='ocrx_word' id='word_1_219' title='bbox 1150 2311 1173 2382; x_wconf 82' lang='lat'>³)</span> <span class='ocrx_word' id='word_1_220' title='bbox 1193 2312 1314 2381; x_wconf 79' lang='lat' dir='ltr'>predicta</span> <span class='ocrx_word' id='word_1_221' title='bbox 1332 2313 1506 2366; x_wconf 83' lang='lat' dir='ltr'>commutacio</span> <span class='ocrx_word' id='word_1_222' title='bbox 1532 2311 1568 2364; x_wconf 92' lang='lat' dir='ltr'>W.</span> 
     </span>
    </p>
   </div>
   <div class='ocr_carea' id='block_1_4' title="bbox 588 2415 2474 2611">
    <p class='ocr_par' dir='ltr' id='par_1_4' title="bbox 588 2415 2474 2611">
     <span class='ocr_line' id='line_1_19' title="bbox 588 2415 2474 2506; baseline -0.001 -22"><span class='ocrx_word' id='word_1_223' title='bbox 588 2419 679 2484; x_wconf 75' lang='lat' dir='ltr'>Nocti</span> <span class='ocrx_word' id='word_1_224' title='bbox 703 2423 770 2485; x_wconf 84' lang='lat' dir='ltr'>dem</span> <span class='ocrx_word' id='word_1_225' title='bbox 793 2418 901 2483; x_wconf 72' lang='lat' dir='ltr'>Druck</span> <span class='ocrx_word' id='word_1_226' title='bbox 932 2418 1146 2496; x_wconf 81' lang='lat' dir='ltr'>Wiirdtrccino,</span> <span class='ocrx_word' id='word_1_227' title='bbox 1170 2417 1261 2482; x_wconf 85' lang='lat' dir='ltr'>Novo</span> <span class='ocrx_word' id='word_1_228' title='bbox 1283 2416 1366 2484; x_wconf 77' lang='lat' dir='ltr'>cuba.</span> <span class='ocrx_word' id='word_1_229' title='bbox 1392 2415 1453 2496; x_wconf 90' lang='lat' dir='ltr'>IX,</span> <span class='ocrx_word' id='word_1_230' title='bbox 1480 2417 1516 2482; x_wconf 88' lang='lat' dir='ltr'>S.</span> <span class='ocrx_word' id='word_1_231' title='bbox 1534 2417 1579 2483; x_wconf 92' lang='grc'>99</span> <span class='ocrx_word' id='word_1_232' title='bbox 1603 2417 1669 2504; x_wconf 88' lang='lat' dir='ltr'>(W)</span> <span class='ocrx_word' id='word_1_233' title='bbox 1694 2419 1881 2485; x_wconf 78' lang='lat' dir='ltr'>wiederltott.</span> <span class='ocrx_word' id='word_1_234' title='bbox 1929 2419 2040 2506; x_wconf 73' lang='lat' dir='ltr'>Reyeat</span> <span class='ocrx_word' id='word_1_235' title='bbox 2061 2421 2137 2484; x_wconf 84' lang='lat' dir='ltr'>Mac.</span> <span class='ocrx_word' id='word_1_236' title='bbox 2155 2418 2199 2498; x_wconf 89' lang='lat' dir='ltr'>II,</span> <span class='ocrx_word' id='word_1_237' title='bbox 2227 2419 2300 2499; x_wconf 85' lang='grc'><strong><em>189,</em></strong></span> <span class='ocrx_word' id='word_1_238' title='bbox 2328 2419 2387 2486; x_wconf 85' lang='lat' dir='ltr'>Nr.</span> <span class='ocrx_word' id='word_1_239' title='bbox 2408 2421 2474 2498; x_wconf 69' lang='lat' dir='ltr'>uit,</span> 
     </span>
     <span class='ocr_line' id='line_1_20' title="bbox 666 2522 1698 2611; baseline -0.003 -20"><span class='ocrx_word' id='word_1_240' title='bbox 666 2527 751 2611; x_wconf 67' lang='lat' dir='ltr'>pedr.</span> <span class='ocrx_word' id='word_1_241' title='bbox 776 2525 973 2610; x_wconf 76' lang='lat' dir='ltr'>Kindiinpcr,</span> <span class='ocrx_word' id='word_1_242' title='bbox 1001 2524 1185 2609; x_wconf 74' lang='lat' dir='ltr'>Sammiunp</span> <span class='ocrx_word' id='word_1_243' title='bbox 1207 2523 1328 2591; x_wconf 84' lang='lat' dir='ltr'>merkw.</span> <span class='ocrx_word' id='word_1_244' title='bbox 1353 2522 1560 2588; x_wconf 80' lang='lat' dir='ltr'>Ncclur&#39;chten</span> <span class='ocrx_word' id='word_1_245' title='bbox 1587 2524 1620 2590; x_wconf 81' lang='lat' dir='ltr'>S.</span> <span class='ocrx_word' id='word_1_246' title='bbox 1644 2523 1698 2588; x_wconf 78' lang='lat'>93.</span> 
     </span>
    </p>
   </div>
   <div class='ocr_carea' id='block_1_5' title="bbox 1414 2758 1524 2834">
    <p class='ocr_par' dir='ltr' id='par_1_5' title="bbox 1414 2758 1524 2834">
     <span class='ocr_line' id='line_1_21' title="bbox 1414 2758 1524 2834; baseline 0.018 -2"><span class='ocrx_word' id='word_1_247' title='bbox 1414 2758 1524 2834; x_wconf 80' lang='lat'><strong>1627.</strong></span> 
     </span>
    </p>
   </div>
   <div class='ocr_carea' id='block_1_6' title="bbox 593 2883 2339 3080">
    <p class='ocr_par' dir='ltr' id='par_1_6' title="bbox 593 2883 2339 3080">
     <span class='ocr_line' id='line_1_22' title="bbox 593 2883 2339 3062; baseline -0.001 -104"><span class='ocrx_word' id='word_1_248' title='bbox 593 2886 738 2975; x_wconf 73' lang='lat' dir='ltr'>Bisclrof</span> <span class='ocrx_word' id='word_1_249' title='bbox 763 2885 896 2973; x_wconf 71' lang='lat' dir='ltr'>[adolf</span> <span class='ocrx_word' id='word_1_250' title='bbox 919 2908 985 2957; x_wconf 83' lang='lat' dir='ltr'>oon</span> <span class='ocrx_word' id='word_1_251' title='bbox 1013 2886 1162 2956; x_wconf 78' lang='lat' dir='ltr'>Mindon</span> <span class='ocrx_word' id='word_1_252' title='bbox 1188 2883 1493 3062; x_wconf 56' lang='lat' dir='ltr'>verpfflmieiodein</span> <span class='ocrx_word' id='word_1_253' title='bbox 1521 2883 1669 3060; x_wconf 55' lang='lat' dir='ltr'>Ilargwip</span> <span class='ocrx_word' id='word_1_254' title='bbox 1693 2905 1756 2954; x_wconf 82' lang='lat' dir='ltr'>coa</span> <span class='ocrx_word' id='word_1_255' title='bbox 1785 2883 1998 2973; x_wconf 67' lang='lat' dir='ltr'>Dcpelbostcl</span> <span class='ocrx_word' id='word_1_256' title='bbox 2025 2892 2195 2974; x_wconf 77' lang='lat' dir='ltr'>peccante</span> <span class='ocrx_word' id='word_1_257' title='bbox 2223 2886 2339 2957; x_wconf 69' lang='lat' dir='ltr'>Gtter.</span> 
     </span>
     <span class='ocr_line' id='line_1_23' title="bbox 1325 2991 1613 3080; baseline 0.01 -19"><span class='ocrx_word' id='word_1_258' title='bbox 1325 2996 1346 3061; x_wconf 92' lang='lat'><strong><em>1</em></strong></span> <span class='ocrx_word' id='word_1_259' title='bbox 1478 2991 1541 3080; x_wconf 84' lang='lat' dir='ltr'>pri</span> <span class='ocrx_word' id='word_1_260' title='bbox 1607 3051 1613 3064; x_wconf 95' lang='lat'>.</span> 
     </span>
    </p>
   </div>
   <div class='ocr_carea' id='block_1_7' title="bbox 451 3125 2472 4272">
    <p class='ocr_par' dir='ltr' id='par_1_7' title="bbox 451 3125 2472 4272">
     <span class='ocr_line' id='line_1_24' title="bbox 561 3125 2472 3211; baseline -0.003 -16"><span class='ocrx_word' id='word_1_261' title='bbox 561 3129 757 3211; x_wconf 73' lang='lat' dir='ltr'>Ludolfusl)</span> <span class='ocrx_word' id='word_1_262' title='bbox 793 3130 853 3193; x_wconf 89' lang='lat' dir='ltr'>Dei</span> <span class='ocrx_word' id='word_1_263' title='bbox 889 3129 997 3211; x_wconf 85' lang='lat' dir='ltr'>gracia</span> <span class='ocrx_word' id='word_1_264' title='bbox 1030 3127 1213 3192; x_wconf 90' lang='lat' dir='ltr'>Mindensis</span> <span class='ocrx_word' id='word_1_265' title='bbox 1249 3127 1385 3191; x_wconf 90' lang='lat' dir='ltr'>ecclesie</span> <span class='ocrx_word' id='word_1_266' title='bbox 1421 3127 1600 3208; x_wconf 91' lang='lat' dir='ltr'>episcopus</span> <span class='ocrx_word' id='word_1_267' title='bbox 1636 3126 1791 3190; x_wconf 85' lang='lat' dir='ltr'>omnibus</span> <span class='ocrx_word' id='word_1_268' title='bbox 1826 3126 1889 3191; x_wconf 95' lang='lat' dir='ltr'>hoc</span> <span class='ocrx_word' id='word_1_269' title='bbox 1924 3125 2083 3209; x_wconf 91' lang='lat' dir='ltr'>scriptum</span> <span class='ocrx_word' id='word_1_270' title='bbox 2118 3127 2238 3192; x_wconf 88' lang='lat' dir='ltr'>visuris</span> <span class='ocrx_word' id='word_1_271' title='bbox 2273 3127 2416 3192; x_wconf 88' lang='lat' dir='ltr'>salutem</span> <span class='ocrx_word' id='word_1_272' title='bbox 2443 3129 2472 3190; x_wconf 93' lang='lat' dir='ltr'>in</span> 
     </span>
     <span class='ocr_line' id='line_1_25' title="bbox 453 3232 2471 3317; baseline -0.002 -16"><span class='ocrx_word' id='word_1_273' title='bbox 453 3237 604 3302; x_wconf 91' lang='lat' dir='ltr'>Domino.</span> <span class='ocrx_word' id='word_1_274' title='bbox 652 3235 828 3315; x_wconf 84' lang='lat' dir='ltr'>Noveritis,</span> <span class='ocrx_word' id='word_1_275' title='bbox 859 3236 951 3315; x_wconf 90' lang='lat' dir='ltr'>quod</span> <span class='ocrx_word' id='word_1_276' title='bbox 979 3237 1118 3317; x_wconf 88' lang='lat' dir='ltr'>urgente</span> <span class='ocrx_word' id='word_1_277' title='bbox 1146 3253 1207 3298; x_wconf 92' lang='lat' dir='ltr'>nos</span> <span class='ocrx_word' id='word_1_278' title='bbox 1237 3234 1362 3296; x_wconf 89' lang='lat' dir='ltr'>honere</span> <span class='ocrx_word' id='word_1_279' title='bbox 1391 3232 1579 3296; x_wconf 88' lang='lat' dir='ltr'>debitorum</span> <span class='ocrx_word' id='word_1_280' title='bbox 1608 3250 1669 3314; x_wconf 89' lang='lat' dir='ltr'>pro</span> <span class='ocrx_word' id='word_1_281' title='bbox 1697 3232 1896 3296; x_wconf 85' lang='lat' dir='ltr'>necessitate</span> <span class='ocrx_word' id='word_1_282' title='bbox 1927 3233 2065 3298; x_wconf 89' lang='lat' dir='ltr'>ecclesie</span> <span class='ocrx_word' id='word_1_283' title='bbox 2093 3235 2207 3298; x_wconf 87' lang='lat' dir='ltr'>nostre</span> <span class='ocrx_word' id='word_1_284' title='bbox 2232 3237 2471 3298; x_wconf 87' lang='lat' dir='ltr'>contractorum</span> 
     </span>
     <span class='ocr_line' id='line_1_26' title="bbox 451 3337 2471 3422; baseline -0.003 -14"><span class='ocrx_word' id='word_1_285' title='bbox 451 3343 540 3408; x_wconf 92' lang='lat' dir='ltr'>bona</span> <span class='ocrx_word' id='word_1_286' title='bbox 563 3345 678 3406; x_wconf 90' lang='lat' dir='ltr'>nostra</span> <span class='ocrx_word' id='word_1_287' title='bbox 701 3341 735 3405; x_wconf 90' lang='lat' dir='ltr'>in</span> <span class='ocrx_word' id='word_1_288' title='bbox 758 3341 999 3422; x_wconf 87' lang='lat' dir='ltr'>Vorenhaghen</span> <span class='ocrx_word' id='word_1_289' title='bbox 1031 3343 1064 3404; x_wconf 91' lang='lat' dir='ltr'>et</span> <span class='ocrx_word' id='word_1_290' title='bbox 1094 3339 1301 3404; x_wconf 88' lang='lat' dir='ltr'>Havechorst</span> <span class='ocrx_word' id='word_1_291' title='bbox 1328 3342 1361 3404; x_wconf 88' lang='lat' dir='ltr'>et</span> <span class='ocrx_word' id='word_1_292' title='bbox 1389 3338 1515 3402; x_wconf 88' lang='lat' dir='ltr'>curiam</span> <span class='ocrx_word' id='word_1_293' title='bbox 1553 3338 1588 3402; x_wconf 91' lang='lat' dir='ltr'>in</span> <span class='ocrx_word' id='word_1_294' title='bbox 1617 3337 1788 3420; x_wconf 89' lang='lat' dir='ltr'>Hogersen</span> <span class='ocrx_word' id='word_1_295' title='bbox 1821 3357 1897 3402; x_wconf 91' lang='lat' dir='ltr'>cum</span> <span class='ocrx_word' id='word_1_296' title='bbox 1922 3339 2076 3404; x_wconf 90' lang='lat' dir='ltr'>omnibus</span> <span class='ocrx_word' id='word_1_297' title='bbox 2100 3339 2168 3403; x_wconf 87' lang='lat' dir='ltr'>suis</span> <span class='ocrx_word' id='word_1_298' title='bbox 2193 3340 2322 3404; x_wconf 91' lang='lat' dir='ltr'>iuribus</span> <span class='ocrx_word' id='word_1_299' title='bbox 2347 3342 2381 3403; x_wconf 90' lang='lat' dir='ltr'>et</span> <span class='ocrx_word' id='word_1_300' title='bbox 2403 3361 2471 3421; x_wconf 82' lang='lat' dir='ltr'>per-</span> 
     </span>
     <span class='ocr_line' id='line_1_27' title="bbox 451 3443 2470 3530; baseline -0.002 -19"><span class='ocrx_word' id='word_1_301' title='bbox 451 3447 613 3527; x_wconf 91' lang='lat' dir='ltr'>tinenciis,</span> <span class='ocrx_word' id='word_1_302' title='bbox 638 3447 739 3526; x_wconf 89' lang='lat' dir='ltr'>silvis,</span> <span class='ocrx_word' id='word_1_303' title='bbox 770 3446 885 3530; x_wconf 78' lang='lat' dir='ltr'>pratia,</span> <span class='ocrx_word' id='word_1_304' title='bbox 915 3446 1058 3527; x_wconf 88' lang='lat' dir='ltr'>pascuis,</span> <span class='ocrx_word' id='word_1_305' title='bbox 1087 3446 1194 3528; x_wconf 86' lang='lat' dir='ltr'>lignis,</span> <span class='ocrx_word' id='word_1_306' title='bbox 1224 3445 1295 3521; x_wconf 85' lang='lat' dir='ltr'>viis,</span> <span class='ocrx_word' id='word_1_307' title='bbox 1327 3444 1425 3508; x_wconf 91' lang='lat' dir='ltr'>inviis</span> <span class='ocrx_word' id='word_1_308' title='bbox 1450 3444 1483 3508; x_wconf 89' lang='lat' dir='ltr'>et</span> <span class='ocrx_word' id='word_1_309' title='bbox 1507 3443 1580 3506; x_wconf 91' lang='lat' dir='ltr'>aliis</span> <span class='ocrx_word' id='word_1_310' title='bbox 1604 3443 1871 3526; x_wconf 90' lang='lat' dir='ltr'>quibuscumque</span> <span class='ocrx_word' id='word_1_311' title='bbox 1896 3444 2072 3509; x_wconf 88' lang='lat' dir='ltr'>Lodewico</span> <span class='ocrx_word' id='word_1_312' title='bbox 2097 3445 2138 3510; x_wconf 92' lang='lat' dir='ltr'>de</span> <span class='ocrx_word' id='word_1_313' title='bbox 2161 3445 2470 3528; x_wconf 83' lang='lat' dir='ltr'>Enghelleborsiele,</span> 
     </span>
     <span class='ocr_line' id='line_1_28' title="bbox 452 3549 2471 3635; baseline -0.002 -18"><span class='ocrx_word' id='word_1_314' title='bbox 452 3554 623 3619; x_wconf 87' lang='lat' dir='ltr'>Elizabeth</span> <span class='ocrx_word' id='word_1_315' title='bbox 648 3553 743 3618; x_wconf 86' lang='lat' dir='ltr'>uxori</span> <span class='ocrx_word' id='word_1_316' title='bbox 760 3573 831 3631; x_wconf 88' lang='lat' dir='ltr'>sue,</span> <span class='ocrx_word' id='word_1_317' title='bbox 857 3553 1033 3632; x_wconf 80' lang='lat' dir='ltr'>Hartrad0,</span> <span class='ocrx_word' id='word_1_318' title='bbox 1057 3551 1200 3616; x_wconf 89' lang='lat' dir='ltr'>Johanni</span> <span class='ocrx_word' id='word_1_319' title='bbox 1224 3553 1258 3614; x_wconf 91' lang='lat' dir='ltr'>et</span> <span class='ocrx_word' id='word_1_320' title='bbox 1279 3550 1450 3633; x_wconf 86' lang='lat' dir='ltr'>Bruningo</span> <span class='ocrx_word' id='word_1_321' title='bbox 1474 3549 1551 3614; x_wconf 90' lang='lat' dir='ltr'>filiis</span> <span class='ocrx_word' id='word_1_322' title='bbox 1575 3549 1643 3612; x_wconf 91' lang='lat' dir='ltr'>suis</span> <span class='ocrx_word' id='word_1_323' title='bbox 1668 3551 1700 3614; x_wconf 91' lang='lat' dir='ltr'>et</span> <span class='ocrx_word' id='word_1_324' title='bbox 1724 3569 1837 3614; x_wconf 90' lang='lat' dir='ltr'>eorum</span> <span class='ocrx_word' id='word_1_325' title='bbox 1862 3550 1956 3613; x_wconf 85' lang='lat' dir='ltr'>iustis</span> <span class='ocrx_word' id='word_1_326' title='bbox 1981 3550 2161 3616; x_wconf 90' lang='lat' dir='ltr'>heredibus</span> <span class='ocrx_word' id='word_1_327' title='bbox 2184 3571 2246 3634; x_wconf 90' lang='lat' dir='ltr'>pro</span> <span class='ocrx_word' id='word_1_328' title='bbox 2271 3553 2471 3635; x_wconf 82' lang='lat' dir='ltr'>septuaginta</span> 
     </span>
     <span class='ocr_line' id='line_1_29' title="bbox 451 3656 2470 3740; baseline -0.002 -16"><span class='ocrx_word' id='word_1_329' title='bbox 451 3661 570 3724; x_wconf 84' lang='lat' dir='ltr'>marcis</span> <span class='ocrx_word' id='word_1_330' title='bbox 587 3659 779 3723; x_wconf 87' lang='lat' dir='ltr'>Bremcnsis</span> <span class='ocrx_word' id='word_1_331' title='bbox 804 3658 931 3740; x_wconf 83' lang='lat' dir='ltr'>argenti</span> <span class='ocrx_word' id='word_1_332' title='bbox 954 3658 1053 3722; x_wconf 91' lang='lat' dir='ltr'>titulo</span> <span class='ocrx_word' id='word_1_333' title='bbox 1076 3657 1222 3740; x_wconf 89' lang='lat' dir='ltr'>pignoris</span> <span class='ocrx_word' id='word_1_334' title='bbox 1232 3657 1258 3739; x_wconf 80' lang='lat'>2)</span> <span class='ocrx_word' id='word_1_335' title='bbox 1282 3657 1499 3738; x_wconf 88' lang='lat' dir='ltr'>obligavimus</span> <span class='ocrx_word' id='word_1_336' title='bbox 1523 3659 1593 3719; x_wconf 92' lang='lat' dir='ltr'>lam</span> <span class='ocrx_word' id='word_1_337' title='bbox 1617 3656 1673 3721; x_wconf 90' lang='lat' dir='ltr'>diu</span> <span class='ocrx_word' id='word_1_338' title='bbox 1697 3657 1853 3736; x_wconf 90' lang='lat' dir='ltr'>tenenda,</span> <span class='ocrx_word' id='word_1_339' title='bbox 1877 3657 1983 3720; x_wconf 94' lang='lat' dir='ltr'>donec</span> <span class='ocrx_word' id='word_1_340' title='bbox 2000 3677 2059 3720; x_wconf 92' lang='lat' dir='ltr'>nos</span> <span class='ocrx_word' id='word_1_341' title='bbox 2077 3658 2130 3721; x_wconf 91' lang='lat' dir='ltr'>vel</span> <span class='ocrx_word' id='word_1_342' title='bbox 2146 3657 2252 3722; x_wconf 89' lang='lat' dir='ltr'>nostri</span> <span class='ocrx_word' id='word_1_343' title='bbox 2268 3677 2470 3721; x_wconf 77' lang='lat' dir='ltr'>successores</span> 
     </span>
     <span class='ocr_line' id='line_1_30' title="bbox 452 3762 2468 3846; baseline -0.002 -16"><span class='ocrx_word' id='word_1_344' title='bbox 452 3767 653 3831; x_wconf 89' lang='lat' dir='ltr'>redimamus</span> <span class='ocrx_word' id='word_1_345' title='bbox 685 3766 726 3830; x_wconf 91' lang='lat' dir='ltr'>ab</span> <span class='ocrx_word' id='word_1_346' title='bbox 759 3765 842 3846; x_wconf 87' lang='lat' dir='ltr'>ipsis</span> <span class='ocrx_word' id='word_1_347' title='bbox 873 3784 935 3846; x_wconf 89' lang='lat' dir='ltr'>pro</span> <span class='ocrx_word' id='word_1_348' title='bbox 965 3765 1081 3829; x_wconf 89' lang='lat' dir='ltr'>eadem</span> <span class='ocrx_word' id='word_1_349' title='bbox 1109 3765 1249 3846; x_wconf 89' lang='lat' dir='ltr'>pecunie</span> <span class='ocrx_word' id='word_1_350' title='bbox 1281 3763 1478 3845; x_wconf 88' lang='lat' dir='ltr'>quantitate.</span> <span class='ocrx_word' id='word_1_351' title='bbox 1526 3762 1709 3826; x_wconf 89' lang='lat' dir='ltr'>Possumus</span> <span class='ocrx_word' id='word_1_352' title='bbox 1745 3762 1832 3826; x_wconf 92' lang='lat' dir='ltr'>enim</span> <span class='ocrx_word' id='word_1_353' title='bbox 1868 3763 1985 3827; x_wconf 90' lang='lat' dir='ltr'>eadem</span> <span class='ocrx_word' id='word_1_354' title='bbox 2019 3764 2107 3828; x_wconf 89' lang='lat' dir='ltr'>bona</span> <span class='ocrx_word' id='word_1_355' title='bbox 2141 3763 2304 3828; x_wconf 88' lang='lat' dir='ltr'>redimere</span> <span class='ocrx_word' id='word_1_356' title='bbox 2339 3763 2468 3846; x_wconf 76' lang='lat' dir='ltr'>singulis</span> 
     </span>
     <span class='ocr_line' id='line_1_31' title="bbox 452 3868 2468 3935; baseline -0.002 -2"><span class='ocrx_word' id='word_1_357' title='bbox 452 3872 547 3934; x_wconf 76' lang='lat' dir='ltr'>arinis</span> <span class='ocrx_word' id='word_1_358' title='bbox 576 3871 662 3935; x_wconf 90' lang='lat' dir='ltr'>inter</span> <span class='ocrx_word' id='word_1_359' title='bbox 691 3871 896 3935; x_wconf 89' lang='lat' dir='ltr'>nativitatem</span> <span class='ocrx_word' id='word_1_360' title='bbox 920 3869 1053 3934; x_wconf 88' lang='lat' dir='ltr'>Domini</span> <span class='ocrx_word' id='word_1_361' title='bbox 1078 3872 1111 3933; x_wconf 91' lang='lat' dir='ltr'>et</span> <span class='ocrx_word' id='word_1_362' title='bbox 1135 3869 1254 3934; x_wconf 84' lang='lat' dir='ltr'>testum</span> <span class='ocrx_word' id='word_1_363' title='bbox 1279 3869 1529 3933; x_wconf 87' lang='lat' dir='ltr'>Penthecostes.</span> <span class='ocrx_word' id='word_1_364' title='bbox 1579 3868 1759 3931; x_wconf 90' lang='lat' dir='ltr'>Habebunt</span> <span class='ocrx_word' id='word_1_365' title='bbox 1790 3868 1893 3932; x_wconf 90' lang='lat' dir='ltr'>eciam</span> <span class='ocrx_word' id='word_1_366' title='bbox 1924 3869 2013 3933; x_wconf 91' lang='lat' dir='ltr'>idem</span> <span class='ocrx_word' id='word_1_367' title='bbox 2044 3869 2241 3933; x_wconf 88' lang='lat' dir='ltr'>Lodewicus</span> <span class='ocrx_word' id='word_1_368' title='bbox 2270 3874 2304 3934; x_wconf 90' lang='lat' dir='ltr'>et</span> <span class='ocrx_word' id='word_1_369' title='bbox 2333 3869 2468 3932; x_wconf 73' lang='lat' dir='ltr'>heredes</span> 
     </span>
     <span class='ocr_line' id='line_1_32' title="bbox 452 3974 2466 4058; baseline -0.002 -18"><span class='ocrx_word' id='word_1_370' title='bbox 452 3976 503 4040; x_wconf 90' lang='lat' dir='ltr'>sui</span> <span class='ocrx_word' id='word_1_371' title='bbox 532 3977 671 4042; x_wconf 90' lang='lat' dir='ltr'>liberam</span> <span class='ocrx_word' id='word_1_372' title='bbox 699 3977 891 4042; x_wconf 90' lang='lat' dir='ltr'>facultatem</span> <span class='ocrx_word' id='word_1_373' title='bbox 922 3977 995 4042; x_wconf 90' lang='lat' dir='ltr'>aliis</span> <span class='ocrx_word' id='word_1_374' title='bbox 1018 3975 1187 4058; x_wconf 84' lang='lat' dir='ltr'>obligandi</span> <span class='ocrx_word' id='word_1_375' title='bbox 1210 3975 1300 4039; x_wconf 90' lang='lat' dir='ltr'>bona</span> <span class='ocrx_word' id='word_1_376' title='bbox 1323 3974 1471 4056; x_wconf 88' lang='lat' dir='ltr'>predicta</span> <span class='ocrx_word' id='word_1_377' title='bbox 1499 3994 1560 4056; x_wconf 90' lang='lat' dir='ltr'>pro</span> <span class='ocrx_word' id='word_1_378' title='bbox 1585 3974 1724 4056; x_wconf 90' lang='lat' dir='ltr'>pecunie</span> <span class='ocrx_word' id='word_1_379' title='bbox 1748 3974 1936 4056; x_wconf 89' lang='lat' dir='ltr'>quantitate</span> <span class='ocrx_word' id='word_1_380' title='bbox 1959 3976 2114 4057; x_wconf 89' lang='lat' dir='ltr'>superius</span> <span class='ocrx_word' id='word_1_381' title='bbox 2138 3979 2329 4039; x_wconf 87' lang='lat' dir='ltr'>memorata.</span> <span class='ocrx_word' id='word_1_382' title='bbox 2377 3975 2466 4052; x_wconf 86' lang='lat' dir='ltr'>Quod</span> 
     </span>
     <span class='ocr_line' id='line_1_33' title="bbox 451 4079 2466 4165; baseline -0.003 -18"><span class='ocrx_word' id='word_1_383' title='bbox 451 4084 574 4147; x_wconf 86' lang='lat' dir='ltr'>factum</span> <span class='ocrx_word' id='word_1_384' title='bbox 599 4088 649 4147; x_wconf 88' lang='lat' dir='ltr'>est</span> <span class='ocrx_word' id='word_1_385' title='bbox 672 4103 838 4146; x_wconf 91' lang='lat' dir='ltr'>consensu</span> <span class='ocrx_word' id='word_1_386' title='bbox 863 4081 968 4148; x_wconf 89' lang='lat' dir='ltr'>nostri</span> <span class='ocrx_word' id='word_1_387' title='bbox 993 4081 1129 4164; x_wconf 91' lang='lat' dir='ltr'>capituli</span> <span class='ocrx_word' id='word_1_388' title='bbox 1153 4083 1341 4160; x_wconf 90' lang='lat' dir='ltr'>accedente,</span> <span class='ocrx_word' id='word_1_389' title='bbox 1366 4079 1457 4144; x_wconf 91' lang='lat' dir='ltr'>etin</span> <span class='ocrx_word' id='word_1_390' title='bbox 1481 4080 1710 4144; x_wconf 86' lang='lat' dir='ltr'>testimonium</span> <span class='ocrx_word' id='word_1_391' title='bbox 1733 4080 1832 4144; x_wconf 89' lang='lat' dir='ltr'>huius</span> <span class='ocrx_word' id='word_1_392' title='bbox 1857 4084 2006 4145; x_wconf 85' lang='lat' dir='ltr'>nostrum</span> <span class='ocrx_word' id='word_1_393' title='bbox 2031 4085 2065 4146; x_wconf 88' lang='lat' dir='ltr'>et</span> <span class='ocrx_word' id='word_1_394' title='bbox 2088 4081 2193 4164; x_wconf 89' lang='lat' dir='ltr'>ipsius</span> <span class='ocrx_word' id='word_1_395' title='bbox 2215 4081 2350 4165; x_wconf 90' lang='lat' dir='ltr'>capituli</span> <span class='ocrx_word' id='word_1_396' title='bbox 2368 4079 2466 4162; x_wconf 85' lang='lat' dir='ltr'>sigilla</span> 
     </span>
     <span class='ocr_line' id='line_1_34' title="bbox 451 4185 2360 4272; baseline -0.002 -21"><span class='ocrx_word' id='word_1_397' title='bbox 451 4189 662 4271; x_wconf 85' lang='lat' dir='ltr'>presentibus</span> <span class='ocrx_word' id='word_1_398' title='bbox 687 4192 765 4253; x_wconf 90' lang='lat' dir='ltr'>suut</span> <span class='ocrx_word' id='word_1_399' title='bbox 788 4209 946 4272; x_wconf 89' lang='lat' dir='ltr'>appensa.</span> <span class='ocrx_word' id='word_1_400' title='bbox 994 4189 1116 4252; x_wconf 88' lang='lat' dir='ltr'>Datum</span> <span class='ocrx_word' id='word_1_401' title='bbox 1139 4207 1227 4252; x_wconf 91' lang='lat' dir='ltr'>anno</span> <span class='ocrx_word' id='word_1_402' title='bbox 1253 4187 1383 4251; x_wconf 92' lang='lat' dir='ltr'>Domini</span> <span class='ocrx_word' id='word_1_403' title='bbox 1407 4185 1642 4266; x_wconf 88' lang='lat' dir='ltr'>M.CC.XClX.,</span> <span class='ocrx_word' id='word_1_404' title='bbox 1667 4186 1750 4251; x_wconf 89' lang='lat' dir='ltr'>feria</span> <span class='ocrx_word' id='word_1_405' title='bbox 1773 4187 1890 4270; x_wconf 90' lang='lat' dir='ltr'>quinta</span> <span class='ocrx_word' id='word_1_406' title='bbox 1913 4191 1990 4270; x_wconf 91' lang='lat' dir='ltr'>post</span> <span class='ocrx_word' id='word_1_407' title='bbox 2013 4187 2213 4252; x_wconf 90' lang='lat' dir='ltr'>dominicam</span> <span class='ocrx_word' id='word_1_408' title='bbox 2236 4186 2360 4251; x_wconf 87' lang='lat' dir='ltr'>ludica.</span> 
     </span>
    </p>
   </div>
   <div class='ocr_carea' id='block_1_8' title="bbox 666 4309 1169 4381">
    <p class='ocr_par' dir='ltr' id='par_1_8' title="bbox 666 4309 1169 4381">
     <span class='ocr_line' id='line_1_35' title="bbox 666 4309 1169 4381; baseline 0.002 -18"><span class='ocrx_word' id='word_1_409' title='bbox 666 4315 687 4378; x_wconf 84' lang='lat'>¹)</span> <span class='ocrx_word' id='word_1_410' title='bbox 708 4311 864 4365; x_wconf 88' lang='lat' dir='ltr'>Ludowicus</span> <span class='ocrx_word' id='word_1_411' title='bbox 884 4312 917 4366; x_wconf 82' lang='grc' dir='ltr'>Α,</span> <span class='ocrx_word' id='word_1_412' title='bbox 956 4311 978 4381; x_wconf 76' lang='lat'>²)</span> <span class='ocrx_word' id='word_1_413' title='bbox 998 4313 1116 4380; x_wconf 85' lang='lat' dir='ltr'>pignoris</span> <span class='ocrx_word' id='word_1_414' title='bbox 1138 4309 1169 4364; x_wconf 72' lang='lat' dir='ltr'>A.</span> 
     </span>
    </p>
   </div>
   <div class='ocr_carea' id='block_1_9' title="bbox 589 4413 2465 4714">
    <p class='ocr_par' dir='ltr' id='par_1_9' title="bbox 589 4413 2465 4714">
     <span class='ocr_line' id='line_1_36' title="bbox 589 4413 2464 4501; baseline -0.002 -23"><span class='ocrx_word' id='word_1_415' title='bbox 589 4417 756 4501; x_wconf 75' lang='lat' dir='ltr'>Abachrv&#39;ft</span> <span class='ocrx_word' id='word_1_416' title='bbox 778 4419 830 4482; x_wconf 80' lang='lat' dir='ltr'>dea</span> <span class='ocrx_word' id='word_1_417' title='bbox 856 4418 906 4481; x_wconf 82' lang='grc'>11.</span> <span class='ocrx_word' id='word_1_418' title='bbox 930 4417 1043 4482; x_wconf 78' lang='lat' dir='ltr'>Jatrt.</span> <span class='ocrx_word' id='word_1_419' title='bbox 1075 4420 1108 4480; x_wconf 82' lang='lat' dir='ltr'>c&#39;n</span> <span class='ocrx_word' id='word_1_420' title='bbox 1131 4417 1206 4482; x_wconf 78' lang='lat' dir='ltr'>blec.</span> <span class='ocrx_word' id='word_1_421' title='bbox 1239 4413 1309 4494; x_wconf 89' lang='lat' dir='ltr'>VII,</span> <span class='ocrx_word' id='word_1_422' title='bbox 1333 4415 1430 4492; x_wconf 72' lang='lat'><em>2401,</em></span> <span class='ocrx_word' id='word_1_423' title='bbox 1458 4414 1491 4480; x_wconf 79' lang='lat' dir='ltr'>S.</span> <span class='ocrx_word' id='word_1_424' title='bbox 1515 4414 1558 4476; x_wconf 76' lang='lat'>25</span> <span class='ocrx_word' id='word_1_425' title='bbox 1589 4419 1633 4478; x_wconf 83' lang='lat' dir='ltr'>im</span> <span class='ocrx_word' id='word_1_426' title='bbox 1656 4415 1727 4500; x_wconf 67' lang='lat' dir='ltr'>th.</span> <span class='ocrx_word' id='word_1_427' title='bbox 1754 4414 1856 4482; x_wconf 78' lang='lat' dir='ltr'>sr-A.</span> <span class='ocrx_word' id='word_1_428' title='bbox 1881 4439 1920 4480; x_wconf 80' lang='lat' dir='ltr'>zu</span> <span class='ocrx_word' id='word_1_429' title='bbox 1942 4417 2082 4481; x_wconf 70' lang='lat' dir='ltr'>Meirwter</span> <span class='ocrx_word' id='word_1_430' title='bbox 2107 4418 2176 4498; x_wconf 84' lang='lat' dir='ltr'><strong><em>(A).</em></strong></span> <span class='ocrx_word' id='word_1_431' title='bbox 2223 4415 2317 4482; x_wconf 68' lang='grc' dir='ltr'><em>θεάν.</em></span> <span class='ocrx_word' id='word_1_432' title='bbox 2350 4413 2464 4475; x_wconf 68' lang='lat' dir='ltr'>iiiirrir-</span> 
     </span>
     <span class='ocr_line' id='line_1_37' title="bbox 664 4518 2465 4626; baseline -0.005 -40"><span class='ocrx_word' id='word_1_433' title='bbox 664 4527 750 4601; x_wconf 73' lang='lat' dir='ltr'>scrin,</span> <span class='ocrx_word' id='word_1_434' title='bbox 783 4522 871 4586; x_wconf 78' lang='lat' dir='ltr'>Nom</span> <span class='ocrx_word' id='word_1_435' title='bbox 894 4523 979 4587; x_wconf 81' lang='lat' dir='ltr'>suba.</span> <span class='ocrx_word' id='word_1_436' title='bbox 1005 4520 1065 4600; x_wconf 89' lang='lat' dir='ltr'>IX,</span> <span class='ocrx_word' id='word_1_437' title='bbox 1096 4522 1130 4587; x_wconf 79' lang='lat' dir='ltr'>S.</span> <span class='ocrx_word' id='word_1_438' title='bbox 1160 4521 1230 4588; x_wconf 82' lang='lat'>100,</span> <span class='ocrx_word' id='word_1_439' title='bbox 1278 4521 1391 4607; x_wconf 75' lang='lat' dir='ltr'>Repeet</span> <span class='ocrx_word' id='word_1_440' title='bbox 1413 4521 1489 4586; x_wconf 81' lang='lat' dir='ltr'>Mac.</span> <span class='ocrx_word' id='word_1_441' title='bbox 1517 4519 1564 4598; x_wconf 87' lang='lat' dir='ltr'>II,</span> <span class='ocrx_word' id='word_1_442' title='bbox 1592 4518 1692 4599; x_wconf 87' lang='grc' dir='ltr'><strong><em>189α,</em></strong></span> <span class='ocrx_word' id='word_1_443' title='bbox 1720 4519 1779 4585; x_wconf 83' lang='lat' dir='ltr'>Nr.</span> <span class='ocrx_word' id='word_1_444' title='bbox 1803 4519 1879 4597; x_wconf 82' lang='lat'>936,</span> <span class='ocrx_word' id='word_1_445' title='bbox 1924 4520 2149 4626; x_wconf 65' lang='lat' dir='ltr'>Wippemmnn,</span> <span class='ocrx_word' id='word_1_446' title='bbox 2184 4521 2280 4607; x_wconf 73' lang='lat' dir='ltr'>chy.</span> <span class='ocrx_word' id='word_1_447' title='bbox 2309 4519 2465 4584; x_wconf 76' lang='lat' dir='ltr'>Scharrnrh.</span> 
     </span>
     <span class='ocr_line' id='line_1_38' title="bbox 665 4625 2288 4714; baseline -0.001 -21"><span class='ocrx_word' id='word_1_448' title='bbox 665 4627 699 4693; x_wconf 84' lang='lat' dir='ltr'>S.</span> <span class='ocrx_word' id='word_1_449' title='bbox 723 4628 789 4693; x_wconf 77' lang='lat'>279</span> <span class='ocrx_word' id='word_1_450' title='bbox 812 4627 871 4694; x_wconf 89' lang='lat' dir='ltr'>Nr.</span> <span class='ocrx_word' id='word_1_451' title='bbox 895 4628 971 4692; x_wconf 76' lang='lat'><em>578.</em></span> <span class='ocrx_word' id='word_1_452' title='bbox 1017 4628 1079 4694; x_wconf 84' lang='lat' dir='ltr'>Die</span> <span class='ocrx_word' id='word_1_453' title='bbox 1107 4633 1179 4693; x_wconf 80' lang='lat' dir='ltr'>Orte</span> <span class='ocrx_word' id='word_1_454' title='bbox 1210 4625 1402 4713; x_wconf 72' lang='lat' dir='ltr'>Vorrrbayen,</span> <span class='ocrx_word' id='word_1_455' title='bbox 1426 4625 1641 4690; x_wconf 78' lang='lat' dir='ltr'>Habictlrorat</span> <span class='ocrx_word' id='word_1_456' title='bbox 1661 4628 1727 4690; x_wconf 82' lang='lat' dir='ltr'>und</span> <span class='ocrx_word' id='word_1_457' title='bbox 1750 4626 1918 4706; x_wconf 74' lang='lat' dir='ltr'>Hectorem,</span> <span class='ocrx_word' id='word_1_458' title='bbox 1943 4629 2003 4692; x_wconf 79' lang='lat' dir='ltr'>olle</span> <span class='ocrx_word' id='word_1_459' title='bbox 2028 4629 2064 4691; x_wconf 84' lang='lat'>0.</span> <span class='ocrx_word' id='word_1_460' title='bbox 2088 4625 2288 4714; x_wconf 73' lang='lat' dir='ltr'>Stadtdoqen.</span> 
     </span>
    </p>
   </div>
   <div class='ocr_carea' id='block_1_10' title="bbox 1409 4859 1519 4936">
    <p class='ocr_par' dir='ltr' id='par_1_10' title="bbox 1409 4683 2536 4936">
     <span class='ocr_line' id='line_1_39' title="bbox 1409 4859 1519 4936; baseline -0.001 -1"><span class='ocrx_word' id='word_1_461' title='bbox 1409 4859 1519 4936; x_wconf 83' lang='lat'><strong>1628.</strong></span> 
     </span>
    </p>
   </div>
   <div class='ocr_carea' id='block_1_11' title="bbox 447 4983 2535 5222">
    <p class='ocr_par' dir='ltr' id='par_1_11' title="bbox 447 4983 2535 5222">
     <span class='ocr_line' id='line_1_40' title="bbox 447 4983 2458 5076; baseline -0.002 -16"><span class='ocrx_word' id='word_1_462' title='bbox 447 4987 563 5061; x_wconf 82' lang='lat' dir='ltr'>Ritter</span> <span class='ocrx_word' id='word_1_463' title='bbox 583 4987 765 5059; x_wconf 82' lang='lat' dir='ltr'>Friedrich</span> <span class='ocrx_word' id='word_1_464' title='bbox 793 5011 857 5059; x_wconf 80' lang='lat' dir='ltr'>oon</span> <span class='ocrx_word' id='word_1_465' title='bbox 875 4988 1031 5076; x_wconf 75' lang='lat' dir='ltr'>Rosciorl</span> <span class='ocrx_word' id='word_1_466' title='bbox 1056 4985 1213 5074; x_wconf 68' lang='lat' dir='ltr'>certauit</span> <span class='ocrx_word' id='word_1_467' title='bbox 1239 4988 1300 5057; x_wconf 82' lang='lat' dir='ltr'>mit</span> <span class='ocrx_word' id='word_1_468' title='bbox 1318 4987 1557 5075; x_wconf 72' lang='lat' dir='ltr'>Zustinrnruop</span> <span class='ocrx_word' id='word_1_469' title='bbox 1579 4987 1688 5059; x_wconf 77' lang='lat' dir='ltr'>scices</span> <span class='ocrx_word' id='word_1_470' title='bbox 1707 4987 1866 5058; x_wconf 82' lang='lat' dir='ltr'>Brudcrc</span> <span class='ocrx_word' id='word_1_471' title='bbox 1886 4985 2026 5076; x_wconf 78' lang='lat' dir='ltr'>Dudolf,</span> <span class='ocrx_word' id='word_1_472' title='bbox 2055 4983 2215 5074; x_wconf 76' lang='lat' dir='ltr'>Bisctoss</span> <span class='ocrx_word' id='word_1_473' title='bbox 2233 5009 2296 5057; x_wconf 81' lang='lat' dir='ltr'>von</span> <span class='ocrx_word' id='word_1_474' title='bbox 2314 4983 2458 5056; x_wconf 71' lang='lat' dir='ltr'>Mirator.</span> 
     </span>
     <span class='ocr_line' id='line_1_41' title="bbox 616 5091 2535 5222; baseline -0.001 -59"><span class='ocrx_word' id='word_1_475' title='bbox 616 5093 687 5164; x_wconf 81' lang='lat' dir='ltr'>und</span> <span class='ocrx_word' id='word_1_476' title='bbox 714 5095 862 5165; x_wconf 70' lang='lat' dir='ltr'>(crederer</span> <span class='ocrx_word' id='word_1_477' title='bbox 896 5093 1122 5164; x_wconf 82' lang='lat' dir='ltr'>Verrcondten</span> <span class='ocrx_word' id='word_1_478' title='bbox 1149 5094 1225 5163; x_wconf 77' lang='lat' dir='ltr'>clera</span> <span class='ocrx_word' id='word_1_479' title='bbox 1253 5091 1312 5166; x_wconf 87' lang='lat' dir='ltr'>Kt</span> <span class='ocrx_word' id='word_1_480' title='bbox 1340 5093 1460 5163; x_wconf 73' lang='lat' dir='ltr'>Steiria</span> <span class='ocrx_word' id='word_1_481' title='bbox 1487 5093 1562 5164; x_wconf 81' lang='lat' dir='ltr'>eine</span> <span class='ocrx_word' id='word_1_482' title='bbox 1589 5092 1689 5181; x_wconf 77' lang='lat' dir='ltr'>Hosc</span> <span class='ocrx_word' id='word_1_483' title='bbox 1715 5095 1752 5164; x_wconf 84' lang='lat' dir='ltr'>in</span> <span class='ocrx_word' id='word_1_484' title='bbox 1780 5094 1972 5168; x_wconf 78' lang='lat' dir='ltr'>Bovendca.</span> <span class='ocrx_word' id='word_1_485' title='bbox 2028 5091 2128 5166; x_wconf 79' lang='lat'><em>1299</em></span> <span class='ocrx_word' id='word_1_486' title='bbox 2158 5093 2240 5164; x_wconf 84' lang='lat' dir='ltr'>Mai</span> <span class='ocrx_word' id='word_1_487' title='bbox 2268 5091 2300 5163; x_wconf 90' lang='lat'>1.</span> <span class='ocrx_word' id='word_1_488' title='bbox 2534 5155 2535 5222; x_wconf 72' lang='lat'>,</span> 
     </span>
    </p>
   </div>
   <div class='ocr_carea' id='block_1_12' title="bbox 583 5224 2535 5420">
    <p class='ocr_par' dir='ltr' id='par_1_12' title="bbox 583 5224 2535 5420">
     <span class='ocr_line' id='line_1_42' title="bbox 583 5224 2535 5312; baseline -0.005 -21"><span class='ocrx_word' id='word_1_489' title='bbox 583 5228 744 5305; x_wconf 66' lang='lat' dir='ltr'>Absetnfr</span> <span class='ocrx_word' id='word_1_490' title='bbox 777 5230 829 5293; x_wconf 85' lang='lat' dir='ltr'>dea</span> <span class='ocrx_word' id='word_1_491' title='bbox 865 5226 915 5294; x_wconf 79' lang='lat'>16.</span> <span class='ocrx_word' id='word_1_492' title='bbox 950 5228 1065 5292; x_wconf 79' lang='lat' dir='ltr'>Jatrt.</span> <span class='ocrx_word' id='word_1_493' title='bbox 1103 5232 1136 5292; x_wconf 84' lang='lat' dir='ltr'>in</span> <span class='ocrx_word' id='word_1_494' title='bbox 1173 5229 1248 5293; x_wconf 68' lang='lat' dir='ltr'>illac.</span> <span class='ocrx_word' id='word_1_495' title='bbox 1284 5225 1346 5305; x_wconf 90' lang='lat' dir='ltr'>III,</span> <span class='ocrx_word' id='word_1_496' title='bbox 1383 5227 1457 5306; x_wconf 81' lang='grc'><strong><em>195,</em></strong></span> <span class='ocrx_word' id='word_1_497' title='bbox 1492 5229 1545 5308; x_wconf 71' lang='lat' dir='ltr'>sol.</span> <span class='ocrx_word' id='word_1_498' title='bbox 1571 5227 1612 5291; x_wconf 90' lang='lat'>11</span> <span class='ocrx_word' id='word_1_499' title='bbox 1620 5253 1637 5291; x_wconf 85' lang='lat' dir='ltr'><em>v</em></span> <span class='ocrx_word' id='word_1_500' title='bbox 1675 5231 1718 5291; x_wconf 82' lang='lat' dir='ltr'>im</span> <span class='ocrx_word' id='word_1_501' title='bbox 1752 5226 1826 5312; x_wconf 72' lang='lat' dir='ltr'>qu.</span> <span class='ocrx_word' id='word_1_502' title='bbox 1865 5226 1968 5294; x_wconf 72' lang='lat' dir='ltr'>sc-A.</span> <span class='ocrx_word' id='word_1_503' title='bbox 2008 5250 2047 5290; x_wconf 81' lang='lat' dir='ltr'>zu</span> <span class='ocrx_word' id='word_1_504' title='bbox 2081 5225 2258 5292; x_wconf 83' lang='lat' dir='ltr'>Hanaooer.</span> <span class='ocrx_word' id='word_1_505' title='bbox 2307 5224 2452 5289; x_wconf 71' lang='lat' dir='ltr'>Bouenden</span> <span class='ocrx_word' id='word_1_506' title='bbox 2534 5233 2535 5294; x_wconf 64' lang='lat' dir='ltr'>l</span> 
     </span>
     <span class='ocr_line' id='line_1_43' title="bbox 662 5333 916 5420; baseline 0.008 -24"><span class='ocrx_word' id='word_1_507' title='bbox 662 5335 719 5400; x_wconf 87' lang='lat' dir='ltr'>Kr.</span> <span class='ocrx_word' id='word_1_508' title='bbox 745 5333 916 5420; x_wconf 69' lang='lat' dir='ltr'>Gdttinqen.</span> 
     </span>
    </p>
   </div>
   <div class='ocr_carea' id='block_1_13' title="bbox 0 0 2560 6768">
    <p class='ocr_par' dir='ltr' id='par_1_13' title="bbox 0 0 2560 6768">
     <span class='ocr_line' id='line_1_44' title="bbox 0 0 2560 6768; baseline 0 2"><span class='ocrx_word' id='word_1_509' title='bbox 0 0 2560 6768; x_wconf 95' lang='lat' dir='ltr'> </span> 
     </span>
    </p>
   </div>
  </div>
 </body>
</html>
