<?xml version="1.0" encoding="UTF-8"?>
<!DOCTYPE html PUBLIC "-//W3C//DTD XHTML 1.0 Transitional//EN"
    "http://www.w3.org/TR/xhtml1/DTD/xhtml1-transitional.dtd">
<html xmlns="http://www.w3.org/1999/xhtml" xml:lang="en" lang="en">
 <head>
  <title>
</title>
<meta http-equiv="Content-Type" content="text/html;charset=utf-8" />
  <meta name='ocr-system' content='tesseract 3.04.00' />
  <meta name='ocr-capabilities' content='ocr_page ocr_carea ocr_par ocr_line ocrx_word'/>
</head>
<body>
  <div class='ocr_page' id='page_1' title='image "./westflischesurk00westgoog_0544.png"; bbox 0 0 5022 6778; ppageno 0'>
   <div class='ocr_carea' id='block_1_1' title="bbox 1020 373 2076 438">
    <p class='ocr_par' dir='ltr' id='par_1_1' title="bbox 1020 373 2076 438">
     <span class='ocr_line' id='line_1_1' title="bbox 1020 373 2076 438; baseline 0.002 -2"><span class='ocrx_word' id='word_1_1' title='bbox 1020 382 1087 438; x_wconf 83' lang='lat'><strong>1300</strong></span> <span class='ocrx_word' id='word_1_2' title='bbox 2011 373 2076 438; x_wconf 68' lang='lat'>527</span> 
     </span>
    </p>
   </div>
   <div class='ocr_carea' id='block_1_2' title="bbox 52 575 2078 983">
    <p class='ocr_par' dir='ltr' id='par_1_2' title="bbox 52 575 2078 983">
     <span class='ocr_line' id='line_1_2' title="bbox 53 575 2076 664; baseline 0 -17"><span class='ocrx_word' id='word_1_3' title='bbox 53 603 92 647; x_wconf 95' lang='lat' dir='ltr'>ne</span> <span class='ocrx_word' id='word_1_4' title='bbox 122 580 246 646; x_wconf 93' lang='lat' dir='ltr'>nostris</span> <span class='ocrx_word' id='word_1_5' title='bbox 273 577 480 662; x_wconf 84' lang='lat' dir='ltr'>temporibus</span> <span class='ocrx_word' id='word_1_6' title='bbox 512 575 586 642; x_wconf 86' lang='lat' dir='ltr'>iura</span> <span class='ocrx_word' id='word_1_7' title='bbox 614 575 861 658; x_wconf 83' lang='lat' dir='ltr'>prebendarum</span> <span class='ocrx_word' id='word_1_8' title='bbox 891 579 1033 661; x_wconf 90' lang='lat' dir='ltr'>pereant</span> <span class='ocrx_word' id='word_1_9' title='bbox 1056 595 1075 642; x_wconf 87' lang='lat' dir='ltr'>a</span> <span class='ocrx_word' id='word_1_10' title='bbox 1099 578 1222 644; x_wconf 88' lang='lat' dir='ltr'>nostris</span> <span class='ocrx_word' id='word_1_11' title='bbox 1247 579 1537 662; x_wconf 82' lang='lat' dir='ltr'>predecessoribus</span> <span class='ocrx_word' id='word_1_12' title='bbox 1565 579 1739 663; x_wconf 90' lang='lat' dir='ltr'>hucusque</span> <span class='ocrx_word' id='word_1_13' title='bbox 1763 581 1906 664; x_wconf 79' lang='lat' dir='ltr'>gloriose</span> <span class='ocrx_word' id='word_1_14' title='bbox 1929 583 2076 650; x_wconf 87' lang='lat' dir='ltr'>defense.</span> 
     </span>
     <span class='ocr_line' id='line_1_3' title="bbox 53 681 2078 769; baseline 0 -16"><span class='ocrx_word' id='word_1_15' title='bbox 53 689 91 753; x_wconf 88' lang='lat' dir='ltr'>Et</span> <span class='ocrx_word' id='word_1_16' title='bbox 117 706 179 752; x_wconf 90' lang='lat' dir='ltr'>nos</span> <span class='ocrx_word' id='word_1_17' title='bbox 208 685 368 751; x_wconf 83' lang='lat' dir='ltr'>Ludolfus</span> <span class='ocrx_word' id='word_1_18' title='bbox 397 683 457 748; x_wconf 93' lang='lat' dir='ltr'>Dei</span> <span class='ocrx_word' id='word_1_19' title='bbox 485 682 588 766; x_wconf 85' lang='lat' dir='ltr'>gratia</span> <span class='ocrx_word' id='word_1_20' title='bbox 616 681 800 747; x_wconf 89' lang='lat' dir='ltr'>Mindensis</span> <span class='ocrx_word' id='word_1_21' title='bbox 835 684 973 750; x_wconf 82' lang='lat' dir='ltr'>ecclesie</span> <span class='ocrx_word' id='word_1_22' title='bbox 1003 685 1180 768; x_wconf 86' lang='lat' dir='ltr'>episcopus</span> <span class='ocrx_word' id='word_1_23' title='bbox 1203 685 1402 750; x_wconf 85' lang='lat' dir='ltr'>mandamus</span> <span class='ocrx_word' id='word_1_24' title='bbox 1436 685 1499 750; x_wconf 92' lang='lat' dir='ltr'>sub</span> <span class='ocrx_word' id='word_1_25' title='bbox 1523 705 1611 769; x_wconf 85' lang='lat' dir='ltr'>pena</span> <span class='ocrx_word' id='word_1_26' title='bbox 1633 687 1986 754; x_wconf 84' lang='lat' dir='ltr'>excommunicationis</span> <span class='ocrx_word' id='word_1_27' title='bbox 2009 689 2078 754; x_wconf 86' lang='lat' dir='ltr'>late</span> 
     </span>
     <span class='ocr_line' id='line_1_4' title="bbox 52 788 2077 878; baseline 0.001 -20"><span class='ocrx_word' id='word_1_28' title='bbox 52 793 213 858; x_wconf 81' lang='lat' dir='ltr'>sententie</span> <span class='ocrx_word' id='word_1_29' title='bbox 247 791 282 856; x_wconf 93' lang='lat' dir='ltr'>in</span> <span class='ocrx_word' id='word_1_30' title='bbox 305 790 368 854; x_wconf 90' lang='lat' dir='ltr'>hiis</span> <span class='ocrx_word' id='word_1_31' title='bbox 392 789 524 874; x_wconf 88' lang='lat' dir='ltr'>seriptis</span> <span class='ocrx_word' id='word_1_32' title='bbox 548 789 583 854; x_wconf 92' lang='lat' dir='ltr'>in</span> <span class='ocrx_word' id='word_1_33' title='bbox 605 788 699 854; x_wconf 90' lang='lat' dir='ltr'>illum</span> <span class='ocrx_word' id='word_1_34' title='bbox 723 789 775 853; x_wconf 85' lang='lat' dir='ltr'>vel</span> <span class='ocrx_word' id='word_1_35' title='bbox 800 788 887 871; x_wconf 92' lang='lat' dir='ltr'>illos,</span> <span class='ocrx_word' id='word_1_36' title='bbox 923 791 980 874; x_wconf 91' lang='lat' dir='ltr'>qui</span> <span class='ocrx_word' id='word_1_37' title='bbox 1009 792 1161 856; x_wconf 87' lang='lat' dir='ltr'>venerint</span> <span class='ocrx_word' id='word_1_38' title='bbox 1191 793 1306 856; x_wconf 87' lang='lat' dir='ltr'>contra</span> <span class='ocrx_word' id='word_1_39' title='bbox 1331 793 1500 856; x_wconf 88' lang='lat' dir='ltr'>decretum</span> <span class='ocrx_word' id='word_1_40' title='bbox 1523 795 1558 858; x_wconf 90' lang='lat' dir='ltr'>et</span> <span class='ocrx_word' id='word_1_41' title='bbox 1581 793 1808 858; x_wconf 89' lang='lat' dir='ltr'>iuramentum</span> <span class='ocrx_word' id='word_1_42' title='bbox 1830 794 2004 878; x_wconf 86' lang='lat' dir='ltr'>premissa,</span> <span class='ocrx_word' id='word_1_43' title='bbox 2040 797 2077 860; x_wconf 94' lang='lat' dir='ltr'>ut</span> 
     </span>
     <span class='ocr_line' id='line_1_5' title="bbox 52 895 2077 983; baseline 0 -17"><span class='ocrx_word' id='word_1_44' title='bbox 52 900 160 966; x_wconf 87' lang='lat' dir='ltr'>omnia</span> <span class='ocrx_word' id='word_1_45' title='bbox 195 896 435 964; x_wconf 88' lang='lat' dir='ltr'>inviolabiliter</span> <span class='ocrx_word' id='word_1_46' title='bbox 468 897 696 960; x_wconf 87' lang='lat' dir='ltr'>observentur.</span> <span class='ocrx_word' id='word_1_47' title='bbox 743 895 813 977; x_wconf 79' lang='lat' dir='ltr'>Ego</span> <span class='ocrx_word' id='word_1_48' title='bbox 844 895 1009 962; x_wconf 89' lang='lat' dir='ltr'>Geroldus</span> <span class='ocrx_word' id='word_1_49' title='bbox 1037 897 1143 962; x_wconf 83' lang='lat' dir='ltr'>iuravi</span> <span class='ocrx_word' id='word_1_50' title='bbox 1174 898 1208 962; x_wconf 93' lang='lat' dir='ltr'>et</span> <span class='ocrx_word' id='word_1_51' title='bbox 1238 897 1381 980; x_wconf 82' lang='lat' dir='ltr'>sigillum</span> <span class='ocrx_word' id='word_1_52' title='bbox 1413 917 1525 962; x_wconf 89' lang='lat' dir='ltr'>meum</span> <span class='ocrx_word' id='word_1_53' title='bbox 1555 898 1698 983; x_wconf 88' lang='lat' dir='ltr'>apposui</span> <span class='ocrx_word' id='word_1_54' title='bbox 1726 901 1787 964; x_wconf 86' lang='lat' dir='ltr'>etc.</span> <span class='ocrx_word' id='word_1_55' title='bbox 1834 901 1953 965; x_wconf 90' lang='lat' dir='ltr'>Datum</span> <span class='ocrx_word' id='word_1_56' title='bbox 1989 920 2077 967; x_wconf 86' lang='lat' dir='ltr'>anno</span> 
     </span>
    </p>
   </div>
   <div class='ocr_carea' id='block_1_3' title="bbox 53 1001 1324 1179">
    <p class='ocr_par' dir='ltr' id='par_1_3' title="bbox 53 1001 1324 1179">
     <span class='ocr_line' id='line_1_6' title="bbox 53 1001 949 1085; baseline -0.003 -15"><span class='ocrx_word' id='word_1_57' title='bbox 53 1005 181 1070; x_wconf 89' lang='lat' dir='ltr'>Domini</span> <span class='ocrx_word' id='word_1_58' title='bbox 204 1002 369 1083; x_wconf 60' lang='lat' dir='ltr'>Mouet,</span> <span class='ocrx_word' id='word_1_59' title='bbox 393 1002 474 1068; x_wconf 88' lang='lat' dir='ltr'>feria</span> <span class='ocrx_word' id='word_1_60' title='bbox 497 1002 645 1067; x_wconf 89' lang='lat' dir='ltr'>secunda</span> <span class='ocrx_word' id='word_1_61' title='bbox 667 1003 747 1085; x_wconf 89' lang='lat' dir='ltr'>post</span> <span class='ocrx_word' id='word_1_62' title='bbox 770 1001 949 1068; x_wconf 80' lang='lat' dir='ltr'>Invocavit</span> 
     </span>
     <span class='ocr_line' id='line_1_7' title="bbox 264 1104 1324 1179; baseline 0.002 -19"><span class='ocrx_word' id='word_1_63' title='bbox 264 1111 285 1175; x_wconf 84' lang='lat'>¹)</span> <span class='ocrx_word' id='word_1_64' title='bbox 303 1107 386 1179; x_wconf 88' lang='lat' dir='ltr'>Kop.:</span> <span class='ocrx_word' id='word_1_65' title='bbox 405 1107 663 1161; x_wconf 77' lang='lat' dir='ltr'>amministrationis.</span> <span class='ocrx_word' id='word_1_66' title='bbox 701 1104 809 1173; x_wconf 74' lang='lat' dir='ltr'>⁸)Hier</span> <span class='ocrx_word' id='word_1_67' title='bbox 820 1106 915 1175; x_wconf 77' lang='lat' dir='ltr'>fellea</span> <span class='ocrx_word' id='word_1_68' title='bbox 933 1106 986 1158; x_wconf 73' lang='lat' dir='ltr'>root</span> <span class='ocrx_word' id='word_1_69' title='bbox 1003 1108 1088 1176; x_wconf 78' lang='lat' dir='ltr'>einiye</span> <span class='ocrx_word' id='word_1_70' title='bbox 1117 1106 1208 1162; x_wconf 82' lang='lat' dir='ltr'>Worte.</span> <span class='ocrx_word' id='word_1_71' title='bbox 1318 1123 1324 1132; x_wconf 92' lang='grc'><em>·</em></span> 
     </span>
    </p>
   </div>
   <div class='ocr_carea' id='block_1_4' title="bbox 181 1193 2077 1388">
    <p class='ocr_par' dir='ltr' id='par_1_4' title="bbox 181 1193 2077 1388">
     <span class='ocr_line' id='line_1_8' title="bbox 181 1193 2077 1286; baseline 0.003 -26"><span class='ocrx_word' id='word_1_72' title='bbox 181 1197 349 1282; x_wconf 63' lang='lat' dir='ltr'>Absolutft</span> <span class='ocrx_word' id='word_1_73' title='bbox 371 1197 425 1261; x_wconf 81' lang='lat' dir='ltr'>des</span> <span class='ocrx_word' id='word_1_74' title='bbox 450 1195 500 1260; x_wconf 89' lang='grc'>14.</span> <span class='ocrx_word' id='word_1_75' title='bbox 517 1195 630 1259; x_wconf 73' lang='lat' dir='ltr'>Jalrl.</span> <span class='ocrx_word' id='word_1_76' title='bbox 654 1197 688 1258; x_wconf 80' lang='lat' dir='ltr'>in</span> <span class='ocrx_word' id='word_1_77' title='bbox 709 1195 786 1260; x_wconf 82' lang='lat' dir='ltr'>Moe.</span> <span class='ocrx_word' id='word_1_78' title='bbox 802 1193 883 1274; x_wconf 83' lang='lat' dir='ltr'><em>XII,</em></span> <span class='ocrx_word' id='word_1_79' title='bbox 905 1193 960 1272; x_wconf 74' lang='lat'>51,</span> <span class='ocrx_word' id='word_1_80' title='bbox 977 1196 1039 1280; x_wconf 84' lang='lat' dir='ltr'>fol.</span> <span class='ocrx_word' id='word_1_81' title='bbox 1055 1196 1100 1258; x_wconf 82' lang='lat' dir='ltr'>5v</span> <span class='ocrx_word' id='word_1_82' title='bbox 1123 1199 1167 1258; x_wconf 82' lang='lat' dir='ltr'>im</span> <span class='ocrx_word' id='word_1_83' title='bbox 1181 1195 1254 1281; x_wconf 73' lang='lat' dir='ltr'>Kpl.</span> <span class='ocrx_word' id='word_1_84' title='bbox 1274 1195 1312 1261; x_wconf 77' lang='lat' dir='ltr'>Sc</span> <span class='ocrx_word' id='word_1_85' title='bbox 1322 1197 1380 1261; x_wconf 83' lang='lat' dir='ltr'>-A.</span> <span class='ocrx_word' id='word_1_86' title='bbox 1404 1220 1443 1261; x_wconf 80' lang='lat' dir='ltr'>zu</span> <span class='ocrx_word' id='word_1_87' title='bbox 1457 1197 1635 1265; x_wconf 67' lang='lat' dir='ltr'>Hannonem</span> <span class='ocrx_word' id='word_1_88' title='bbox 1685 1197 1780 1266; x_wconf 78' lang='lat' dir='ltr'>Gedr.</span> <span class='ocrx_word' id='word_1_89' title='bbox 1804 1200 1922 1286; x_wconf 66' lang='lat' dir='ltr'>beneq,</span> <span class='ocrx_word' id='word_1_90' title='bbox 1948 1201 2077 1266; x_wconf 66' lang='grc'><strong><em>1111111-</em></strong></span> 
     </span>
     <span class='ocr_line' id='line_1_9' title="bbox 263 1298 2030 1388; baseline 0.005 -22"><span class='ocrx_word' id='word_1_91' title='bbox 263 1304 368 1366; x_wconf 80' lang='lat' dir='ltr'>arcltiv</span> <span class='ocrx_word' id='word_1_92' title='bbox 391 1299 486 1384; x_wconf 83' lang='lat' dir='ltr'><em>XXI,</em></span> <span class='ocrx_word' id='word_1_93' title='bbox 510 1302 610 1388; x_wconf 67' lang='lat' dir='ltr'>specil.</span> <span class='ocrx_word' id='word_1_94' title='bbox 635 1303 738 1367; x_wconf 77' lang='lat' dir='ltr'>eccles.</span> <span class='ocrx_word' id='word_1_95' title='bbox 763 1313 840 1366; x_wconf 81' lang='lat' dir='ltr'>cont.</span> <span class='ocrx_word' id='word_1_96' title='bbox 867 1298 929 1380; x_wconf 85' lang='lat' dir='ltr'>HJ,</span> <span class='ocrx_word' id='word_1_97' title='bbox 956 1299 989 1365; x_wconf 79' lang='lat' dir='ltr'>S.</span> <span class='ocrx_word' id='word_1_98' title='bbox 1013 1301 1067 1379; x_wconf 78' lang='lat'>51,</span> <span class='ocrx_word' id='word_1_99' title='bbox 1094 1299 1206 1386; x_wconf 73' lang='lat' dir='ltr'>Reqest</span> <span class='ocrx_word' id='word_1_100' title='bbox 1235 1299 1341 1380; x_wconf 81' lang='lat' dir='ltr'>Westf.</span> <span class='ocrx_word' id='word_1_101' title='bbox 1368 1302 1594 1370; x_wconf 61' lang='lat' dir='ltr'>Preciae-BH.</span> <span class='ocrx_word' id='word_1_102' title='bbox 1620 1303 1664 1383; x_wconf 92' lang='lat' dir='ltr'>II,</span> <span class='ocrx_word' id='word_1_103' title='bbox 1690 1305 1720 1384; x_wconf 84' lang='grc'>4,</span> <span class='ocrx_word' id='word_1_104' title='bbox 1747 1305 1781 1371; x_wconf 84' lang='lat' dir='ltr'>S.</span> <span class='ocrx_word' id='word_1_105' title='bbox 1805 1305 1849 1370; x_wconf 81' lang='lat'>65</span> <span class='ocrx_word' id='word_1_106' title='bbox 1873 1305 1933 1370; x_wconf 79' lang='lat' dir='ltr'>Nr.</span> <span class='ocrx_word' id='word_1_107' title='bbox 1958 1306 2030 1374; x_wconf 76' lang='lat'>152.</span> 
     </span>
    </p>
   </div>
   <div class='ocr_carea' id='block_1_5' title="bbox 1007 1465 1197 1540">
    <p class='ocr_par' dir='ltr' id='par_1_5' title="bbox 1007 1465 1197 1540">
     <span class='ocr_line' id='line_1_10' title="bbox 1007 1465 1197 1540; baseline 0.005 -2"><span class='ocrx_word' id='word_1_108' title='bbox 1007 1465 1120 1540; x_wconf 86' lang='lat'><strong><em>1641.</em></strong></span> <span class='ocrx_word' id='word_1_109' title='bbox 1190 1497 1197 1512; x_wconf 89' lang='lat'><strong>·</strong></span> 
     </span>
    </p>
   </div>
   <div class='ocr_carea' id='block_1_6' title="bbox 50 1589 2081 2222">
    <p class='ocr_par' dir='ltr' id='par_1_6' title="bbox 50 1589 2080 1893">
     <span class='ocr_line' id='line_1_11' title="bbox 53 1589 2079 1685; baseline 0.001 -20"><span class='ocrx_word' id='word_1_110' title='bbox 53 1593 197 1682; x_wconf 70' lang='lat' dir='ltr'>Bisoltot</span> <span class='ocrx_word' id='word_1_111' title='bbox 223 1591 363 1680; x_wconf 75' lang='lat' dir='ltr'>Ialdolf</span> <span class='ocrx_word' id='word_1_112' title='bbox 382 1613 446 1662; x_wconf 84' lang='lat' dir='ltr'>von</span> <span class='ocrx_word' id='word_1_113' title='bbox 468 1591 616 1662; x_wconf 77' lang='lat' dir='ltr'>Mindon</span> <span class='ocrx_word' id='word_1_114' title='bbox 644 1591 821 1662; x_wconf 66' lang='grc'><strong><em>0011101131</em></strong></span> <span class='ocrx_word' id='word_1_115' title='bbox 848 1590 923 1660; x_wconf 82' lang='lat' dir='ltr'>dem</span> <span class='ocrx_word' id='word_1_116' title='bbox 943 1589 1161 1681; x_wconf 76' lang='lat' dir='ltr'>Domltupttel</span> <span class='ocrx_word' id='word_1_117' title='bbox 1187 1591 1492 1682; x_wconf 58' lang='lat' dir='ltr'>percontatione,</span> <span class='ocrx_word' id='word_1_118' title='bbox 1518 1615 1577 1662; x_wconf 82' lang='lat' dir='ltr'>um</span> <span class='ocrx_word' id='word_1_119' title='bbox 1604 1593 1692 1664; x_wconf 78' lang='lat' dir='ltr'>noch</span> <span class='ocrx_word' id='word_1_120' title='bbox 1715 1593 1781 1664; x_wconf 84' lang='lat' dir='ltr'>olen</span> <span class='ocrx_word' id='word_1_121' title='bbox 1800 1595 2079 1685; x_wconf 78' lang='lat' dir='ltr'>Bestimmuapen</span> 
     </span>
     <span class='ocr_line' id='line_1_12' title="bbox 50 1695 2080 1787; baseline 0.001 -16"><span class='ocrx_word' id='word_1_122' title='bbox 50 1705 157 1772; x_wconf 83' lang='lat' dir='ltr'>seinos</span> <span class='ocrx_word' id='word_1_123' title='bbox 185 1697 348 1787; x_wconf 79' lang='lat' dir='ltr'>Bruders,</span> <span class='ocrx_word' id='word_1_124' title='bbox 383 1697 443 1770; x_wconf 84' lang='lat' dir='ltr'>des</span> <span class='ocrx_word' id='word_1_125' title='bbox 471 1697 706 1769; x_wconf 75' lang='lat' dir='ltr'>oerstorlrenen</span> <span class='ocrx_word' id='word_1_126' title='bbox 734 1695 927 1768; x_wconf 75' lang='lat' dir='ltr'>Domlterrn</span> <span class='ocrx_word' id='word_1_127' title='bbox 956 1697 1143 1766; x_wconf 78' lang='lat' dir='ltr'>Bernlord</span> <span class='ocrx_word' id='word_1_128' title='bbox 1170 1719 1232 1768; x_wconf 81' lang='lat' dir='ltr'>non</span> <span class='ocrx_word' id='word_1_129' title='bbox 1261 1697 1424 1786; x_wconf 66' lang='lat' dir='ltr'>Roscios,</span> <span class='ocrx_word' id='word_1_130' title='bbox 1459 1701 1532 1769; x_wconf 82' lang='lat' dir='ltr'>eine</span> <span class='ocrx_word' id='word_1_131' title='bbox 1560 1699 1768 1770; x_wconf 86' lang='lat' dir='ltr'>consolatio</span> <span class='ocrx_word' id='word_1_132' title='bbox 1803 1701 1876 1772; x_wconf 78' lang='lat' dir='ltr'>aad</span> <span class='ocrx_word' id='word_1_133' title='bbox 1903 1702 1968 1772; x_wconf 83' lang='lat' dir='ltr'>dos</span> <span class='ocrx_word' id='word_1_134' title='bbox 1997 1703 2080 1774; x_wconf 79' lang='lat' dir='ltr'>Fest</span> 
     </span>
     <span class='ocr_line' id='line_1_13' title="bbox 538 1802 1582 1893; baseline 0 -19"><span class='ocrx_word' id='word_1_135' title='bbox 538 1804 601 1874; x_wconf 81' lang='lat' dir='ltr'>der</span> <span class='ocrx_word' id='word_1_136' title='bbox 628 1802 866 1893; x_wconf 73' lang='lat' dir='ltr'>Empsdupals</span> <span class='ocrx_word' id='word_1_137' title='bbox 895 1802 1019 1872; x_wconf 77' lang='lat' dir='ltr'>Murio·</span> <span class='ocrx_word' id='word_1_138' title='bbox 1045 1825 1089 1873; x_wconf 72' lang='lat' dir='ltr'>zu</span> <span class='ocrx_word' id='word_1_139' title='bbox 1116 1802 1238 1891; x_wconf 69' lang='lat' dir='ltr'>feteret.</span> <span class='ocrx_word' id='word_1_140' title='bbox 1293 1806 1387 1875; x_wconf 88' lang='grc'><em>1300</em></span> <span class='ocrx_word' id='word_1_141' title='bbox 1417 1804 1522 1874; x_wconf 77' lang='lat' dir='ltr'>Mdrz</span> <span class='ocrx_word' id='word_1_142' title='bbox 1550 1807 1582 1874; x_wconf 92' lang='lat'>7.</span> 
     </span>
    </p>

    <p class='ocr_par' dir='ltr' id='par_1_7' title="bbox 50 1920 2081 2222">
     <span class='ocr_line' id='line_1_14' title="bbox 156 1920 2080 2006; baseline 0.001 -16"><span class='ocrx_word' id='word_1_143' title='bbox 156 1925 320 1990; x_wconf 87' lang='lat' dir='ltr'>Ludolfus</span> <span class='ocrx_word' id='word_1_144' title='bbox 359 1924 420 1988; x_wconf 91' lang='lat' dir='ltr'>Dei</span> <span class='ocrx_word' id='word_1_145' title='bbox 457 1923 562 2006; x_wconf 85' lang='lat' dir='ltr'>gratia</span> <span class='ocrx_word' id='word_1_146' title='bbox 601 1921 782 1985; x_wconf 88' lang='lat' dir='ltr'>Mindensis</span> <span class='ocrx_word' id='word_1_147' title='bbox 821 1920 959 1985; x_wconf 88' lang='lat' dir='ltr'>ecclesie</span> <span class='ocrx_word' id='word_1_148' title='bbox 998 1921 1175 2004; x_wconf 88' lang='lat' dir='ltr'>episcopus</span> <span class='ocrx_word' id='word_1_149' title='bbox 1215 1922 1257 1987; x_wconf 86' lang='lat' dir='ltr'>ad</span> <span class='ocrx_word' id='word_1_150' title='bbox 1296 1922 1527 1986; x_wconf 86' lang='lat' dir='ltr'>certitudinem</span> <span class='ocrx_word' id='word_1_151' title='bbox 1567 1924 1774 2005; x_wconf 89' lang='lat' dir='ltr'>presentium</span> <span class='ocrx_word' id='word_1_152' title='bbox 1814 1927 1846 1988; x_wconf 89' lang='lat' dir='ltr'>et</span> <span class='ocrx_word' id='word_1_153' title='bbox 1885 1926 2080 1993; x_wconf 88' lang='lat' dir='ltr'>memoriam</span> 
     </span>
     <span class='ocr_line' id='line_1_15' title="bbox 50 2027 2078 2111; baseline -0.001 -12"><span class='ocrx_word' id='word_1_154' title='bbox 50 2035 249 2100; x_wconf 81' lang='lat' dir='ltr'>futurorum.</span> <span class='ocrx_word' id='word_1_155' title='bbox 295 2031 389 2095; x_wconf 90' lang='lat' dir='ltr'>Bone</span> <span class='ocrx_word' id='word_1_156' title='bbox 420 2029 577 2092; x_wconf 91' lang='lat' dir='ltr'>memorie</span> <span class='ocrx_word' id='word_1_157' title='bbox 609 2027 804 2092; x_wconf 89' lang='lat' dir='ltr'>Bemhardo</span> <span class='ocrx_word' id='word_1_158' title='bbox 835 2029 876 2092; x_wconf 88' lang='lat' dir='ltr'>de</span> <span class='ocrx_word' id='word_1_159' title='bbox 904 2027 1070 2111; x_wconf 85' lang='lat' dir='ltr'>Rostorpe</span> <span class='ocrx_word' id='word_1_160' title='bbox 1100 2031 1201 2094; x_wconf 90' lang='lat' dir='ltr'>fratre</span> <span class='ocrx_word' id='word_1_161' title='bbox 1230 2031 1345 2093; x_wconf 89' lang='lat' dir='ltr'>nostro</span> <span class='ocrx_word' id='word_1_162' title='bbox 1373 2029 1496 2092; x_wconf 89' lang='lat' dir='ltr'>carnali</span> <span class='ocrx_word' id='word_1_163' title='bbox 1521 2031 1691 2111; x_wconf 87' lang='lat' dir='ltr'>quondam</span> <span class='ocrx_word' id='word_1_164' title='bbox 1716 2033 1830 2096; x_wconf 90' lang='lat' dir='ltr'>nostro</span> <span class='ocrx_word' id='word_1_165' title='bbox 1855 2033 2078 2097; x_wconf 87' lang='lat' dir='ltr'>concanonico</span> 
     </span>
     <span class='ocr_line' id='line_1_16' title="bbox 50 2134 2081 2222; baseline -0.001 -16"><span class='ocrx_word' id='word_1_166' title='bbox 50 2146 81 2207; x_wconf 90' lang='lat' dir='ltr'>et</span> <span class='ocrx_word' id='word_1_167' title='bbox 103 2141 353 2222; x_wconf 84' lang='lat' dir='ltr'>archydyacono</span> <span class='ocrx_word' id='word_1_168' title='bbox 384 2135 418 2199; x_wconf 94' lang='lat' dir='ltr'>in</span> <span class='ocrx_word' id='word_1_169' title='bbox 447 2134 537 2199; x_wconf 92' lang='lat' dir='ltr'>Osen</span> <span class='ocrx_word' id='word_1_170' title='bbox 568 2136 603 2198; x_wconf 92' lang='lat' dir='ltr'>in</span> <span class='ocrx_word' id='word_1_171' title='bbox 631 2134 786 2198; x_wconf 87' lang='lat' dir='ltr'>extremis</span> <span class='ocrx_word' id='word_1_172' title='bbox 818 2137 947 2216; x_wconf 84' lang='lat' dir='ltr'>agente,</span> <span class='ocrx_word' id='word_1_173' title='bbox 978 2135 1108 2216; x_wconf 84' lang='lat' dir='ltr'>legante</span> <span class='ocrx_word' id='word_1_174' title='bbox 1138 2135 1284 2217; x_wconf 89' lang='lat' dir='ltr'>capitulo</span> <span class='ocrx_word' id='word_1_175' title='bbox 1316 2138 1429 2199; x_wconf 88' lang='lat' dir='ltr'>nostro</span> <span class='ocrx_word' id='word_1_176' title='bbox 1453 2135 1619 2200; x_wconf 87' lang='lat' dir='ltr'>lllindensi</span> <span class='ocrx_word' id='word_1_177' title='bbox 1643 2136 1863 2219; x_wconf 84' lang='lat' dir='ltr'>quadraginta</span> <span class='ocrx_word' id='word_1_178' title='bbox 1887 2157 2013 2202; x_wconf 88' lang='lat' dir='ltr'>marcas</span> <span class='ocrx_word' id='word_1_179' title='bbox 2038 2142 2081 2204; x_wconf 88' lang='lat' dir='ltr'>ad</span> 
     </span>
    </p>
   </div>
   <div class='ocr_carea' id='block_1_7' title="bbox 46 2239 2082 4131">
    <p class='ocr_par' dir='ltr' id='par_1_8' title="bbox 46 2239 2082 4131">
     <span class='ocr_line' id='line_1_17' title="bbox 49 2239 2079 2324; baseline -0 -12"><span class='ocrx_word' id='word_1_180' title='bbox 49 2246 311 2312; x_wconf 87' lang='lat' dir='ltr'>consolationem</span> <span class='ocrx_word' id='word_1_181' title='bbox 335 2261 441 2320; x_wconf 86' lang='lat' dir='ltr'>suam,</span> <span class='ocrx_word' id='word_1_182' title='bbox 465 2240 568 2323; x_wconf 87' lang='lat' dir='ltr'>patris</span> <span class='ocrx_word' id='word_1_183' title='bbox 593 2243 625 2303; x_wconf 89' lang='lat' dir='ltr'>et</span> <span class='ocrx_word' id='word_1_184' title='bbox 647 2240 762 2303; x_wconf 89' lang='lat' dir='ltr'>matris</span> <span class='ocrx_word' id='word_1_185' title='bbox 786 2239 891 2323; x_wconf 91' lang='lat' dir='ltr'>ipsius</span> <span class='ocrx_word' id='word_1_186' title='bbox 916 2240 985 2304; x_wconf 88' lang='lat' dir='ltr'>sive</span> <span class='ocrx_word' id='word_1_187' title='bbox 1007 2241 1157 2323; x_wconf 86' lang='lat' dir='ltr'>ipsorum</span> <span class='ocrx_word' id='word_1_188' title='bbox 1182 2242 1447 2307; x_wconf 85' lang='lat' dir='ltr'>anniversarium</span> <span class='ocrx_word' id='word_1_189' title='bbox 1470 2243 1505 2305; x_wconf 93' lang='lat' dir='ltr'>in</span> <span class='ocrx_word' id='word_1_190' title='bbox 1526 2242 1637 2324; x_wconf 83' lang='lat' dir='ltr'>vigilia</span> <span class='ocrx_word' id='word_1_191' title='bbox 1654 2241 1772 2308; x_wconf 86' lang='lat' dir='ltr'>Jacobi</span> <span class='ocrx_word' id='word_1_192' title='bbox 1795 2243 1895 2307; x_wconf 87' lang='lat' dir='ltr'>simul</span> <span class='ocrx_word' id='word_1_193' title='bbox 1920 2248 1953 2309; x_wconf 92' lang='lat' dir='ltr'>et</span> <span class='ocrx_word' id='word_1_194' title='bbox 1975 2247 2079 2318; x_wconf 90' lang='lat' dir='ltr'>semel</span> 
     </span>
     <span class='ocr_line' id='line_1_18' title="bbox 49 2345 2079 2436; baseline 0 -19"><span class='ocrx_word' id='word_1_195' title='bbox 49 2350 285 2436; x_wconf 84' lang='lat' dir='ltr'>peragendum,</span> <span class='ocrx_word' id='word_1_196' title='bbox 320 2346 470 2412; x_wconf 90' lang='lat' dir='ltr'>similiter</span> <span class='ocrx_word' id='word_1_197' title='bbox 505 2346 626 2410; x_wconf 89' lang='lat' dir='ltr'>festum</span> <span class='ocrx_word' id='word_1_198' title='bbox 657 2345 885 2430; x_wconf 89' lang='lat' dir='ltr'>conceptionis</span> <span class='ocrx_word' id='word_1_199' title='bbox 917 2347 1016 2410; x_wconf 88' lang='lat' dir='ltr'>beate</span> <span class='ocrx_word' id='word_1_200' title='bbox 1049 2348 1150 2412; x_wconf 84' lang='lat' dir='ltr'>Maria</span> <span class='ocrx_word' id='word_1_201' title='bbox 1181 2348 1317 2430; x_wconf 83' lang='lat' dir='ltr'>virginis</span> <span class='ocrx_word' id='word_1_202' title='bbox 1349 2347 1567 2429; x_wconf 89' lang='lat' dir='ltr'>solempniter</span> <span class='ocrx_word' id='word_1_203' title='bbox 1603 2349 1851 2431; x_wconf 89' lang='lat' dir='ltr'>celebrandum,</span> <span class='ocrx_word' id='word_1_204' title='bbox 1887 2351 2079 2435; x_wconf 87' lang='lat' dir='ltr'>eisdemque</span> 
     </span>
     <span class='ocr_line' id='line_1_19' title="bbox 48 2452 2079 2542; baseline 0 -19"><span class='ocrx_word' id='word_1_205' title='bbox 48 2458 269 2542; x_wconf 83' lang='lat' dir='ltr'>quadraginta</span> <span class='ocrx_word' id='word_1_206' title='bbox 293 2455 413 2518; x_wconf 89' lang='lat' dir='ltr'>marcis</span> <span class='ocrx_word' id='word_1_207' title='bbox 437 2452 577 2536; x_wconf 82' lang='lat' dir='ltr'>receptis</span> <span class='ocrx_word' id='word_1_208' title='bbox 602 2456 633 2516; x_wconf 90' lang='lat' dir='ltr'>et</span> <span class='ocrx_word' id='word_1_209' title='bbox 654 2452 689 2516; x_wconf 92' lang='lat' dir='ltr'>in</span> <span class='ocrx_word' id='word_1_210' title='bbox 706 2453 788 2516; x_wconf 88' lang='lat' dir='ltr'>alios</span> <span class='ocrx_word' id='word_1_211' title='bbox 805 2473 886 2517; x_wconf 91' lang='lat' dir='ltr'>usus</span> <span class='ocrx_word' id='word_1_212' title='bbox 904 2455 1110 2518; x_wconf 88' lang='lat' dir='ltr'>necessarios</span> <span class='ocrx_word' id='word_1_213' title='bbox 1127 2453 1264 2518; x_wconf 91' lang='lat' dir='ltr'>ecclesie</span> <span class='ocrx_word' id='word_1_214' title='bbox 1281 2457 1392 2518; x_wconf 90' lang='lat' dir='ltr'>nostre</span> <span class='ocrx_word' id='word_1_215' title='bbox 1410 2454 1577 2518; x_wconf 90' lang='lat' dir='ltr'>conversis</span> <span class='ocrx_word' id='word_1_216' title='bbox 1594 2457 1743 2537; x_wconf 89' lang='lat' dir='ltr'>tempore</span> <span class='ocrx_word' id='word_1_217' title='bbox 1761 2455 1887 2519; x_wconf 92' lang='lat' dir='ltr'>domini</span> <span class='ocrx_word' id='word_1_218' title='bbox 1905 2459 2079 2541; x_wconf 87' lang='lat' dir='ltr'>Volcquini</span> 
     </span>
     <span class='ocr_line' id='line_1_20' title="bbox 48 2560 2078 2648; baseline 0 -19"><span class='ocrx_word' id='word_1_219' title='bbox 48 2561 293 2648; x_wconf 86' lang='lat' dir='ltr'>predecessoris</span> <span class='ocrx_word' id='word_1_220' title='bbox 318 2561 434 2640; x_wconf 83' lang='lat' dir='ltr'>nostri,</span> <span class='ocrx_word' id='word_1_221' title='bbox 459 2562 537 2625; x_wconf 93' lang='lat' dir='ltr'>dum</span> <span class='ocrx_word' id='word_1_222' title='bbox 562 2580 624 2643; x_wconf 93' lang='lat' dir='ltr'>pro</span> <span class='ocrx_word' id='word_1_223' title='bbox 649 2561 847 2625; x_wconf 84' lang='lat' dir='ltr'>necessitate</span> <span class='ocrx_word' id='word_1_224' title='bbox 871 2564 903 2623; x_wconf 87' lang='lat' dir='ltr'>et</span> <span class='ocrx_word' id='word_1_225' title='bbox 921 2560 1063 2624; x_wconf 88' lang='lat' dir='ltr'>utilitate</span> <span class='ocrx_word' id='word_1_226' title='bbox 1085 2560 1191 2643; x_wconf 91' lang='lat' dir='ltr'>ipsius</span> <span class='ocrx_word' id='word_1_227' title='bbox 1207 2563 1319 2624; x_wconf 91' lang='lat' dir='ltr'>nostre</span> <span class='ocrx_word' id='word_1_228' title='bbox 1336 2560 1517 2624; x_wconf 89' lang='lat' dir='ltr'>lllindensis</span> <span class='ocrx_word' id='word_1_229' title='bbox 1535 2561 1672 2626; x_wconf 87' lang='lat' dir='ltr'>ecclesie</span> <span class='ocrx_word' id='word_1_230' title='bbox 1689 2561 1825 2643; x_wconf 87' lang='lat' dir='ltr'>quidam</span> <span class='ocrx_word' id='word_1_231' title='bbox 1842 2583 1882 2626; x_wconf 85' lang='lat' dir='ltr'>ex</span> <span class='ocrx_word' id='word_1_232' title='bbox 1899 2565 2078 2646; x_wconf 88' lang='lat' dir='ltr'>canonicis,</span> 
     </span>
     <span class='ocr_line' id='line_1_21' title="bbox 47 2666 2079 2754; baseline 0 -20"><span class='ocrx_word' id='word_1_233' title='bbox 47 2672 186 2754; x_wconf 88' lang='lat' dir='ltr'>quidam</span> <span class='ocrx_word' id='word_1_234' title='bbox 221 2689 260 2733; x_wconf 84' lang='lat' dir='ltr'>ex</span> <span class='ocrx_word' id='word_1_235' title='bbox 291 2667 451 2732; x_wconf 87' lang='lat' dir='ltr'>militibus</span> <span class='ocrx_word' id='word_1_236' title='bbox 480 2670 512 2730; x_wconf 91' lang='lat' dir='ltr'>et</span> <span class='ocrx_word' id='word_1_237' title='bbox 542 2667 678 2748; x_wconf 90' lang='lat' dir='ltr'>quidam</span> <span class='ocrx_word' id='word_1_238' title='bbox 703 2687 743 2730; x_wconf 89' lang='lat' dir='ltr'>ex</span> <span class='ocrx_word' id='word_1_239' title='bbox 768 2667 895 2731; x_wconf 89' lang='lat' dir='ltr'>civibus</span> <span class='ocrx_word' id='word_1_240' title='bbox 919 2666 1148 2731; x_wconf 90' lang='lat' dir='ltr'>Mindensibus</span> <span class='ocrx_word' id='word_1_241' title='bbox 1173 2666 1358 2732; x_wconf 87' lang='lat' dir='ltr'>Hervordie</span> <span class='ocrx_word' id='word_1_242' title='bbox 1381 2666 1417 2729; x_wconf 94' lang='lat' dir='ltr'>in</span> <span class='ocrx_word' id='word_1_243' title='bbox 1440 2667 1593 2748; x_wconf 84' lang='lat' dir='ltr'>obstagio</span> <span class='ocrx_word' id='word_1_244' title='bbox 1617 2667 1807 2748; x_wconf 87' lang='lat' dir='ltr'>iacuissent,</span> <span class='ocrx_word' id='word_1_245' title='bbox 1842 2689 1915 2749; x_wconf 80' lang='lat' dir='ltr'>noe,</span> <span class='ocrx_word' id='word_1_246' title='bbox 1953 2691 1994 2734; x_wconf 90' lang='lat' dir='ltr'>ne</span> <span class='ocrx_word' id='word_1_247' title='bbox 2025 2671 2079 2754; x_wconf 86' lang='lat' dir='ltr'>pia</span> 
     </span>
     <span class='ocr_line' id='line_1_22' title="bbox 48 2769 2078 2859; baseline 0.002 -21"><span class='ocrx_word' id='word_1_248' title='bbox 48 2779 204 2841; x_wconf 80' lang='lat' dir='ltr'>voluntas</span> <span class='ocrx_word' id='word_1_249' title='bbox 240 2775 475 2838; x_wconf 88' lang='lat' dir='ltr'>decedencium</span> <span class='ocrx_word' id='word_1_250' title='bbox 506 2777 539 2838; x_wconf 91' lang='lat' dir='ltr'>et</span> <span class='ocrx_word' id='word_1_251' title='bbox 571 2774 660 2837; x_wconf 88' lang='lat' dir='ltr'>bona</span> <span class='ocrx_word' id='word_1_252' title='bbox 695 2794 756 2837; x_wconf 84' lang='lat' dir='ltr'>sue</span> <span class='ocrx_word' id='word_1_253' title='bbox 788 2774 934 2837; x_wconf 85' lang='lat' dir='ltr'>ecclesiis</span> <span class='ocrx_word' id='word_1_254' title='bbox 969 2773 1154 2854; x_wconf 77' lang='lat' dir='ltr'>legencium</span> <span class='ocrx_word' id='word_1_255' title='bbox 1189 2771 1416 2852; x_wconf 84' lang='lat' dir='ltr'>defraudetur,</span> <span class='ocrx_word' id='word_1_256' title='bbox 1454 2769 1558 2837; x_wconf 91' lang='lat' dir='ltr'>unum</span> <span class='ocrx_word' id='word_1_257' title='bbox 1589 2792 1743 2838; x_wconf 89' lang='lat' dir='ltr'>mansum</span> <span class='ocrx_word' id='word_1_258' title='bbox 1776 2775 1878 2840; x_wconf 90' lang='lat' dir='ltr'>situm</span> <span class='ocrx_word' id='word_1_259' title='bbox 1902 2775 1937 2840; x_wconf 94' lang='lat' dir='ltr'>in</span> <span class='ocrx_word' id='word_1_260' title='bbox 1961 2797 2078 2859; x_wconf 87' lang='lat' dir='ltr'>campo</span> 
     </span>
     <span class='ocr_line' id='line_1_23' title="bbox 47 2879 2078 2966; baseline 0.001 -21"><span class='ocrx_word' id='word_1_261' title='bbox 47 2882 225 2958; x_wconf 76' lang='lat' dir='ltr'>blindensi,</span> <span class='ocrx_word' id='word_1_262' title='bbox 250 2882 307 2962; x_wconf 88' lang='lat' dir='ltr'>qui</span> <span class='ocrx_word' id='word_1_263' title='bbox 332 2880 453 2945; x_wconf 90' lang='lat' dir='ltr'>dicitur</span> <span class='ocrx_word' id='word_1_264' title='bbox 476 2880 652 2960; x_wconf 89' lang='lat' dir='ltr'>Dalbrede‚</span> <span class='ocrx_word' id='word_1_265' title='bbox 678 2882 713 2943; x_wconf 89' lang='lat' dir='ltr'>et</span> <span class='ocrx_word' id='word_1_266' title='bbox 737 2899 839 2944; x_wconf 88' lang='lat' dir='ltr'>unum</span> <span class='ocrx_word' id='word_1_267' title='bbox 865 2883 973 2945; x_wconf 90' lang='lat' dir='ltr'>ortum</span> <span class='ocrx_word' id='word_1_268' title='bbox 998 2881 1099 2944; x_wconf 89' lang='lat' dir='ltr'>situm</span> <span class='ocrx_word' id='word_1_269' title='bbox 1123 2879 1158 2942; x_wconf 90' lang='lat' dir='ltr'>in</span> <span class='ocrx_word' id='word_1_270' title='bbox 1179 2879 1337 2960; x_wconf 90' lang='lat' dir='ltr'>Brulone‚</span> <span class='ocrx_word' id='word_1_271' title='bbox 1362 2880 1420 2961; x_wconf 89' lang='lat' dir='ltr'>qui</span> <span class='ocrx_word' id='word_1_272' title='bbox 1445 2880 1553 2944; x_wconf 89' lang='lat' dir='ltr'>fuerat</span> <span class='ocrx_word' id='word_1_273' title='bbox 1577 2879 1746 2961; x_wconf 88' lang='lat' dir='ltr'>quondam</span> <span class='ocrx_word' id='word_1_274' title='bbox 1771 2881 1919 2944; x_wconf 87' lang='lat' dir='ltr'>Heinrici</span> <span class='ocrx_word' id='word_1_275' title='bbox 1935 2882 2078 2966; x_wconf 90' lang='lat' dir='ltr'>Sprunc‚</span> 
     </span>
     <span class='ocr_line' id='line_1_24' title="bbox 47 2985 2078 3069; baseline 0 -17"><span class='ocrx_word' id='word_1_276' title='bbox 47 2989 127 3052; x_wconf 85' lang='lat' dir='ltr'>ciris</span> <span class='ocrx_word' id='word_1_277' title='bbox 157 2987 349 3064; x_wconf 66' lang='lat' dir='ltr'>lundensis,</span> <span class='ocrx_word' id='word_1_278' title='bbox 386 2991 420 3052; x_wconf 89' lang='lat' dir='ltr'>et</span> <span class='ocrx_word' id='word_1_279' title='bbox 449 3007 551 3051; x_wconf 88' lang='lat' dir='ltr'>unam</span> <span class='ocrx_word' id='word_1_280' title='bbox 578 3005 690 3050; x_wconf 86' lang='lat' dir='ltr'>aream</span> <span class='ocrx_word' id='word_1_281' title='bbox 722 2987 896 3050; x_wconf 87' lang='lat' dir='ltr'>cuiusdam</span> <span class='ocrx_word' id='word_1_282' title='bbox 930 3005 1006 3050; x_wconf 84' lang='lat' dir='ltr'>case</span> <span class='ocrx_word' id='word_1_283' title='bbox 1036 2985 1098 3049; x_wconf 89' lang='lat' dir='ltr'>site</span> <span class='ocrx_word' id='word_1_284' title='bbox 1129 2985 1161 3050; x_wconf 92' lang='lat' dir='ltr'>in</span> <span class='ocrx_word' id='word_1_285' title='bbox 1194 2985 1395 3066; x_wconf 84' lang='lat' dir='ltr'>Ovenstede,</span> <span class='ocrx_word' id='word_1_286' title='bbox 1431 3006 1496 3068; x_wconf 90' lang='lat' dir='ltr'>que</span> <span class='ocrx_word' id='word_1_287' title='bbox 1524 2987 1633 3052; x_wconf 88' lang='lat' dir='ltr'>fuerat</span> <span class='ocrx_word' id='word_1_288' title='bbox 1661 2985 1801 3050; x_wconf 87' lang='lat' dir='ltr'>Arnoldi</span> <span class='ocrx_word' id='word_1_289' title='bbox 1837 2989 2005 3069; x_wconf 89' lang='lat' dir='ltr'>quondam</span> <span class='ocrx_word' id='word_1_290' title='bbox 2037 2990 2078 3053; x_wconf 90' lang='lat' dir='ltr'>de</span> 
     </span>
     <span class='ocr_line' id='line_1_25' title="bbox 47 3091 2079 3177; baseline 0.002 -21"><span class='ocrx_word' id='word_1_291' title='bbox 47 3094 252 3174; x_wconf 85' lang='lat' dir='ltr'>Orenstede,</span> <span class='ocrx_word' id='word_1_292' title='bbox 277 3095 391 3159; x_wconf 92' lang='lat' dir='ltr'>nostro</span> <span class='ocrx_word' id='word_1_293' title='bbox 416 3094 575 3177; x_wconf 91' lang='lat' dir='ltr'>capitulo,</span> <span class='ocrx_word' id='word_1_294' title='bbox 600 3093 664 3175; x_wconf 89' lang='lat' dir='ltr'>ipsi</span> <span class='ocrx_word' id='word_1_295' title='bbox 689 3093 834 3175; x_wconf 90' lang='lat' dir='ltr'>capitulo</span> <span class='ocrx_word' id='word_1_296' title='bbox 857 3092 980 3156; x_wconf 89' lang='lat' dir='ltr'>volenti</span> <span class='ocrx_word' id='word_1_297' title='bbox 1004 3095 1036 3157; x_wconf 90' lang='lat' dir='ltr'>et</span> <span class='ocrx_word' id='word_1_298' title='bbox 1060 3091 1296 3171; x_wconf 89' lang='lat' dir='ltr'>consencienti‚</span> <span class='ocrx_word' id='word_1_299' title='bbox 1327 3111 1387 3174; x_wconf 94' lang='lat' dir='ltr'>pro</span> <span class='ocrx_word' id='word_1_300' title='bbox 1413 3091 1537 3156; x_wconf 88' lang='lat' dir='ltr'>eisdem</span> <span class='ocrx_word' id='word_1_301' title='bbox 1560 3092 1616 3156; x_wconf 88' lang='lat' dir='ltr'>XL</span> <span class='ocrx_word' id='word_1_302' title='bbox 1640 3091 1760 3156; x_wconf 89' lang='lat' dir='ltr'>marcis</span> <span class='ocrx_word' id='word_1_303' title='bbox 1784 3093 1981 3159; x_wconf 85' lang='lat' dir='ltr'>donavimus</span> <span class='ocrx_word' id='word_1_304' title='bbox 2004 3114 2079 3162; x_wconf 89' lang='lat' dir='ltr'>cum</span> 
     </span>
     <span class='ocr_line' id='line_1_26' title="bbox 46 3197 2080 3282; baseline 0.001 -20"><span class='ocrx_word' id='word_1_305' title='bbox 46 3200 264 3282; x_wconf 83' lang='lat' dir='ltr'>proprietate,</span> <span class='ocrx_word' id='word_1_306' title='bbox 289 3199 415 3263; x_wconf 89' lang='lat' dir='ltr'>iuribus</span> <span class='ocrx_word' id='word_1_307' title='bbox 445 3202 477 3262; x_wconf 93' lang='lat' dir='ltr'>et</span> <span class='ocrx_word' id='word_1_308' title='bbox 505 3199 726 3263; x_wconf 85' lang='lat' dir='ltr'>servitutibus</span> <span class='ocrx_word' id='word_1_309' title='bbox 757 3199 1034 3280; x_wconf 80' lang='lat' dir='ltr'>quibuscumque,</span> <span class='ocrx_word' id='word_1_310' title='bbox 1072 3201 1108 3262; x_wconf 90' lang='lat' dir='ltr'>ut</span> <span class='ocrx_word' id='word_1_311' title='bbox 1138 3200 1179 3263; x_wconf 92' lang='lat' dir='ltr'>de</span> <span class='ocrx_word' id='word_1_312' title='bbox 1210 3197 1371 3262; x_wconf 89' lang='lat' dir='ltr'>fructibus</span> <span class='ocrx_word' id='word_1_313' title='bbox 1403 3198 1629 3279; x_wconf 90' lang='lat' dir='ltr'>predictorum</span> <span class='ocrx_word' id='word_1_314' title='bbox 1652 3199 1816 3263; x_wconf 92' lang='lat' dir='ltr'>bonorum</span> <span class='ocrx_word' id='word_1_315' title='bbox 1840 3201 2022 3266; x_wconf 87' lang='lat' dir='ltr'>consolatio</span> <span class='ocrx_word' id='word_1_316' title='bbox 2047 3205 2080 3265; x_wconf 89' lang='lat' dir='ltr'>et</span> 
     </span>
     <span class='ocr_line' id='line_1_27' title="bbox 46 3304 2078 3391; baseline 0.001 -23"><span class='ocrx_word' id='word_1_317' title='bbox 46 3306 172 3369; x_wconf 77' lang='lat' dir='ltr'>testum</span> <span class='ocrx_word' id='word_1_318' title='bbox 196 3305 422 3388; x_wconf 87' lang='lat' dir='ltr'>conceptionis</span> <span class='ocrx_word' id='word_1_319' title='bbox 446 3306 543 3370; x_wconf 90' lang='lat' dir='ltr'>beate</span> <span class='ocrx_word' id='word_1_320' title='bbox 566 3305 668 3368; x_wconf 86' lang='lat' dir='ltr'>Mane</span> <span class='ocrx_word' id='word_1_321' title='bbox 693 3305 878 3369; x_wconf 88' lang='lat' dir='ltr'>secundum</span> <span class='ocrx_word' id='word_1_322' title='bbox 900 3304 1107 3370; x_wconf 84' lang='lat' dir='ltr'>voluntatem</span> <span class='ocrx_word' id='word_1_323' title='bbox 1132 3308 1166 3368; x_wconf 88' lang='lat' dir='ltr'>et</span> <span class='ocrx_word' id='word_1_324' title='bbox 1190 3305 1443 3386; x_wconf 89' lang='lat' dir='ltr'>dispositionem</span> <span class='ocrx_word' id='word_1_325' title='bbox 1468 3304 1653 3368; x_wconf 89' lang='lat' dir='ltr'>Bernhardi</span> <span class='ocrx_word' id='word_1_326' title='bbox 1688 3305 1798 3368; x_wconf 84' lang='lat' dir='ltr'>fratris</span> <span class='ocrx_word' id='word_1_327' title='bbox 1829 3308 1935 3370; x_wconf 91' lang='lat' dir='ltr'>nostri</span> <span class='ocrx_word' id='word_1_328' title='bbox 1963 3327 2078 3391; x_wconf 88' lang='lat' dir='ltr'>supra-</span> 
     </span>
     <span class='ocr_line' id='line_1_28' title="bbox 47 3410 2079 3495; baseline 0.002 -20"><span class='ocrx_word' id='word_1_329' title='bbox 47 3412 124 3476; x_wconf 89' lang='lat' dir='ltr'>dicti</span> <span class='ocrx_word' id='word_1_330' title='bbox 163 3412 261 3476; x_wconf 89' lang='lat' dir='ltr'>annis</span> <span class='ocrx_word' id='word_1_331' title='bbox 290 3411 430 3492; x_wconf 84' lang='lat' dir='ltr'>singulis</span> <span class='ocrx_word' id='word_1_332' title='bbox 457 3414 668 3493; x_wconf 80' lang='lat' dir='ltr'>peragantur.</span> <span class='ocrx_word' id='word_1_333' title='bbox 715 3411 753 3474; x_wconf 94' lang='lat' dir='ltr'>ln</span> <span class='ocrx_word' id='word_1_334' title='bbox 777 3411 871 3475; x_wconf 89' lang='lat' dir='ltr'>cuius</span> <span class='ocrx_word' id='word_1_335' title='bbox 895 3411 944 3475; x_wconf 89' lang='lat' dir='ltr'>rei</span> <span class='ocrx_word' id='word_1_336' title='bbox 967 3412 1196 3476; x_wconf 90' lang='lat' dir='ltr'>testimonium</span> <span class='ocrx_word' id='word_1_337' title='bbox 1219 3413 1371 3475; x_wconf 90' lang='lat' dir='ltr'>nostrum</span> <span class='ocrx_word' id='word_1_338' title='bbox 1396 3415 1428 3476; x_wconf 89' lang='lat' dir='ltr'>et</span> <span class='ocrx_word' id='word_1_339' title='bbox 1452 3410 1587 3494; x_wconf 88' lang='lat' dir='ltr'>capituli</span> <span class='ocrx_word' id='word_1_340' title='bbox 1610 3411 1714 3475; x_wconf 89' lang='lat' dir='ltr'>nostri</span> <span class='ocrx_word' id='word_1_341' title='bbox 1738 3411 1844 3495; x_wconf 83' lang='lat' dir='ltr'>sigilla</span> <span class='ocrx_word' id='word_1_342' title='bbox 1866 3415 2079 3495; x_wconf 90' lang='lat' dir='ltr'>presentibus</span> 
     </span>
     <span class='ocr_line' id='line_1_29' title="bbox 46 3516 1447 3600; baseline 0 -19"><span class='ocrx_word' id='word_1_343' title='bbox 46 3523 126 3582; x_wconf 87' lang='lat' dir='ltr'>sunt</span> <span class='ocrx_word' id='word_1_344' title='bbox 153 3536 313 3600; x_wconf 87' lang='lat' dir='ltr'>appensa.</span> <span class='ocrx_word' id='word_1_345' title='bbox 361 3519 482 3581; x_wconf 88' lang='lat' dir='ltr'>Datum</span> <span class='ocrx_word' id='word_1_346' title='bbox 506 3537 594 3582; x_wconf 85' lang='lat' dir='ltr'>anno</span> <span class='ocrx_word' id='word_1_347' title='bbox 618 3518 750 3582; x_wconf 92' lang='lat' dir='ltr'>Domini</span> <span class='ocrx_word' id='word_1_348' title='bbox 775 3516 954 3596; x_wconf 84' lang='lat' dir='ltr'>ll⁰.CCG⁰.,</span> <span class='ocrx_word' id='word_1_349' title='bbox 978 3517 1013 3581; x_wconf 92' lang='lat' dir='ltr'>in</span> <span class='ocrx_word' id='word_1_350' title='bbox 1037 3518 1090 3582; x_wconf 89' lang='lat' dir='ltr'>die</span> <span class='ocrx_word' id='word_1_351' title='bbox 1113 3517 1279 3599; x_wconf 87' lang='lat' dir='ltr'>Perpetue</span> <span class='ocrx_word' id='word_1_352' title='bbox 1301 3517 1447 3599; x_wconf 81' lang='lat' dir='ltr'>virginis,</span> 
     </span>
     <span class='ocr_line' id='line_1_30' title="bbox 187 3619 2080 3707; baseline 0.002 -22"><span class='ocrx_word' id='word_1_353' title='bbox 187 3622 241 3687; x_wconf 84' lang='lat' dir='ltr'>Or.</span> <span class='ocrx_word' id='word_1_354' title='bbox 271 3627 314 3686; x_wconf 78' lang='lat' dir='ltr'>im</span> <span class='ocrx_word' id='word_1_355' title='bbox 343 3622 416 3707; x_wconf 71' lang='lat' dir='ltr'>th.</span> <span class='ocrx_word' id='word_1_356' title='bbox 443 3621 547 3688; x_wconf 74' lang='lat' dir='ltr'>sl-A.</span> <span class='ocrx_word' id='word_1_357' title='bbox 579 3646 618 3685; x_wconf 83' lang='lat' dir='ltr'>zu</span> <span class='ocrx_word' id='word_1_358' title='bbox 642 3623 792 3700; x_wconf 65' lang='lat' dir='ltr'>Minister,</span> <span class='ocrx_word' id='word_1_359' title='bbox 828 3620 985 3686; x_wconf 74' lang='lat' dir='ltr'>Frirctenl.</span> <span class='ocrx_word' id='word_1_360' title='bbox 1010 3623 1138 3686; x_wconf 78' lang='lat' dir='ltr'>lllindea</span> <span class='ocrx_word' id='word_1_361' title='bbox 1161 3620 1220 3688; x_wconf 81' lang='lat' dir='ltr'>Nr.</span> <span class='ocrx_word' id='word_1_362' title='bbox 1244 3619 1299 3686; x_wconf 92' lang='grc'>66.</span> <span class='ocrx_word' id='word_1_363' title='bbox 1345 3620 1446 3707; x_wconf 73' lang='lat' dir='ltr'>Sieyel</span> <span class='ocrx_word' id='word_1_364' title='bbox 1473 3623 1526 3687; x_wconf 83' lang='lat' dir='ltr'>des</span> <span class='ocrx_word' id='word_1_365' title='bbox 1551 3622 1698 3702; x_wconf 73' lang='lat' dir='ltr'>Bisoltots</span> <span class='ocrx_word' id='word_1_366' title='bbox 1722 3624 1861 3688; x_wconf 81' lang='lat' dir='ltr'>erbalten</span> <span class='ocrx_word' id='word_1_367' title='bbox 1888 3628 1922 3688; x_wconf 81' lang='lat' dir='ltr'>in</span> <span class='ocrx_word' id='word_1_368' title='bbox 1944 3629 2080 3690; x_wconf 68' lang='lat' dir='ltr'>oensem</span> 
     </span>
     <span class='ocr_line' id='line_1_31' title="bbox 273 3727 2078 3814; baseline 0.002 -24"><span class='ocrx_word' id='word_1_369' title='bbox 273 3728 382 3792; x_wconf 80' lang='lat' dir='ltr'>Waclrc</span> <span class='ocrx_word' id='word_1_370' title='bbox 411 3751 453 3792; x_wconf 85' lang='lat' dir='ltr'>on</span> <span class='ocrx_word' id='word_1_371' title='bbox 476 3727 801 3813; x_wconf 71' lang='lat' dir='ltr'>Perpamentstreiten,</span> <span class='ocrx_word' id='word_1_372' title='bbox 837 3730 896 3792; x_wconf 83' lang='lat' dir='ltr'>dac</span> <span class='ocrx_word' id='word_1_373' title='bbox 924 3729 977 3793; x_wconf 82' lang='lat' dir='ltr'>dec</span> <span class='ocrx_word' id='word_1_374' title='bbox 1000 3728 1142 3814; x_wconf 82' lang='lat' dir='ltr'>Kopitelc</span> <span class='ocrx_word' id='word_1_375' title='bbox 1168 3731 1314 3793; x_wconf 72' lang='lat' dir='ltr'>verterem.</span> <span class='ocrx_word' id='word_1_376' title='bbox 1362 3729 1531 3808; x_wconf 74' lang='lat' dir='ltr'>Abecbtu&#39;ft</span> <span class='ocrx_word' id='word_1_377' title='bbox 1552 3730 1606 3794; x_wconf 81' lang='lat' dir='ltr'>dec</span> <span class='ocrx_word' id='word_1_378' title='bbox 1631 3728 1682 3794; x_wconf 90' lang='grc'>14.</span> <span class='ocrx_word' id='word_1_379' title='bbox 1706 3729 1821 3795; x_wconf 69' lang='lat' dir='ltr'>Jahrb.</span> <span class='ocrx_word' id='word_1_380' title='bbox 1845 3733 1879 3794; x_wconf 81' lang='lat' dir='ltr'>in</span> <span class='ocrx_word' id='word_1_381' title='bbox 1902 3732 1977 3799; x_wconf 78' lang='lat' dir='ltr'>Meo.</span> <span class='ocrx_word' id='word_1_382' title='bbox 2009 3729 2078 3806; x_wconf 88' lang='lat' dir='ltr'><em>VII,</em></span> 
     </span>
     <span class='ocr_line' id='line_1_32' title="bbox 264 3832 2082 3922; baseline 0.002 -25"><span class='ocrx_word' id='word_1_383' title='bbox 264 3834 362 3914; x_wconf 86' lang='grc'><strong><em>2401,</em></strong></span> <span class='ocrx_word' id='word_1_384' title='bbox 401 3834 435 3900; x_wconf 79' lang='lat' dir='ltr'>S.</span> <span class='ocrx_word' id='word_1_385' title='bbox 463 3833 517 3898; x_wconf 91' lang='grc'>66.</span> <span class='ocrx_word' id='word_1_386' title='bbox 568 3833 661 3901; x_wconf 78' lang='lat' dir='ltr'>Gedr.</span> <span class='ocrx_word' id='word_1_387' title='bbox 708 3833 904 3916; x_wconf 75' lang='lat' dir='ltr'>Wiirdtwein,</span> <span class='ocrx_word' id='word_1_388' title='bbox 943 3834 1035 3899; x_wconf 71' lang='lat' dir='ltr'>subs.</span> <span class='ocrx_word' id='word_1_389' title='bbox 1061 3836 1135 3919; x_wconf 74' lang='grc' dir='ltr'><strong><em>(11ρὶ.</em></strong></span> <span class='ocrx_word' id='word_1_390' title='bbox 1165 3834 1207 3911; x_wconf 87' lang='lat' dir='ltr'>X,</span> <span class='ocrx_word' id='word_1_391' title='bbox 1243 3832 1275 3898; x_wconf 83' lang='lat' dir='ltr'>S.</span> <span class='ocrx_word' id='word_1_392' title='bbox 1304 3834 1347 3896; x_wconf 78' lang='grc'>46</span> <span class='ocrx_word' id='word_1_393' title='bbox 1381 3836 1446 3898; x_wconf 81' lang='lat' dir='ltr'>und</span> <span class='ocrx_word' id='word_1_394' title='bbox 1481 3833 1572 3898; x_wconf 86' lang='lat' dir='ltr'>Nova</span> <span class='ocrx_word' id='word_1_395' title='bbox 1594 3834 1678 3900; x_wconf 75' lang='lat' dir='ltr'>subs.</span> <span class='ocrx_word' id='word_1_396' title='bbox 1704 3834 1746 3914; x_wconf 87' lang='lat' dir='ltr'>X,</span> <span class='ocrx_word' id='word_1_397' title='bbox 1785 3835 1818 3902; x_wconf 82' lang='lat' dir='ltr'>S.</span> <span class='ocrx_word' id='word_1_398' title='bbox 1847 3834 1923 3901; x_wconf 82' lang='lat'><strong><em>376.</em></strong></span> <span class='ocrx_word' id='word_1_399' title='bbox 1970 3837 2082 3922; x_wconf 69' lang='lat' dir='ltr'>Repeti</span> 
     </span>
     <span class='ocr_line' id='line_1_33' title="bbox 264 3939 2080 4027; baseline 0.001 -22"><span class='ocrx_word' id='word_1_400' title='bbox 264 3942 341 4006; x_wconf 80' lang='lat' dir='ltr'>Mac.</span> <span class='ocrx_word' id='word_1_401' title='bbox 358 3940 402 4020; x_wconf 88' lang='lat' dir='ltr'>II,</span> <span class='ocrx_word' id='word_1_402' title='bbox 432 3940 531 4018; x_wconf 75' lang='lat' dir='ltr'><strong><em>189a,</em></strong></span> <span class='ocrx_word' id='word_1_403' title='bbox 557 3939 617 4005; x_wconf 78' lang='lat' dir='ltr'>Nr.</span> <span class='ocrx_word' id='word_1_404' title='bbox 633 3939 708 4007; x_wconf 77' lang='grc'><strong><em>600,</em></strong></span> <span class='ocrx_word' id='word_1_405' title='bbox 756 3941 824 4005; x_wconf 79' lang='lat' dir='ltr'>Der</span> <span class='ocrx_word' id='word_1_406' title='bbox 850 3939 1001 4025; x_wconf 73' lang='lat' dir='ltr'>Todestap</span> <span class='ocrx_word' id='word_1_407' title='bbox 1024 3943 1077 4004; x_wconf 82' lang='lat' dir='ltr'>des</span> <span class='ocrx_word' id='word_1_408' title='bbox 1096 3941 1263 4004; x_wconf 75' lang='lat' dir='ltr'>Bembord</span> <span class='ocrx_word' id='word_1_409' title='bbox 1277 3965 1304 4002; x_wconf 87' lang='lat' dir='ltr'>o.</span> <span class='ocrx_word' id='word_1_410' title='bbox 1322 3940 1465 4016; x_wconf 78' lang='lat' dir='ltr'>Roedorf</span> <span class='ocrx_word' id='word_1_411' title='bbox 1483 3942 1566 4004; x_wconf 69' lang='lat' dir='ltr'>wind</span> <span class='ocrx_word' id='word_1_412' title='bbox 1589 3942 1668 4004; x_wconf 75' lang='lat' dir='ltr'>auct</span> <span class='ocrx_word' id='word_1_413' title='bbox 1691 3945 1734 4004; x_wconf 83' lang='lat' dir='ltr'>im</span> <span class='ocrx_word' id='word_1_414' title='bbox 1748 3943 1908 4008; x_wconf 66' lang='grc'><strong><em>1110011111·</em></strong></span> <span class='ocrx_word' id='word_1_415' title='bbox 1924 3942 2080 4027; x_wconf 75' lang='lat' dir='ltr'>Nekrolop</span> 
     </span>
     <span class='ocr_line' id='line_1_34' title="bbox 265 4045 1499 4131; baseline 0 -21"><span class='ocrx_word' id='word_1_416' title='bbox 265 4049 354 4130; x_wconf 75' lang='lat' dir='ltr'>(Mod.</span> <span class='ocrx_word' id='word_1_417' title='bbox 387 4045 415 4108; x_wconf 92' lang='lat' dir='ltr'><em>V</em></span> <span class='ocrx_word' id='word_1_418' title='bbox 414 4046 457 4122; x_wconf 85' lang='grc' dir='ltr'>ΙΙ,</span> <span class='ocrx_word' id='word_1_419' title='bbox 480 4047 578 4126; x_wconf 83' lang='grc'><strong><em>2602,</em></strong></span> <span class='ocrx_word' id='word_1_420' title='bbox 606 4046 641 4115; x_wconf 82' lang='lat' dir='ltr'>S.</span> <span class='ocrx_word' id='word_1_421' title='bbox 664 4046 722 4131; x_wconf 84' lang='lat'>98)</span> <span class='ocrx_word' id='word_1_422' title='bbox 747 4071 818 4110; x_wconf 84' lang='lat' dir='ltr'>zum</span> <span class='ocrx_word' id='word_1_423' title='bbox 840 4045 894 4111; x_wconf 86' lang='grc'>24.</span> <span class='ocrx_word' id='word_1_424' title='bbox 920 4047 990 4111; x_wconf 75' lang='lat' dir='ltr'>Juli</span> <span class='ocrx_word' id='word_1_425' title='bbox 1011 4048 1136 4130; x_wconf 84' lang='lat' dir='ltr'>(vigilia</span> <span class='ocrx_word' id='word_1_426' title='bbox 1160 4047 1291 4128; x_wconf 72' lang='lat' dir='ltr'>iacobi)</span> <span class='ocrx_word' id='word_1_427' title='bbox 1316 4046 1499 4131; x_wconf 72' lang='lat' dir='ltr'>anqeyebcn.</span> 
     </span>
    </p>
   </div>
   <div class='ocr_carea' id='block_1_8' title="bbox 1007 4209 1122 4286">
    <p class='ocr_par' dir='ltr' id='par_1_9' title="bbox 1007 4209 1122 4286">
     <span class='ocr_line' id='line_1_35' title="bbox 1007 4209 1122 4286; baseline 0.009 -1"><span class='ocrx_word' id='word_1_428' title='bbox 1007 4209 1122 4286; x_wconf 77' lang='lat'><strong><em>1642.</em></strong></span> 
     </span>
    </p>
   </div>
   <div class='ocr_carea' id='block_1_9' title="bbox 43 4335 2080 4748">
    <p class='ocr_par' dir='ltr' id='par_1_10' title="bbox 43 4335 2080 4748">
     <span class='ocr_line' id='line_1_36' title="bbox 43 4335 2080 4430; baseline 0.001 -22"><span class='ocrx_word' id='word_1_429' title='bbox 43 4335 100 4408; x_wconf 88' lang='grc' dir='ltr'>Κ1.</span> <span class='ocrx_word' id='word_1_430' title='bbox 140 4335 295 4426; x_wconf 78' lang='lat' dir='ltr'>Burlope</span> <span class='ocrx_word' id='word_1_431' title='bbox 335 4336 499 4407; x_wconf 77' lang='lat' dir='ltr'>belundet</span> <span class='ocrx_word' id='word_1_432' title='bbox 540 4360 604 4408; x_wconf 81' lang='lat' dir='ltr'>oon</span> <span class='ocrx_word' id='word_1_433' title='bbox 645 4337 707 4408; x_wconf 80' lang='lat' dir='ltr'>cler</span> <span class='ocrx_word' id='word_1_434' title='bbox 742 4337 872 4408; x_wconf 79' lang='lat' dir='ltr'>Kirclte</span> <span class='ocrx_word' id='word_1_435' title='bbox 913 4360 938 4407; x_wconf 88' lang='lat' dir='ltr'>s.</span> <span class='ocrx_word' id='word_1_436' title='bbox 974 4337 1157 4407; x_wconf 81' lang='lat' dir='ltr'>Laurentii</span> <span class='ocrx_word' id='word_1_437' title='bbox 1197 4337 1236 4405; x_wconf 82' lang='lat' dir='ltr'>ln</span> <span class='ocrx_word' id='word_1_438' title='bbox 1271 4336 1396 4407; x_wconf 73' lang='lat' dir='ltr'>Beludc</span> <span class='ocrx_word' id='word_1_439' title='bbox 1437 4338 1547 4426; x_wconf 74' lang='lat' dir='ltr'>clulpe</span> <span class='ocrx_word' id='word_1_440' title='bbox 1583 4337 1692 4408; x_wconf 78' lang='lat' dir='ltr'>Lente</span> <span class='ocrx_word' id='word_1_441' title='bbox 1732 4338 1784 4408; x_wconf 83' lang='lat' dir='ltr'>ulc</span> <span class='ocrx_word' id='word_1_442' title='bbox 1826 4338 2080 4430; x_wconf 76' lang='lat' dir='ltr'>Wochszinstpc</span> 
     </span>
     <span class='ocr_line' id='line_1_37' title="bbox 702 4440 1425 4534; baseline 0.001 -20"><span class='ocrx_word' id='word_1_443' title='bbox 702 4445 842 4534; x_wconf 65' lang='lat' dir='ltr'>pelunfl</span> <span class='ocrx_word' id='word_1_444' title='bbox 868 4467 912 4514; x_wconf 74' lang='lat' dir='ltr'>zu</span> <span class='ocrx_word' id='word_1_445' title='bbox 938 4443 1053 4517; x_wconf 81' lang='lat' dir='ltr'>buben.</span> <span class='ocrx_word' id='word_1_446' title='bbox 1110 4440 1208 4514; x_wconf 83' lang='grc'><strong><em>1300</em></strong></span> <span class='ocrx_word' id='word_1_447' title='bbox 1236 4443 1342 4513; x_wconf 71' lang='lat' dir='ltr'>Mdrz</span> <span class='ocrx_word' id='word_1_448' title='bbox 1370 4447 1425 4515; x_wconf 80' lang='lat'>12.</span> 
     </span>
     <span class='ocr_line' id='line_1_38' title="bbox 186 4557 2079 4646; baseline 0.002 -23"><span class='ocrx_word' id='word_1_449' title='bbox 186 4559 242 4623; x_wconf 81' lang='lat' dir='ltr'>Or.</span> <span class='ocrx_word' id='word_1_450' title='bbox 266 4559 405 4644; x_wconf 75' lang='grc'><strong><em>11111191.</em></strong></span> <span class='ocrx_word' id='word_1_451' title='bbox 433 4559 539 4624; x_wconf 76' lang='lat' dir='ltr'><strong><em>Sc-A.</em></strong></span> <span class='ocrx_word' id='word_1_452' title='bbox 563 4583 602 4624; x_wconf 79' lang='lat' dir='ltr'>zu</span> <span class='ocrx_word' id='word_1_453' title='bbox 625 4559 803 4639; x_wconf 83' lang='lat' dir='ltr'>Hannover,</span> <span class='ocrx_word' id='word_1_454' title='bbox 840 4561 893 4626; x_wconf 88' lang='grc' dir='ltr'>Κ1.</span> <span class='ocrx_word' id='word_1_455' title='bbox 919 4561 1058 4645; x_wconf 74' lang='lat' dir='ltr'>Barlaqe</span> <span class='ocrx_word' id='word_1_456' title='bbox 1081 4557 1142 4626; x_wconf 79' lang='lat' dir='ltr'>Nr.</span> <span class='ocrx_word' id='word_1_457' title='bbox 1167 4558 1197 4624; x_wconf 89' lang='grc'>4.</span> <span class='ocrx_word' id='word_1_458' title='bbox 1243 4559 1379 4623; x_wconf 80' lang='lat' dir='ltr'>Danaclz</span> <span class='ocrx_word' id='word_1_459' title='bbox 1401 4562 1488 4644; x_wconf 74' lang='lat' dir='ltr'>pedr.</span> <span class='ocrx_word' id='word_1_460' title='bbox 1512 4585 1538 4623; x_wconf 86' lang='lat' dir='ltr'>v.</span> <span class='ocrx_word' id='word_1_461' title='bbox 1563 4559 1760 4646; x_wconf 67' lang='lat' dir='ltr'>Hodenberp,</span> <span class='ocrx_word' id='word_1_462' title='bbox 1795 4562 1979 4646; x_wconf 79' lang='lat' dir='ltr'>Diepltolzar</span> <span class='ocrx_word' id='word_1_463' title='bbox 2005 4561 2035 4625; x_wconf 85' lang='lat' dir='ltr'><em>U</em></span> <span class='ocrx_word' id='word_1_464' title='bbox 2038 4562 2079 4626; x_wconf 90' lang='lat' dir='ltr'>B.</span> 
     </span>
     <span class='ocr_line' id='line_1_39' title="bbox 264 4663 766 4748; baseline 0.008 -21"><span class='ocrx_word' id='word_1_465' title='bbox 264 4666 361 4732; x_wconf 74' lang='lat' dir='ltr'>Anu</span> <span class='ocrx_word' id='word_1_466' title='bbox 388 4663 432 4748; x_wconf 85' lang='lat' dir='ltr'>n,</span> <span class='ocrx_word' id='word_1_467' title='bbox 459 4665 492 4730; x_wconf 82' lang='lat' dir='ltr'>s,</span> <span class='ocrx_word' id='word_1_468' title='bbox 519 4666 581 4729; x_wconf 80' lang='lat' dir='ltr'>nr</span> <span class='ocrx_word' id='word_1_469' title='bbox 606 4665 665 4729; x_wconf 77' lang='lat' dir='ltr'>ru.</span> <span class='ocrx_word' id='word_1_470' title='bbox 689 4666 766 4731; x_wconf 82' lang='lat'><strong><em>318.</em></strong></span> 
     </span>
    </p>
   </div>
   <div class='ocr_carea' id='block_1_10' title="bbox 1010 4795 1125 4871">
    <p class='ocr_par' dir='ltr' id='par_1_11' title="bbox 1010 4795 1125 4871">
     <span class='ocr_line' id='line_1_40' title="bbox 1010 4795 1125 4871; baseline 0.009 -1"><span class='ocrx_word' id='word_1_471' title='bbox 1010 4795 1125 4871; x_wconf 84' lang='lat'><strong><em>1643.</em></strong></span> 
     </span>
    </p>
   </div>
   <div class='ocr_carea' id='block_1_11' title="bbox 40 4917 2080 5432">
    <p class='ocr_par' dir='ltr' id='par_1_12' title="bbox 40 4917 2080 5207">
     <span class='ocr_line' id='line_1_41' title="bbox 43 4917 2080 5014; baseline 0.001 -24"><span class='ocrx_word' id='word_1_472' title='bbox 43 4919 206 5008; x_wconf 81' lang='lat' dir='ltr'>Biscbof</span> <span class='ocrx_word' id='word_1_473' title='bbox 225 4919 363 5008; x_wconf 80' lang='lat' dir='ltr'>Ludolf</span> <span class='ocrx_word' id='word_1_474' title='bbox 382 4941 448 4991; x_wconf 81' lang='lat' dir='ltr'>oon</span> <span class='ocrx_word' id='word_1_475' title='bbox 477 4919 626 4990; x_wconf 78' lang='lat' dir='ltr'>Mindon</span> <span class='ocrx_word' id='word_1_476' title='bbox 653 4920 850 5010; x_wconf 77' lang='lat' dir='ltr'>versprlclcl,</span> <span class='ocrx_word' id='word_1_477' title='bbox 879 4920 943 4990; x_wconf 82' lang='lat' dir='ltr'>dos</span> <span class='ocrx_word' id='word_1_478' title='bbox 976 4919 1031 4990; x_wconf 85' lang='lat' dir='ltr'>Kl.</span> <span class='ocrx_word' id='word_1_479' title='bbox 1051 4917 1201 5011; x_wconf 74' lang='lat' dir='ltr'>Burlopc</span> <span class='ocrx_word' id='word_1_480' title='bbox 1227 4921 1289 5009; x_wconf 80' lang='lat' dir='ltr'>fttr</span> <span class='ocrx_word' id='word_1_481' title='bbox 1317 4923 1383 4993; x_wconf 83' lang='lat' dir='ltr'>den</span> <span class='ocrx_word' id='word_1_482' title='bbox 1411 4944 1457 4992; x_wconf 81' lang='lat' dir='ltr'>un</span> <span class='ocrx_word' id='word_1_483' title='bbox 1485 4923 1598 4993; x_wconf 79' lang='lat' dir='ltr'>Ritter</span> <span class='ocrx_word' id='word_1_484' title='bbox 1628 4921 1777 4994; x_wconf 79' lang='lat' dir='ltr'>Gerlach</span> <span class='ocrx_word' id='word_1_485' title='bbox 1804 4944 1866 4994; x_wconf 82' lang='lat' dir='ltr'>von</span> <span class='ocrx_word' id='word_1_486' title='bbox 1895 4923 2080 5014; x_wconf 76' lang='lat' dir='ltr'>Gropeliny</span> 
     </span>
     <span class='ocr_line' id='line_1_42' title="bbox 40 5025 2080 5120; baseline 0.003 -25"><span class='ocrx_word' id='word_1_487' title='bbox 40 5025 251 5113; x_wconf 67' lang='lat' dir='ltr'>emkouflen</span> <span class='ocrx_word' id='word_1_488' title='bbox 280 5027 357 5113; x_wconf 73' lang='lat' dir='ltr'>Hos</span> <span class='ocrx_word' id='word_1_489' title='bbox 383 5026 421 5096; x_wconf 79' lang='lat' dir='ltr'>lu</span> <span class='ocrx_word' id='word_1_490' title='bbox 449 5025 622 5097; x_wconf 84' lang='lat' dir='ltr'>Hollweole</span> <span class='ocrx_word' id='word_1_491' title='bbox 653 5048 767 5114; x_wconf 78' lang='lat' dir='ltr'>wepen</span> <span class='ocrx_word' id='word_1_492' title='bbox 800 5026 863 5097; x_wconf 78' lang='lat' dir='ltr'>cler</span> <span class='ocrx_word' id='word_1_493' title='bbox 890 5025 966 5096; x_wconf 84' lang='lat' dir='ltr'>dem</span> <span class='ocrx_word' id='word_1_494' title='bbox 995 5025 1136 5096; x_wconf 80' lang='lat' dir='ltr'>Kloster</span> <span class='ocrx_word' id='word_1_495' title='bbox 1170 5027 1283 5098; x_wconf 79' lang='lat' dir='ltr'>daron</span> <span class='ocrx_word' id='word_1_496' title='bbox 1316 5028 1542 5099; x_wconf 72' lang='lat' dir='ltr'>eustebenden</span> <span class='ocrx_word' id='word_1_497' title='bbox 1574 5028 1822 5120; x_wconf 74' lang='lat' dir='ltr'>Fordmnapen</span> <span class='ocrx_word' id='word_1_498' title='bbox 1855 5029 2010 5101; x_wconf 80' lang='lat' dir='ltr'>sebodlos</span> <span class='ocrx_word' id='word_1_499' title='bbox 2036 5053 2080 5102; x_wconf 73' lang='lat' dir='ltr'>zu</span> 
     </span>
     <span class='ocr_line' id='line_1_43' title="bbox 825 5132 1313 5207; baseline -0.004 -5"><span class='ocrx_word' id='word_1_500' title='bbox 825 5132 947 5207; x_wconf 76' lang='lat' dir='ltr'>holten.</span> <span class='ocrx_word' id='word_1_501' title='bbox 1002 5134 1095 5203; x_wconf 85' lang='lat'><em>1300</em></span> <span class='ocrx_word' id='word_1_502' title='bbox 1125 5133 1232 5204; x_wconf 77' lang='lat' dir='ltr'>Mdrz</span> <span class='ocrx_word' id='word_1_503' title='bbox 1259 5139 1313 5204; x_wconf 87' lang='lat'>19.</span> 
     </span>
    </p>

    <p class='ocr_par' dir='ltr' id='par_1_13' title="bbox 187 5245 2080 5432">
     <span class='ocr_line' id='line_1_44' title="bbox 187 5245 2080 5338; baseline 0.004 -28"><span class='ocrx_word' id='word_1_504' title='bbox 187 5245 243 5311; x_wconf 84' lang='lat' dir='ltr'>Or.</span> <span class='ocrx_word' id='word_1_505' title='bbox 266 5251 310 5310; x_wconf 84' lang='lat' dir='ltr'>im</span> <span class='ocrx_word' id='word_1_506' title='bbox 333 5246 405 5332; x_wconf 75' lang='lat' dir='ltr'>Kpl.</span> <span class='ocrx_word' id='word_1_507' title='bbox 432 5246 535 5312; x_wconf 73' lang='lat' dir='ltr'><strong><em>Sc-A.</em></strong></span> <span class='ocrx_word' id='word_1_508' title='bbox 561 5271 600 5312; x_wconf 79' lang='lat' dir='ltr'>zu</span> <span class='ocrx_word' id='word_1_509' title='bbox 623 5247 800 5331; x_wconf 62' lang='lat' dir='ltr'>Hannone,</span> <span class='ocrx_word' id='word_1_510' title='bbox 836 5246 887 5313; x_wconf 90' lang='grc' dir='ltr'>Κ1.</span> <span class='ocrx_word' id='word_1_511' title='bbox 915 5248 1054 5334; x_wconf 72' lang='lat' dir='ltr'>Burluye</span> <span class='ocrx_word' id='word_1_512' title='bbox 1077 5247 1136 5313; x_wconf 84' lang='lat' dir='ltr'>Nr.</span> <span class='ocrx_word' id='word_1_513' title='bbox 1160 5249 1191 5314; x_wconf 83' lang='lat'>5.</span> <span class='ocrx_word' id='word_1_514' title='bbox 1238 5249 1372 5314; x_wconf 77' lang='lat' dir='ltr'>Danoclz</span> <span class='ocrx_word' id='word_1_515' title='bbox 1400 5251 1488 5336; x_wconf 77' lang='lat' dir='ltr'>pedr.</span> <span class='ocrx_word' id='word_1_516' title='bbox 1512 5275 1539 5315; x_wconf 85' lang='lat' dir='ltr'>o.</span> <span class='ocrx_word' id='word_1_517' title='bbox 1564 5249 1760 5338; x_wconf 63' lang='lat' dir='ltr'>Hodeabery,</span> <span class='ocrx_word' id='word_1_518' title='bbox 1796 5250 1981 5338; x_wconf 67' lang='lat' dir='ltr'>Drbpbolzer</span> <span class='ocrx_word' id='word_1_519' title='bbox 2007 5249 2080 5317; x_wconf 88' lang='lat' dir='ltr'>UB.</span> 
     </span>
     <span class='ocr_line' id='line_1_45' title="bbox 268 5351 753 5432; baseline 0.006 -16"><span class='ocrx_word' id='word_1_520' title='bbox 268 5351 352 5419; x_wconf 78' lang='lat' dir='ltr'>Abu.</span> <span class='ocrx_word' id='word_1_521' title='bbox 377 5353 423 5432; x_wconf 84' lang='lat'>11,</span> <span class='ocrx_word' id='word_1_522' title='bbox 445 5352 478 5419; x_wconf 85' lang='lat' dir='ltr'>S.</span> <span class='ocrx_word' id='word_1_523' title='bbox 506 5353 568 5417; x_wconf 84' lang='grc'>145</span> <span class='ocrx_word' id='word_1_524' title='bbox 592 5353 652 5420; x_wconf 86' lang='lat' dir='ltr'>Nr.</span> <span class='ocrx_word' id='word_1_525' title='bbox 676 5352 753 5422; x_wconf 85' lang='grc'><strong><em>319.</em></strong></span> 
     </span>
    </p>
   </div>
   <div class='ocr_carea' id='block_1_12' title="bbox 0 0 2516 6773">
    <p class='ocr_par' dir='ltr' id='par_1_14' title="bbox 0 0 2516 6773">
     <span class='ocr_line' id='line_1_46' title="bbox 0 0 2516 6773; baseline 0 0"><span class='ocrx_word' id='word_1_526' title='bbox 0 0 2516 6773; x_wconf 95' lang='lat' dir='ltr'> </span> 
     </span>
    </p>
   </div>
  </div>
 </body>
</html>
