5174 6798
446 422 488 490 16
1371 432 1545 495 lala-1216

447 635 564 702 Minda
591 631 762 718 quandam
785 631 912 696 curtem
934 629 970 694 in
993 627 1072 692 villa
1093 627 1228 712 Eygere,
1258 645 1324 710 que
1347 626 1440 692 iuxta
1464 627 1622 694 Rintelen
1645 627 1710 692 sita
1732 627 1784 692 est
1813 621 1849 692 'et
1872 646 1974 710 quam
1997 647 2018 693 a
2039 628 2136 696 nobis
2168 627 2205 696 in
2228 630 2328 698 feudo
2350 635 2469 716 tenuit,

444 761 506 826 pro
534 739 669 824 triginta
696 739 729 802 et
760 736 892 801 duabus
919 733 1037 798 marcis
1061 752 1080 796 a
1102 731 1300 814 wichgravio
1325 735 1540 815 comparavit,
1571 736 1609 799 ut
1632 735 1674 802 de
1697 733 1828 814 debitis,
1859 733 1981 816 quibus
2003 733 2039 798 in
2062 734 2313 820 osnaburgensi
2336 739 2468 804 civitate
2559 759 2564 770 ·

446 845 663 931 implicitus¹)
694 844 802 908 iuerat
826 843 859 906 et
880 841 981 906 fidem
1005 859 1100 904 suam
1123 840 1292 922 posuerat,
1316 838 1496 921 expediret.
1543 839 1694 923 Triginta
1715 857 1843 904 marcas
1866 839 1993 904 addixit
2015 840 2079 923 ipsi
2103 840 2304 923 wichgravio
2328 846 2362 908 et
2384 845 2469 910 duas

446 953 629 1019 Thithardo
657 949 750 1014 113111
779 967 851 1028 suo,
879 951 917 1010 ut
939 943 1100 1028 emptioni
1131 944 1239 1009 eidem
1263 946 1352 1008 esset
1374 945 1597 1011 consentiens.
1644 945 1871 1027 Wichgravius
1893 945 2007 1028 itaque
2031 946 2180 1012 eiusdem
2203 949 2306 1014 curtis
2329 949 2468 1015 seudum

444 1060 543 1124 nobis
566 1059 646 1122 tunc
668 1053 846 1136 resignavit
868 1053 902 1118 et
928 1070 990 1115 nos
1017 1051 1256 1134 proprietatem
1290 1049 1439 1116 eiusdem
1463 1050 1564 1116 curtis
1587 1051 1693 1117 sancti
1721 1052 1884 1118 iohannis
1911 1051 2062 1137 33113131)
2086 1053 2297 1137 contulimus,
2332 1056 2468 1123 domino

445 1163 622 1248 Ludolpho
648 1162 808 1243 pincerna
835 1157 937 1222 113113
965 1155 1155 1239 wichgravii
1184 1155 1284 1221 etiam
1311 1155 1423 1238 ipsum
1452 1155 1589 1222 feudum
1618 1160 1755 1241 propter
1784 1158 2035 1224 habundantem
2059 1140 2222 1224 cantelam
2244 1161 2290 1226 ad
2311 1180 2410 1227 usum
2434 1164 2468 1226 et

443 1268 703 1336 iurisdictionem
737 1263 876 1328 ecclesie
910 1263 1017 1328 sancti
1046 1261 1207 1328 iohannis
1235 1281 1297 1345 per
1325 1281 1444 1328 manus
1473 1281 1551 1328 suas
1578 1283 1599 1328 a
1626 1264 1836 1346 porrectione
1870 1282 1988 1328 manus
2023 1270 2138 1331 nostre
2165 1265 2251 1332 sicut
2279 1268 2381 1336 moris
2415 1270 2469 1332 est

442 1376 633 1458 recipiente.
691 1371 785 1436 Idem
814 1388 950 1452 quoque
974 1367 1170 1450 Ludolphus
1209 1367 1369 1450 pincerna
1403 1367 1535 1434 duobus
1563 1369 1690 1434 civibus
1720 1370 1761 1435 de
1789 1369 1921 1436 civitate
1950 1369 2126 1451 Mindensi,
2158 1372 2285 1438 scilicet
2308 1373 2467 1437 Heinrico

443 1482 550 1564 Reget
566 1481 599 1544 et
613 1480 807 1543 Hermanno
831 1477 961 1540 Remen
985 1474 1113 1538 ratione
1138 1473 1318 1558 homagii³>
1340 1473 1526 1556 predictum
1549 1474 1686 1539 feudum
1710 1474 1744 1538 in
1760 1494 1905 1557 persona
1921 1475 2008 1541 dicte
2024 1477 2162 1542 ecclesie
2180 1482 2214 1541 et
2229 1477 2468 1544 canonicorum

441 1586 594 1670 prestitit,
622 1586 741 1667 postea
766 1601 845 1647 vero
872 1582 991 1645 iterum
1018 1580 1156 1644 veniens
1185 1579 1229 1642 ad
1258 1599 1320 1643 nos
1349 1579 1520 1661 predictus
1544 1580 1740 1663 Ludolphus
1770 1581 1930 1663 pincerna
1959 1581 2155 1664 preteritum
2190 1581 2314 1648 lactum
2349 1583 2470 1666 petivit

442 1691 605 1771 innovari,
630 1692 664 1755 et
687 1709 749 1754 nos
772 1690 893 1754 iterum
917 1687 959 1750 de
980 1686 1085 1750 verbo
1108 1685 1214 1769 ipsius
1237 1686 1477 1767 proprietatem
1500 1687 1577 1750 ante
1601 1687 1681 1750 satis
1705 1687 1838 1751 cautam
1861 1689 1898 1752 ut
1920 1688 2091 1770 potuimus
2112 1689 2330 1771 solempniter
2345 1689 2469 1754 iterare

441 1797 638 1864 curavimus.
686 1796 731 1860 Ut
754 1797 866 1858 autem
888 1793 950 1858 hec
973 1793 1045 1855 rata
1068 1791 1135 1856 sint
1158 1792 1191 1855 et
1213 1791 1417 1870 inconvulsa,
1447 1790 1655 1872 privilegium
1678 1789 1831 1876 sygillot)
1864 1795 1979 1857 nostro
2002 1793 2148 1877 presenti
2171 1813 2366 1878 expressum
2386 1815 2468 1878 pre-
2564 1801 2565 1806 ’

442 1885 529 1969 dicte
553 1903 691 1967 ecclesie
714 1899 922 1965 conscribere
947 1896 1093 1962 lecimus.
1141 1896 1262 1960 Actum
1285 1915 1373 1961 anno
1395 1897 1504 1978 gracie
1526 1896 1731 1961 hl⁰CC⁰XIlL

660 2007 682 2076 ι)
700 2005 843 2074 impliciter
861 2003 895 2057 A.
933 2003 1038 2070 ’isam
1057 2001 1090 2054 A.
1129 2001 1269 2066 ¹)homari
1288 2000 1321 2053 A.
1359 2001 1383 2070 4)
1402 2001 1493 2070 sygilli
1511 2002 1597 2054 nostri
1614 2001 1649 2054 A.

575 2109 670 2176 Ncclr
692 2113 749 2174 der
770 2109 905 2174 Abrclrr.
930 2109 983 2172 des
1007 2106 1057 2172 10.
1083 2107 1194 2171 Jalrh.
1218 2110 1252 2170 in
1275 2107 1350 2171 Msc.
1382 2103 1451 2185 VII,
1475 2103 1574 2185 2702,
1601 2105 1635 2172 S.
1651 2105 1697 2170 60
1718 2110 1762 2170 im
1778 2107 1850 2192 qu.
1870 2107 1977 2173 St-A.
1999 2131 2039 2172 zu
2059 2109 2198 2174 Minster
2221 2110 2288 2194 (A).
2335 2108 2470 2195 Enyern

655 2215 830 2302 9393311131·
852 2213 978 2279 Rr'atelrr
1001 2237 1042 2277 arr
1064 2214 1120 2278 der
1148 2210 1259 2280 Werer.

1430 2375 1495 2452 52.

442 2506 595 2596 Bisclwf
616 2506 764 2577 Koarad
790 2527 856 2576 roa
883 2503 1032 2574 Minderr
1057 2502 1246 2593 versprielrt
1272 2503 1334 2573 mit
1359 2502 1597 2590 Zustimmuag
1623 2502 1683 2574 des
1702 2501 1937 2594 Domlcupitels
1964 2505 2029 2575 dos
2049 2503 2320 2576 Noanerrlrlcster
2340 2503 2468 2576 Vorn·

442 2611 567 2708 hagan
608 2613 645 2683 in
681 2612 757 2682 dem
791 2612 908 2682 Bestia
948 2609 1011 2680 der
1046 2609 1171 2679 diesem
1210 2630 1286 2678 rom
1326 2606 1463 2696 Grafea
1498 2608 1686 2678 Berchcrrl
1720 2629 1782 2679 von
1826 2609 1944 2702 Wo'lpe
1980 2611 2200 2702 geschenktea
2238 2611 2389 2683 Zehrrterr
2424 2635 2471 2682 err

1162 2713 1326 2790 3311111333.
1384 2715 1421 2787 0.
1450 2713 1484 2789 J.
1512 2713 1748 2804 (1213-15).

578 2831 672 2899 Gedr.
703 2831 783 2894 nael
810 2831 878 2894 (1313
901 2829 956 2896 Or.
980 2834 1025 2894 im
1047 2829 1120 2916 th.
1147 2829 1252 2895 sc-A.
1276 2852 1316 2894 zu
1338 2829 1514 2908 Huaaouer,
1545 2831 1718 2895 Martensee
1747 2829 1807 2896 Nr.
1831 2830 1854 2895 6
1880 2855 1908 2895 r.
1932 2829 2128 2917 Hodenberp,
2159 2829 2366 2917 Caleuberger
2392 2830 2468 2897 ΗΒ.

655 2936 750 3002 Abit.
781 2933 817 3016 V,
848 2935 883 3001 S.
907 2934 929 2998 8
957 2934 1018 3001 Nr.
1041 2937 1073 3004 5.
1121 2935 1235 3021 Regest
1258 2935 1405 3002 Zer'tschr.
1430 2937 1460 3002 d.
1484 2936 1553 3000 hiet.
1583 2933 1653 3001 Ver.
1676 2938 1701 3016 f.
1725 2934 1972 3002 Niederacrlrserr
1998 2937 2051 3022 Jg.
2079 2936 2165 3002 1860
2194 2936 2228 3004 S.
2251 2936 2296 3002 97
2325 2935 2386 3003 Nr.
2413 2937 2467 3005 10.

664 3041 774 3130 Wegerr
800 3045 999 3126 Vornhagen
1031 3044 1091 3128 r9l.
1120 3067 1147 3108 r.
1172 3041 1358 3126 Hodenberg
1381 3065 1410 3106 a.
1435 3065 1464 3106 a.
1490 3039 1527 3108 0.
1555 3038 1615 3106 Nr.
1642 3041 1670 3108 1.
1716 3041 1779 3107 Die
1802 3041 1977 3128 Datr'erurrq
2011 3043 2114 3128 ergibt
2135 3043 2202 3107 ricla
2224 3044 2353 3122 (131333,
2389 3045 2470 3107 dara

656 3149 788 3213 Korrrad
801 3149 979 3234 srrilsertene
1004 3147 1090 3212 1213
1116 3147 1292 3233 bestcitipter
1317 3147 1455 3226 Bisclrof
1470 3147 1576 3211 warde
1608 3148 1680 3232 (egl.
1705 3147 1754 3211 die
1778 3149 1871 3212 elam.
1895 3171 1935 3212 eu
1957 3146 2023 3213 Na·
2041 3147 2097 3232 87)
2125 3151 2191 3213 aad
2217 3173 2276 3213 aue
2306 3151 2362 3214 der
2392 3147 2468 3214 Ver·
2565 3165 2566 3170 ’

657 3258 769 3342 leycag
784 3256 838 3322 des
853 3255 993 3320 Klosterr
1008 3277 1066 3319 ron
1082 3257 1281 3338 Vornhagen
1296 3254 1379 3318 naeu
1394 3253 1575 3330 Mariearee,
1600 3254 1650 3317 die
1666 3251 1752 3316 1215
1770 3252 1851 3339 Sept.
1871 3252 1912 3317 19
1927 3254 2066 3338 ersolpte‚
2083 3278 2108 3319 s.
2124 3265 2217 3320 antea
2237 3253 2315 3320 Urlr.
2332 3252 2393 3320 Nr.
2410 3253 2468 3318 ⁶3.

1426 3434 1492 3512 53.

442 3565 513 3636 Die
545 3563 705 3652 Bischr'r'se
738 3584 803 3635 von
837 3561 996 3650 Mindon,
1034 3560 1241 3649 Osaabrr'tch,
1277 3561 1438 3632 Mrtnster
1471 3559 1542 3631 aad
1576 3559 1776 3631 Paderborn
1817 3559 2001 3631 schlieasea
2033 3562 2130 3632 elaea
2173 3562 2320 3652 Vertrog
2352 3585 2471 3651 weyers

931 3667 1160 3757 Behoadluap
1187 3667 1547 3739 Eacommurririerter.
1605 3666 1643 3738 0:
1671 3666 1705 3739 J.
1734 3666 1972 3754 (1213—16).

550 3806 752 3889 C(onradns)
788 3804 849 3870 Dei
886 3802 995 3888 gracia
1029 3803 1210 3868 Mindensis
1249 3804 1437 3886 episcopus,
1476 3801 1698 3886 G(erhardus)
1732 3802 1792 3866 Dei
1831 3803 1940 3884 gracia
1974 3801 2239 3886 Osnaburgensis
2275 3803 2469 3885 episcopus,

443 3913 636 3998 0333331
659 3908 1060 3994 graciaMonasteriensis
1083 3909 1273 3992 episcopus,
1296 3908 1542 3988 Bemhardus1)
1566 3907 1627 3972 Dei
1651 3906 1794 3993 gracia²)
1818 3908 2052 3974 Palbernensis
2076 3908 2263 3991 episcopus.
2310 3910 2408 3974 Pium
2435 3913 2471 3973 et

443 4021 568 4085 iustum
603 4038 677 4084 esse
711 4036 780 4082 non
813 4016 1004 4099 ignoramus
1039 4015 1270 4080 ecclesiasticis
1308 4014 1466 4078 insudare
1507 4013 1736 4078 sanctionibus
1774 4015 1808 4078 et
1845 4014 2059 4081 ecclesiarum
2096 4014 2270 4098 providere
2308 4015 2470 4097 periculis

443 4125 652 4206 maximeque
684 4123 942 4200 considerantes,
970 4123 1005 4185 in
1034 4120 1386 4186 excommunicationis
1417 4119 1556 4184 articulo
1581 4118 1820 4185 ecclesiasticas
1842 4120 1996 4186 vacillare
2019 4140 2182 4204 personas
2205 4122 2239 4185 in
2264 4120 2408 4185 arcendo
2434 4125 2470 4184 et

443 4231 598 4297 evitando
633 4228 742 4294 minus
777 4227 1090 4308 excommunicatos,
1128 4229 1191 4292 hac
1221 4229 1337 4291 mutua
1365 4217 1605 4291 deliberatione
1639 4227 1865 4308 convenimus,
1901 4228 1991 4310 quod
2029 4229 2070 4292 de
2104 4227 2175 4290 iure
2207 4227 2321 4290 tamen
2356 4225 2470 4290 facere

445 4337 652 4414 deberemus,
680 4334 788 4400 arcius
819 4353 859 4398 ex
888 4332 1012 4398 vicaria
1042 4333 1339 4416 compromissione
1362 4331 1606 4414 stringeremur,
1637 4331 1763 4397 scilicet
1784 4337 1822 4396 ut
1845 4333 1872 4397 si
1896 4333 2017 4416 aliquis
2041 4335 2193 4397 nostrum
2217 4331 2401 4413 quemlibet
2425 4351 2470 4396 ex

443 4461 584 4510 censura
618 4439 838 4506 ecclesiastica
869 4438 1200 4504 excommunicaverit
1227 4436 1390 4520 nobisque
1412 4437 1449 4503 id
1471 4437 1588 4502 litteris
1612 4439 1681 4504 suis
1704 4439 1894 4520 signaverit,
1928 4439 2040 4521 ipsum
2074 4437 2208 4521 publice
2236 4435 2469 4502 excommuni-

443 4550 554 4614 catum
578 4547 814 4612 denunciamus
836 4564 898 4627 per
919 4545 1027 4609 totum
1051 4544 1282 4627 episcopatum
1303 4543 1517 4625 pronunciari
1541 4545 1574 4608 et
1597 4545 1705 4610 arcius
1729 4545 1844 4609 evitari
1866 4544 2099 4627 percipiamus,
2124 4561 2186 4608 nec
2209 4543 2245 4608 id
2266 4543 2334 4608 ullo
2351 4543 2468 4626 modo,

444 4654 557 4720 favore
578 4653 632 4718 vel
654 4653 773 4735 gracia,
797 4650 1018 4716 familiaritate
1042 4648 1093 4714 vel
1117 4649 1402 4731 consanguinitate
1427 4650 1629 4716 omittamus.
1667 4650 1717 4715 Ne
1732 4670 1811 4715 vero
1827 4651 1915 4715 iuste
1930 4649 2137 4732 penitudinis
2152 4650 2246 4714 locus
2263 4649 2315 4714 vel
2330 4650 2469 4732 tempus

443 4760 658 4845 peccantibus
693 4755 842 4822 subtrahi
878 4755 1035 4834 videatur,
1078 4754 1330 4837 quatuordecim
1364 4755 1493 4820 dierum
1529 4757 1681 4821 inducias
1716 4757 1960 4836 constituimus,
1998 4755 2033 4818 in
2068 4755 2192 4838 quibus
2227 4755 2396 4820 conveniri
2432 4759 2470 4820 et

444 4867 626 4934 ammoneri
658 4866 766 4948 possit
792 4865 832 4943 is,
867 4882 967 4945 quem
1001 4861 1351 4927 excommunicationis
1382 4864 1549 4928 sententia
1576 4864 1691 4945 tangit.
1738 4861 1804 4940 Qui
1836 4863 1865 4925 si
1891 4861 1976 4926 torte
2006 4861 2196 4926 satisfacere
2222 4861 2375 4942 voluerit,
2412 4861 2467 4926 sui

443 4972 686 5042 ammonicione
709 4969 856 5054 episcopi
878 4969 1131 5034 intercessorem
1154 4970 1188 5032 et
1210 4969 1426 5034 mediatorem
1449 4989 1547 5034 suum
1570 4970 1679 5052 possit
1702 4968 1825 5034 habere
1849 4968 2039 5033 antistitem.

658 5080 680 5143 ¹)
700 5077 731 5131 D.
749 5076 779 5142 (1)
800 5074 834 5126 A.
872 5074 895 5141 ¹)
913 5074 1002 5142 gracia
1013 5073 1087 5142 fehlt
1104 5072 1138 5125 A.

575 5182 669 5246 Naclr
691 5182 746 5244 der
768 5178 902 5243 Abrchr.
927 5179 981 5244 der
1006 5177 1126 5244 11111.
1149 5182 1183 5242 ia
1198 5179 1275 5244 11133.
1299 5176 1369 5258 VII,
1391 5177 1479 5243 2401
1506 5176 1540 5243 S.
1559 5177 1600 5243 47
1624 5182 1668 5242 im
1683 5177 1756 5264 qu.
1775 5177 1882 5244 Sc-A.
1898 5201 1938 5242 eu
1953 5179 2094 5244 1111133131
2111 5179 2180 5262 (A).
2221 5176 2314 5254 „Dar
2331 5177 2465 5262 Kopicr,

654 5287 781 5352 welches
802 5307 912 5349 uasere
934 5287 1050 5368 eineiye
1073 5282 1178 5364 erelte
1199 5288 1250 5362 iet,
1275 5285 1331 5348 bat
1353 5288 1417 5350 eine
1439 5285 1522 5348 nicht
1542 5307 1581 5348 eu
1604 5285 1800 5370 eretzrffirnde
1815 5281 1938 5348 Initiale
1963 5285 2033 5370 (scir
2055 5286 2114 5350 den
2129 5281 2253 5348 Numen
2276 5283 2330 5348 der
2346 5283 2467 5369 podera·

659 5393 771 5458 homer
795 5390 967 5478 Birclrosr),
990 5392 1040 5456 die
1061 5394 1119 5455 mit
1139 5389 1172 5453 D
1195 5392 1269 5455 noch
1291 5392 1341 5456 die
1362 5393 1468 5456 meiere
1483 5390 1701 5456 Aelalichkeit
1721 5392 1783 5458 tar.
1830 5391 1924 5456 Dicae
1946 5393 2051 5456 wirde
2075 5390 2150 5456 aber
2166 5412 2222 5454 voa
2238 5391 2319 5454 allen
2328 5388 2464 5474 paderb.

2566 4399 2567 4480 l

2565 4523 2567 4628 l

2566 4669 2567 4764 l
