5506 6826
1087 382 1154 438 ress
2049 361 2117 436 275

1058 580 1149 658 899.

98 711 261 787 menn
288 707 426 796 chdolf
446 729 511 779 oon
539 706 707 777 Arnbeirn
735 706 843 796 eipnet
870 705 1162 884 (1611111110νὶεὲὶῇ
1187 728 1259 886 ngr9
1270 705 1418 777 Mindon
1445 707 1502 776 ein
1521 707 1623 778 Hans
1655 709 1690 778 in
1721 705 1907 781 Suthrem.
1963 709 2116 782 Mindon

969 817 1045 885 268
1118 822 1181 884 dra
1233 860 1274 884 n.

197 934 359 1002 Ludoltus
393 933 513 999 nobilis
543 933 585 997 de
609 933 757 997 Arnhem
789 931 952 997 universis
987 933 1049 996 hoc
1081 932 1246 1015 scriptum
1276 931 1397 996 visuris
1432 933 1584 998 salutem.
1642 934 1693 998 Ne
1727 954 1768 998 ea
1802 955 1868 1017 que
1901 931 2117 1001 laudabiliter

99 1045 248 1128 geruntur
270 1041 305 1106 in
328 1042 479 1124 tempore
503 1058 577 1104 cum
600 1041 753 1121 tempore
776 1038 941 1120 labantur,
965 1058 1034 1103 non
1057 1038 1221 1104 immerito
1238 1039 1422 1103 litterarum
1444 1040 1598 1122 apicibus
1621 1039 1824 1105 muniuntur.
1860 1041 1992 1106 Teuore
2016 1041 2117 1125 igitur

99 1149 295 1233 presentium
331 1151 399 1214 tam
423 1145 639 1229 presentibus
662 1165 764 1229 quam
792 1144 912 1211 suturis
934 1145 1154 1227 declaramus
1176 1145 1271 1227 quod
1305 1165 1368 1210 nos
1398 1145 1640 1230 proprietatem
1665 1147 1784 1212 domus
1812 1147 1846 1211 in
1869 1147 2027 1212 Suthrem
2049 1150 2114 1214 site

98 1277 165 1321 cum
191 1253 347 1320 omnibus
379 1251 562 1318 attinentiis
589 1253 659 1316 tam
687 1251 792 1335 pratis
820 1271 921 1333 quarn
947 1251 1035 1334 agris
1070 1252 1111 1317 de
1140 1271 1307 1318 consensu
1335 1252 1497 1317 heredum
1533 1256 1725 1319 nostrorum
1760 1252 1887 1318 scilicet
1919 1253 2052 1320 Ludolti
2081 1255 2116 1320 et

98 1361 231 1428 Conradi
255 1359 393 1425 ecclesie
416 1359 523 1424 suncti
547 1358 694 1424 Mauricii
721 1358 756 1422 in
781 1359 894 1424 Insula
923 1357 1027 1423 libere
1054 1361 1088 1422 et
1110 1358 1261 1424 absolute
1291 1359 1495 1423 contulimus
1518 1359 1757 1440 possidendam
1788 1362 1822 1424 et
1842 1360 2003 1444 quicquid
2034 1361 2116 1426 iuris

97 1467 192 1532 nostri
220 1466 282 1531 luit
310 1465 473 1530 hactenus
500 1465 536 1529 in
564 1465 682 1530 eadem
709 1465 826 1545 domo,
858 1484 924 1547 que
956 1465 996 1530 de
1027 1467 1143 1530 nostro
1174 1485 1254 1531 vero
1280 1463 1343 1529 fuit
1371 1465 1590 1546 patrimonia,
1619 1466 1770 1548 predicte
1794 1467 1933 1531 ecclesie
1957 1471 2116 1548 presente

96 1572 268 1640 venerabili
300 1572 435 1638 domino
464 1571 587 1637 Ottoue
620 1571 777 1654 episcopo
810 1571 974 1637 Mindensi
1005 1571 1244 1656 resignavimus
1276 1571 1467 1636 universum
1505 1571 1568 1654 ipsi
1599 1591 1620 1636 a
1648 1572 1701 1637 die
1725 1573 1914 1638 donationis
1937 1574 2024 1640 facte
2047 1575 2115 1640 iam

96 1680 174 1745 dicte
198 1679 320 1744 domus
345 1677 529 1742 dominium
555 1677 790 1760 relinquentes.
838 1677 947 1742 Huius
970 1678 1018 1742 rei
1047 1680 1150 1742 testes
1178 1681 1274 1743 sunt:
1310 1678 1465 1743 dominus
1490 1677 1659 1744 Arnoldus
1689 1679 1730 1742 de
1763 1679 1925 1758 schinne,
1960 1681 2115 1746 dominus

97 1785 281 1850 Lodewicus
306 1787 452 1868 Sprunc,
481 1785 638 1865 magister
658 1783 836 1848 Heinricus
864 1784 1080 1867 cappellanus
1105 1783 1262 1868 episcopi,
1300 1784 1454 1850 dominus
1485 1783 1654 1850 lohannes
1687 1785 1728 1849 de
1755 1784 1922 1869 Ekessen,
1958 1787 2115 1854 dominus

96 1891 260 1956 conradus
290 1891 332 1956 de
360 1891 554 1972 Dekersten,
590 1890 746 1955 dominus
777 1889 1014 1956 Hellenbertus
1034 1890 1256 1971 Camerarius,
1285 1891 1422 1970 milites3
1455 1891 1625 1957 lohannes
1654 1893 1687 1955 et
1715 1891 1894 1957 Heinricus
1919 1892 2040 1960 fratres
2072 1895 2114 1959 de

93 1997 277 2078 Bardeleve,
304 1997 482 2062 Heinricus
505 1999 638 2079 Sprunc
661 1999 695 2061 et
719 1996 774 2061 alii
798 1997 1045 2080 quamplures.
1103 1998 1226 2062 Datum
1248 1998 1284 2062 in
1307 1997 1421 2062 Minda
1449 2000 1482 2062 et
1512 1997 1637 2063 ibidem
1665 1997 1772 2080 sigillo
1800 2002 1914 2064 nostro
1948 2000 2115 2083 signatum

94 2123 172 2168 anno
195 2101 330 2168 Domini
353 2102 694 2183 M⁰.CC⁰.LX⁰.VIII⁰.,
716 2102 787 2168 x1⁰.
810 2102 978 2168 Kalendas
1002 2102 1137 2185 Aprilis.

216 2207 274 2272 Or.
298 2212 343 2272 ein
365 2207 439 2294 Kpt.
463 2205 567 2273 Se-A.
592 2231 632 2273 en
655 2209 804 2286 illicem,
830 2209 930 2272 Moriz
951 2208 1017 2272 nnd
1033 2206 1158 2273 Simeon
1180 2212 1214 2272 in
1238 2209 1365 2273 Minden
1388 2206 1447 2273 Nn.
1460 2207 1540 2275 33a.
1591 2208 1696 2294 Siepel
1716 2233 1784 2274 omn
1803 2208 2115 2298 Perqementstrerfen

300 2315 485 2402 abpefatteu.
532 2315 610 2400 Ans
630 2317 685 2380 der
707 2314 868 2380 Rinken'te
890 2337 947 2379 non
970 2314 1069 2379 Hand
1090 2317 1143 2380 des
1168 2313 1220 2379 16.
1240 2315 1370 2383 dubria:
1394 2317 1434 2382 de
1458 2318 1558 2382 domo
1581 2315 1617 2381 in
1642 2317 1789 2382 Suthren
1816 2318 1899 2383 alias
1927 2320 1961 2384 in
1986 2319 2115 2386 Buclre·

299 2423 411 2488 borch.
460 2421 554 2488 Gedr.
582 2421 735 2488 Znnetr.
759 2423 812 2487 dee
833 2423 939 2487 histor.
963 2419 1088 2487 Vereins
1102 2423 1168 2507 fir
1191 2419 1446 2500 Niederenclrsen,
1468 2421 1583 2508 Jatrp.
1609 2421 1697 2486 1853
1722 2421 1755 2488 S.
1771 2420 1844 2490 103.

1046 2583 1131 2660 900

90 2711 235 2801 Bisclrof
258 2712 335 2784 ono
363 2734 426 2783 non
455 2712 605 2784 Mindon
632 2712 704 2783 und
732 2711 907 2782 Hillemor
934 2710 1018 2800 Voqt
1043 2733 1108 2782 eon
1127 2710 1362 2799 Sclennmbnrp
1387 2711 1563 2784 beinnden
1592 2714 1658 2784 den
1680 2712 1840 2803 Veniens
1860 2715 1952 2786 nnec
1973 2717 2114 2788 Hnnses

375 2821 413 2890 in
432 2815 606 2890 Suthrem
637 2841 683 2889 on
711 2819 774 2889 dns
803 2818 997 2907 Morinstist
1024 2839 1083 2889 ver
1112 2817 1267 2890 Minden.
1323 2819 1474 2890 Mindon
1503 2817 1604 2892 1268
1635 2819 1741 2891 Μανῆ
1767 2820 1828 2894 22.

185 2939 307 3003 Frater
341 2935 420 3001 Otto
452 2937 671 3019 permissione
711 2937 823 3003 divina
850 2937 1031 3002 hlindensis
1062 2937 1199 3002 ecclesie
1233 2936 1411 3020 episcopus
1439 2940 1472 3002 et
1495 2938 1699 3003 Hillemarus
1731 2940 1913 3005 advocatus
1943 2942 1985 3007 de
2008 2943 2114 3008 Scho-

89 3044 264 3109 wenburch
289 3042 454 3108 universis
481 3044 544 3107 hoc
578 3044 738 3126 scriptum
765 3043 887 3108 visuris
921 3044 1064 3108 salutem
1098 3044 1133 3107 in
1164 3043 1315 3109 Domino.
1364 3043 1449 3108 Acta
1480 3044 1712 3127 sollempniter
1751 3046 1841 3112 delet
1874 3048 2013 3131 oblivio,
2049 3050 2114 3116 nisi

88 3151 326 3232 scripturarum
350 3150 528 3216 fulciantur
551 3149 730 3233 privilegio.
777 3150 863 3214 Hinc
887 3152 947 3230 est,
972 3151 1062 3233 quod
1090 3150 1255 3215 universis
1283 3152 1352 3215 tam
1384 3151 1596 3233 presentibus
1623 3170 1724 3233 quam
1753 3152 1873 3218 tuturis
1898 3157 2016 3220 notum
2040 3176 2114 3222 esse

89 3257 245 3338 cupimus,
272 3257 365 3339 quod
388 3256 594 3320 Wernherus
617 3257 725 3322 dictus
748 3257 855 3321 Glode
878 3259 912 3322 et
936 3256 1110 3322 Conradus
1133 3258 1235 3323 frater
1258 3277 1340 3322 suus
1364 3257 1510 3340 acceptis
1534 3259 1576 3323 ab
1603 3258 1744 3323 ecclesia
1771 3259 1879 3325 sancti
1903 3261 2054 3327 Mauricii
2077 3261 2114 3328 in

88 3361 193 3427 Insula
216 3363 388 3428 Mindensi
410 3363 547 3446 triginta
581 3365 615 3426 et
642 3365 717 3428 octo
742 3362 858 3427 marcis
887 3363 1022 3428 domum
1046 3382 1147 3427 unam
1177 3362 1211 3427 in
1235 3363 1393 3428 Suthrem
1416 3365 1515 3429 sitam
1545 3382 1622 3429 cum
1647 3364 1803 3431 omnibus
1833 3367 2017 3433 attinentiis
2041 3369 2112 3434 suis

89 3469 124 3532 de
145 3489 315 3535 consensu
338 3471 499 3534 heredum
523 3489 661 3534 suorum
689 3469 756 3533 iam
780 3469 866 3534 dicte
890 3469 1031 3534 ecclesie
1052 3469 1279 3543 vendiderunt
1306 3471 1340 3534 et
1367 3469 1464 3535 nobis
1486 3471 1697 3554 presentibus
1726 3471 1760 3535 in
1783 3492 1902 3538 manus
1927 3473 2056 3540 abbatis
2080 3479 2114 3542 et

88 3579 266 3641 conventus
304 3575 409 3659 ipsius
443 3575 574 3641 cenobii
608 3575 797 3641 cumomni
821 3576 907 3654 iure,
942 3576 1034 3657 quod
1068 3576 1260 3640 habuerunt
1294 3577 1330 3640 in
1358 3577 1461 3660 agris,
1495 3578 1618 3660 pratiS,
1649 3577 1741 3643 silvis
1772 3582 1805 3642 et
1834 3582 1980 3663 pascuis,
2008 3581 2113 3648 libere

88 3681 336 3764 resignaverunt
353 3685 387 3746 et
403 3681 564 3746 absolute.
601 3681 762 3748 Dominus
779 3681 941 3747 Ludolfus
956 3700 1036 3746 vero
1053 3683 1095 3746 de
1110 3683 1261 3748 Arnhem
1277 3685 1454 3749 attendens
1471 3684 1667 3767 dampnum,
1680 3686 1771 3768 quod
1786 3684 1852 3750 iam
1868 3687 1956 3751 dicto
1973 3690 2113 3756 cenobio

87 3787 295 3870 irrogaverat,
319 3788 424 3871 ipsius
448 3789 567 3854 domus
595 3788 850 3871 proprietatem,
886 3809 950 3871 que
984 3789 1024 3854 de
1055 3808 1147 3854 mero
1170 3789 1372 3871 patrimonio
1397 3791 1438 3855 ad
1461 3790 1573 3874 ipsum
1597 3789 1706 3856 tuerat
1729 3792 1901 3874 devoluta,
1929 3794 1997 3860 iam
2024 3797 2113 3862 dicte

87 3895 217 3960 ecclesie
242 3895 386 3961 contulit
410 3898 443 3959 et
464 3896 498 3959 in
523 3895 693 3978 presentia
719 3897 836 3959 nostra
859 3895 1061 3961 constitutus
1089 3895 1193 3961 libere
1217 3896 1397 3980 resignavit
1425 3897 1515 3962 omni
1543 3900 1712 3981 potestate
1742 3899 1777 3964 in
1805 3903 1978 3982 posterum
2002 3904 2112 3986 ipsam

86 4000 213 4065 domum
243 4001 430 4084 impetendi
460 4002 595 4084 penitus
618 4001 772 4083 relegata.
819 4001 889 4065 Nos
914 4005 1043 4083 autem,
1068 4002 1126 4085 qui
1149 4002 1306 4085 predictis
1330 4003 1486 4069 omnibus
1509 4003 1737 4087 interfuimus,
1769 4007 1811 4071 ad
1838 4027 1956 4090 preces
1981 4010 2112 4075 abbatis

85 4109 114 4169 et
133 4111 321 4173 conventus
345 4107 451 4189 sigilla
479 4109 595 4172 nostra
620 4107 769 4191 presenti
792 4108 916 4191 scripto
945 4108 1100 4174 duximus
1130 4109 1340 4192 apponenda.
1389 4111 1498 4175 Huius
1527 4110 1575 4176 rei
1604 4113 1707 4176 testes
1736 4115 1830 4177 sunt:
1867 4115 2023 4181 dominus
2048 4116 2112 4180 Ar-

85 4212 197 4279 noldus
229 4215 274 4280 de
299 4214 462 4292 Schinna,
499 4213 691 4280 Lodewicus
720 4215 869 4297 Sprunc,
904 4215 1073 4280 lohannes
1102 4216 1144 4279 de
1171 4216 1334 4295 thesseo,
1370 4217 1543 4282 Conradus
1575 4218 1616 4282 de
1643 4217 1840 4300 Eckersten,
1875 4221 2111 4289 Helembertus

85 4317 304 4402 Camerarius
327 4320 467 4400 milites3
501 4320 670 4386 lohannes
698 4323 732 4386 et
760 4321 938 4387 Heinricus
963 4324 1004 4388 de
1026 4321 1227 4403 Bardeleve,
1259 4323 1437 4387 Heinricus
1467 4323 1609 4407 Sprunc.
1664 4325 1785 4391 Datum
1813 4326 1849 4390 in
1878 4327 1993 4392 lllinda
2023 4349 2112 4395 anno

84 4425 207 4492 Domini
233 4426 575 4508 M⁰.CC⁰.LX.⁰VIII⁰.,
600 4427 669 4492 x10.
693 4429 862 4494 Kalendas
885 4428 1022 4511 Aprilis.

209 4531 269 4597 Or.
294 4536 339 4596 im
361 4531 433 4618 Kpl.
461 4530 564 4596 se-A.
588 4555 628 4596 en
652 4533 800 4610 Mineter,
826 4533 926 4597 Moriz
947 4557 978 4600 n.
1006 4533 1129 4598 Simeon
1153 4537 1186 4598 in
1210 4534 1337 4598 Mindon
1364 4532 1425 4602 Nr.
1442 4534 1495 4601 33.
1542 4535 1604 4601 Die
1632 4535 1737 4602 beiden
1763 4535 1865 4623 Sicyel
1893 4537 1977 4603 neb-st
1999 4536 2111 4620 Befes-

296 4641 404 4724 tipnnq
431 4641 577 4704 verterat.
625 4639 696 4722 Ans
715 4641 771 4703 der
788 4638 954 4704 Rickaeite
975 4662 1034 4703 oon
1048 4639 1147 4704 Hand
1169 4641 1222 4706 dea
1247 4639 1298 4704 16.
1314 4641 1445 4704 danen:
1475 4645 1646 4724 Suthrem,
1670 4666 1756 4708 wozn
1777 4648 1843 4710 eine
1859 4645 1974 4710 andere
1996 4646 2112 4731 plaici-

294 4747 402 4830 zn'tiqe
423 4745 528 4830 fipte:
562 4747 719 4812 Suthrem
746 4747 780 4811 id
810 4749 862 4811 est
887 4747 1044 4832 supra(t)
1072 4749 1162 4830 quod
1188 4748 1243 4814 ian
1277 4749 1364 4815 iacet
1386 4751 1532 4814 castrum
1559 4750 1776 4816 Buckeborch
1804 4752 1891 4834 (sot).
1934 4748 2028 4816 Ueien
2051 4753 2110 4817 den

302 4847 329 4911 V
327 4861 378 4936 opt
411 4849 567 4914 Hillemar
589 4873 646 4914 von
679 4849 898 4937 Schanncbnrp
932 4853 994 4937 opt.
1030 4876 1056 4918 o.
1082 4853 1216 4938 Aspero,
1254 4852 1326 4918 Cod.
1351 4855 1425 4940 diprl.
1450 4852 1494 4933 II,
1528 4853 1563 4920 S.
1587 4853 1655 4918 225
1687 4853 1774 4923 Note.
1836 4854 1932 4922 θεάν.
1958 4858 2110 4924 Zeincir.

294 4957 348 5021 dee
370 4957 479 5023 histor.
511 4954 636 5023 Vereins
657 4959 683 5038 f.
709 4955 962 5036 Niedersoclnen,
987 4945 1102 5045 Janrpj
1128 4958 1216 5024 1850
1241 4960 1275 5025 S.
1298 4959 1374 5027 323.

1047 5122 1137 5199 901.

83 5242 170 5332 Gref
214 5245 294 5320 otto
334 5268 396 5316 von
424 5246 645 5337 Revensberp
685 5247 877 5339 uberaque
917 5251 980 5320 mit
1006 5249 1246 5340 Znatimennnp
1278 5252 1393 5323 seiner
1421 5251 1521 5322 Fron
1549 5251 1748 5344 (Hedwip),
1812 5254 1922 5324 seinos
1948 5254 2109 5326 Brnders

83 5350 223 5444 Dednnp
259 5352 430 5442 Propstea
464 5375 529 5424 von
562 5375 587 5424 s.
621 5355 761 5426 Jonenn
795 5357 832 5426 in
869 5355 1067 5428 Osnehn'tcln
1099 5357 1172 5428 nnd
1201 5358 1315 5428 seina
1349 5359 1489 5430 Kinder
1523 5358 1599 5429 (16111
1635 5358 1783 5448 Bischol
1813 5359 2009 5452 G(erbord)
2043 5383 2110 5433 von

1829 5478 1893 5542 35*
