5044 6816
1045 439 1111 495 1257
2020 424 2083 490 195

86 649 163 734 parte
182 641 248 708 eius
271 642 383 708 actore
406 637 568 704 existente
593 638 626 702 et
647 636 863 721 postmodum
886 634 959 702 eius
981 635 1228 718 consanguineo
1251 635 1386 700 dondno
1408 633 1568 702 Brunone
1591 635 1749 701 canonico
1778 655 1819 702 ex
1840 639 1936 721 parte
1958 655 2027 702 una
2049 638 2083 703 et

85 744 275 833 lordanum¹)
296 745 435 812 militem
458 743 584 811 dictum
600 743 643 809 de
658 741 880 828 Callendorpe
905 762 947 808 ex
970 742 1074 808 altera
1095 760 1196 826 super
1219 741 1348 807 decima
1366 741 1401 805 in
1417 741 1582 825 superiori
1597 741 1829 827 Callendcrpe,
1852 743 2080 810 mediantibus

85 857 163 925 nobis
186 854 218 918 iu
240 849 379 917 arbitrio
401 850 510 935 sopite
533 852 585 916 est
607 849 671 916 sub
694 850 757 914 hac
778 849 896 916 forma.
941 850 1108 916 Jordanus
1131 847 1227 914 miles
1251 847 1463 932 supradictus
1486 867 1554 914 una
1576 868 1653 914 cum
1668 847 1747 913 filiis
1763 851 1798 915 et
1813 849 1994 918 heredibus
2011 850 2081 918 suis

84 957 247 1046 recognovit
280 961 314 1023 et
340 956 545 1040 integraliter
577 956 621 1024 ab
656 957 747 1022 omni
782 971 919 1041 prorsus
952 955 1164 1040 impeticione
1193 956 1226 1020 et
1254 953 1495 1038 impedimento
1530 955 1665 1038 reliquit
1702 954 1841 1022 ecclesie
1870 959 1903 1021 et
1934 959 2082 1042 capitulo

85 1065 223 1136 Mindensi
256 1065 380 1131 iustam
408 1066 443 1130 et
469 1063 617 1130 debitam
652 1063 815 1129 decimam
842 1063 877 1128 in
900 1062 1056 1130 omnibus
1090 1061 1178 1146 agris
1202 1065 1235 1126 et
1258 1061 1383 1128 mansis
1406 1061 1441 1127 in
1464 1061 1616 1127 orientali
1640 1064 1737 1144 parte
1759 1062 1823 1143 vie,
1858 1084 1925 1146 que
1949 1065 2084 1132 ducite

85 1172 279 1255 Callendorpe
301 1170 337 1235 in
360 1170 515 1254 Lemegc‚
546 1169 618 1236 sitis
642 1190 718 1238 cum
741 1171 833 1236 omni
854 1170 926 1236 iure
949 1171 983 1236 et
1004 1168 1158 1251 utilitate,
1194 1188 1259 1252 que
1283 1167 1402 1234 exinde
1425 1169 1604 1251 provenire
1627 1168 1746 1251 solent,
1771 1170 1804 1234 et
1826 1169 1862 1236 in
1884 1171 2084 1238 occidentali

83 1283 159 1366 parte
188 1277 336 1346 eiusdem
368 1276 421 1342 vie
456 1277 520 1342 sibi
550 1278 586 1342 et
613 1276 683 1344 suis
710 1276 891 1342 heredibus
925 1276 1048 1341 iustam
1077 1279 1112 1342 et
1139 1275 1286 1342 debitam
1320 1275 1482 1340 decimam
1515 1275 1720 1358 integraliter
1753 1276 1900 1342 obtinuit
1935 1277 2082 1360 capitulo

82 1383 220 1453 Mindensi
243 1381 476 1450 consenciente
499 1381 626 1448 eteius
649 1385 762 1448 actore
785 1381 920 1448 domino
935 1381 1124 1467 B(runone)
1147 1381 1348 1466 supradicto.
1396 1383 1444 1447 De
1467 1381 1591 1448 merice
1614 1384 1727 1448 autem
1749 1382 1785 1447 in
1808 1382 1959 1448 orientali
1985 1386 2083 1466 parte

83 1489 247 1574 supradicte
274 1487 327 1554 vie
354 1489 429 1571 sita,
464 1487 494 1554 si
524 1489 610 1554 hanc
637 1489 820 1574 aliquando
853 1488 958 1554 excoli
990 1486 1210 1573 contigerit&
1246 1487 1408 1553 decimam
1442 1487 1606 1570 equaliter
1636 1487 1785 1553 divident
1816 1488 2083 1556 obedienciarius

82 1595 204 1680 capituli,
237 1595 297 1678 qui
319 1597 401 1662 tunc
422 1613 486 1680 pro
508 1597 660 1679 tempore
683 1595 794 1676 fuerit,
826 1599 861 1660 et
881 1593 1079 1680 londanus)
1102 1594 1197 1660 miles
1221 1594 1411 1677 sepedictus
1434 1595 1488 1659 vel
1511 1595 1584 1659 eius
1608 1595 1746 1676 legitimi
1769 1613 1990 1662 successores.
2038 1596 2084 1663 Ut

82 1707 175 1769 autem
204 1700 280 1768 telis
315 1701 482 1768 ordinatio
517 1702 620 1767 robur
648 1701 800 1768 obtineat
829 1701 989 1783 debitum,
1023 1702 1215 1784 presentem
1249 1701 1404 1784 paginam
1438 1701 1564 1782 nostro,
1598 1701 1736 1783 capituli
1764 1701 1868 1767 nostri
1896 1704 1930 1768 et
1958 1702 2084 1769 domini

80 1807 242 1874 Bemhardi
267 1807 389 1873 nobilis
412 1809 454 1874 de
477 1806 598 1890 Lippia
631 1807 745 1890 sigillis
773 1808 929 1874 duximus
956 1807 1193 1872 roborandam.
1239 1806 1347 1871 Huius
1371 1807 1420 1870 rei
1442 1807 1544 1871 testes
1568 1808 1662 1871 sunt:
1697 1806 1902 1874 Wernherus
1927 1808 2085 1890 decanus,

80 1911 258 1998 Ludolphus'
294 1913 400 1979 dictus
439 1913 554 1996 Posth,
592 1913 741 1998 Widego,
779 1912 895 1979 Bruno
933 1916 967 1979 et
998 1913 1164 1980 lordanus
1203 1912 1353 1978 canonici
1388 1912 1595 1992 Mindenses3
1634 1913 1849 1996 Eggelbertus
1889 1913 2084 1998 Gogravius,

80 2020 253 2086 Thidericus
277 2021 319 2086 de
342 2019 451 2102 Uilen,
486 2019 709 2087 Godescaleus
732 2019 843 2086 metus
866 2020 1020 2100 Weneth,
1047 2018 1206 2084 Albertus
1231 2018 1425 2102 Gogravius‚
1453 2019 1627 2084 'lidericus
1651 2020 1692 2084 de
1716 2019 1869 2100 Hilbeke‚
1906 2021 2084 2088 Heinricus

80 2127 112 2190 de
131 2125 286 2210 Rottorpe
310 2128 344 2190 et
368 2125 542 2192 Conradus
566 2128 607 2192 de
630 2127 834 2210 Spenthove‚
857 2127 991 2208 milites,
1022 2127 1055 2190 et
1079 2125 1134 2191 alii
1157 2145 1258 2209 quam
1281 2127 1404 2209 plures.
1450 2125 1537 2190 Acta
1559 2127 1639 2192 sunt
1662 2127 1724 2191 hec
1746 2125 1838 2192 iuxta
1861 2127 2083 2211 Callendorpe

79 2252 151 2297 anno
172 2231 301 2298 Domini
324 2232 575 2315 M⁰.GC.LVII⁰.‚
599 2233 684 2300 XIII.
707 2234 877 2300 Kalendas
901 2231 1066 2298 Octobris.

273 2335 296 2407 ¹)
315 2337 459 2392 Iordanem
477 2337 511 2391 A.
550 2337 573 2409 ¹)
592 2339 753 2409 contingerit
770 2337 805 2392 A.

190 2423 352 2512 Abeclm'fi
372 2427 426 2492 des
448 2425 501 2492 14.
524 2426 578 2492 ch.
601 2431 636 2491 in
658 2427 735 2494 Mec.
765 2424 836 2505 VII,
859 2425 958 2505 2401,
984 2424 1020 2491 S.
1044 2426 1087 2490 45
1117 2429 1162 2490 im
1184 2423 1259 2510 Kyl.
1286 2423 1392 2490 ›St-A.
1416 2449 1456 2490 zu
1478 2427 1620 2491 Mamer
1642 2425 1711 2511 (A).
1758 2426 1852 2493 θεάν.
1884 2426 2084 2506 Wairdtweia,

272 2529 368 2597 Suis.
392 2533 467 2620 dipl.
497 2529 552 2614 VI,
578 2532 653 2596 441.
700 2531 814 2618 Repete
841 2530 945 2619 Weats.
975 2530 1043 2596 ΠΒ.
1068 2529 1088 2594 Ι
1092 2528 1127 2611 V,
1154 2529 1188 2596 S.
1211 2529 1279 2596 393
1302 2529 1361 2597 Nr.
1387 2529 1462 2612 717,
1487 2530 1580 2618 Lippa
1605 2531 1703 2618 Repp.
1730 2531 1758 2607 I,
1784 2531 1818 2598 S.
1839 2532 1905 2598 204
1929 2531 1990 2597 Νν.
2006 2531 2084 2612 293,

269 2639 348 2704 Mae.
373 2637 418 2719 II,
445 2637 519 2718 189,
543 2637 603 2704 Νν.
626 2637 703 2704 674.
750 2641 973 2722 Callendorpe
997 2642 1039 2703 iet
1061 2637 1212 2717 Kalldort
1233 2641 1278 2701 ν’ννν
1300 2639 1374 2724 ἶν’ννρ.
1401 2637 1478 2702 Ami
1506 2635 1688 2704 Varenlsolz.

1026 2784 1118 2860 crs.
1190 2741 1195 2775 '

76 2907 194 3001 Hereop
211 2909 333 2982 Albcrt
355 2933 418 2982 eoa
437 2911 587 2984 Surisca
612 2911 804 3002 gerelmipt
830 2911 897 2982 dee
923 2909 1084 2999 Verlcoas
1094 2931 1160 2982 voa
1179 2911 1311 2983 θνὶννννν
1329 2912 1368 2981 ia
1386 2909 1520 2982 Acium
1537 2935 1570 2981 νν.
1591 2910 1758 3000 Echderf
1778 2935 1824 2984 ua
1843 2913 1909 2984 dus
1928 2911 2084 2984 Murtia-

658 3016 736 3107 slisl
762 3019 800 3088 ν’νν
828 3018 986 3089 Micelae.
1042 3015 1144 3089 1257
1171 3016 1361 3090 November
1388 3015 1483 3106 l(.2).

164 3135 324 3200 Albertus
347 3136 408 3201 Dei
430 3137 539 3219 gracia
562 3136 629 3202 dux
652 3137 806 3218 Saxonie
829 3135 976 3219 Angarie
1000 3135 1218 3202 etWestlalie
1237 3136 1500 3221 inperpetuum.
1548 3137 1593 3201 Ut
1616 3155 1657 3202 ea
1679 3157 1745 3220 quc
1768 3135 1855 3202 fiunt
1877 3138 1913 3202 in
1936 3140 2084 3221 tempore

76 3257 137 3304 cum
162 3243 315 3324 tempore
342 3260 411 3306 non
438 3241 604 3324 labantur,
638 3243 824 3308 litterarum
852 3243 963 3308 solent
989 3242 1147 3314 memorie
1178 3243 1414 3309 commendari.
1461 3243 1586 3309 Notum
1614 3244 1712 3326 igitur
1740 3263 1814 3309 esse
1839 3245 1992 3329 cupimus
2017 3249 2087 3311 tam

74 3347 220 3426 presentis
242 3347 407 3432 temporis
430 3363 532 3431 quam
555 3347 659 3414 futuri
682 3347 960 3414 christifidelibus
983 3349 1160 3432 universis,
1185 3349 1285 3432 quod,
1309 3369 1385 3414 cum
1409 3350 1633 3414 Marcwardus
1657 3351 1690 3415 et
1715 3349 1887 3415 Conradus
1912 3353 1954 3416 de
1977 3352 2085 3418 Broke

74 3450 147 3519 bona
167 3473 229 3520 sua
251 3456 289 3522 in
313 3455 483 3520 Achchem
505 3455 570 3520 sita
591 3455 775 3521 Mindensis
799 3455 940 3521 diocesis
964 3475 1039 3520 eum
1064 3457 1195 3521 duobus
1218 3456 1343 3520 mansis
1366 3457 1402 3520 in
1417 3456 1593 3540 Eehdorpe
1609 3455 1735 3522 eisdem
1751 3458 1849 3523 bonis
1864 3457 1901 3522 in
1915 3459 2086 3525 Achchem

75 3559 276 3628 attinentibus
310 3563 436 3628 decano
463 3563 497 3628 et
523 3562 668 3646 capitulo
697 3565 804 3628 sancti
827 3562 959 3628 Martini
982 3561 1145 3627 Mindensi
1176 3562 1405 3627 vendidissent
1429 3563 1463 3626 et
1485 3562 1543 3628 illa
1565 3563 1713 3628 venditio
1737 3563 1800 3628 sibi
1824 3567 1897 3630 rata
1920 3584 1994 3630 esse
2017 3584 2086 3631 non

72 3668 179 3747 posset,
202 3667 269 3734 nisi
292 3670 409 3735 nostra
431 3668 585 3736 voluntas
608 3668 782 3734 accederet
804 3670 837 3733 et
859 3687 1054 3749 consensus,
1090 3688 1130 3733 eo
1153 3668 1243 3751 quud
1267 3669 1432 3734 dictorum
1453 3670 1622 3733 bonorum
1646 3670 1689 3734 ad
1711 3689 1774 3734 nos
1796 3671 1985 3753 proprietas
2009 3691 2086 3755 per-

72 3771 194 3855 tinebat,
228 3793 294 3840 nos
328 3777 464 3842 tandem
498 3795 616 3841 eorum
649 3776 804 3859 precibus
838 3775 987 3840 inclinati
1008 3777 1139 3858 utpote
1162 3775 1220 3857 qui
1244 3775 1433 3840 nostrorum
1456 3794 1590 3859 semper
1613 3775 1878 3842 ministerialium
1902 3777 2086 3843 commodis

71 3873 227 3946 intendere
251 3881 410 3946 volumus
433 3901 509 3946 cum
532 3881 663 3964 effectu,
686 3881 774 3947 dieta
795 3882 886 3947 bona
908 3900 984 3946 cum
1007 3880 1099 3945 omni
1121 3880 1265 3946 utilitate
1288 3901 1349 3946 sua
1372 3883 1405 3946 et
1428 3882 1500 3945 iure
1524 3882 1652 3947 decano
1677 3887 1709 3946 et
1730 3883 1876 3965 capitulo
1901 3886 2085 3950 memorato

71 3980 201 4063 legitima
235 3987 421 4054 donatione
456 3988 653 4054 donavimus
688 3987 901 4072 proprietatis
934 3987 1031 4052 titulo
1059 3989 1094 4052 in
1122 3991 1321 4072 perpetuum
1349 3988 1565 4071 possidenda,
1602 3988 1766 4054 iohannis
1795 3992 1828 4054 et
1850 3989 1982 4055 Alberti
2005 3989 2085 4073 legi-

69 4086 211 4157 tirnomm
238 4094 405 4160 heredum
432 4097 605 4160 nostorum
633 4114 775 4162 assensu
802 4095 900 4162 nobis
928 4095 965 4159 in
988 4089 1143 4158 omnibus
1173 4093 1348 4158 atiavente.
1395 4094 1505 4158 Huius
1529 4094 1577 4158 rei
1600 4095 1704 4160 testes
1727 4097 1817 4160 sunt:
1855 4095 2019 4160 Hemicus
2044 4096 2085 4160 de

71 4191 251 4265 Gatersleve
283 4201 511 4267 marschalcus
534 4203 659 4282 noster,
686 4201 851 4266 Henricus
875 4202 916 4267 de
940 4201 1110 4281 Richowe‚
1140 4199 1305 4265 Henrieus
1329 4200 1371 4264 de
1394 4201 1574 4281 Swintzen,
1603 4200 1794 4265 Alexander
1817 4200 1968 4287 Stumpe‚
2004 4200 2085 4266 Otto

69 4297 202 4370 Bunteeo
237 4307 275 4371 et
303 4305 360 4371 alii
388 4306 642 4390 quamplures.
698 4307 821 4372 Actum
848 4325 937 4372 anno
965 4305 1098 4372 Domini
1127 4305 1395 4387 M⁰.CC⁰.LVII⁰.,
1431 4309 1467 4370 V.
1500 4305 1616 4371 Nonas
1645 4306 1854 4373 Novembris.
1910 4307 1955 4372 Ut
1984 4307 2085 4390 igitur

69 4403 178 4473 lactum
211 4412 309 4479 istud
342 4411 476 4478 firmum
510 4432 643 4496 semper
670 4415 703 4478 et
729 4413 945 4478 irrevocabile
972 4414 1174 4496 perseveret,
1208 4412 1364 4494 paginam
1390 4413 1477 4476 hanc
1510 4411 1772 4478 testimonialem
1806 4413 1884 4477 inde
1919 4413 2085 4479 conscribi

69 4508 193 4582 fecimus
215 4519 253 4583 et
278 4517 381 4601 sigilli
403 4519 508 4584 nostri
531 4520 737 4603 appensione
760 4520 894 4602 signari.

190 4620 245 4688 Or.
270 4626 318 4688 ν’ννν
340 4623 460 4689 Arellio
481 4625 535 4689 cles
557 4623 610 4689 ΚΖ.
627 4623 863 4690 Oberalcirelsea.
905 4622 1007 4709 diepel
1027 4623 1117 4688 iubat
1140 4623 1343 4709 Befestiqunp
1366 4625 1514 4690 uerlorea.
1567 4621 1661 4691 θεάν.
1685 4625 1766 4688 caeli
1781 4624 1850 4688 ἀνννν
1869 4623 1922 4687 Ον.
1946 4622 2085 4712 Weispeo-

268 4751 379 4808 νννανννι,
408 4727 481 4795 UB.
505 4729 559 4796 dea
583 4727 676 4816 Stefla
699 4729 928 4797 Obernkirclien
957 4727 992 4794 S.
1014 4728 1059 4793 25
1082 4727 1142 4794 Νν.
1165 4727 1221 4796 62.
1267 4728 1379 4814 Repest
1407 4727 1638 4816 Wiqcpeirnann,
1663 4729 1762 4816 chy.
1788 4728 1955 4796 selauno.
1982 4728 2016 4796 S.
2044 4729 2086 4796 79

273 4833 335 4900 Nr.
359 4835 435 4901 164.
480 4834 530 4899 Im
550 4834 672 4901 Dolum
694 4835 789 4902 eteekl
809 4837 868 4900 wel
889 4840 940 4902 eia
961 4833 1085 4902 Fater.

67 5083 200 5178 Bisclsot
233 5088 427 5164 Wideleiad
456 5111 522 5162 νονν
553 5091 703 5163 Mindec
738 5090 908 5164 samnites
942 4965 1174 5164 eiaeassbvti‘eit
1207 5093 1267 5163 des
1295 5091 1554 5180 Maricastifies
1581 5094 1620 5164 ν’νν
1649 5091 1799 5164 Mindea
1831 5094 1893 5164 mil
1933 5092 2086 5186 IAppold

297 5217 362 5267 voa
390 5195 618 5268 Mmtdelslolv.
674 5197 858 5290 (llfiaden)
885 5199 932 5270 im
960 5199 1082 5271 Haase
1109 5197 1170 5270 dcc
1197 5199 1443 5290 Dorapropslce
1470 5197 1568 5271 1257
1598 5197 1789 5271 November
1815 5201 1850 5270 2.

157 5312 414 5400 W(idekindus)
442 5313 503 5380 Dei
530 5313 637 5402 gratia
666 5315 847 5381 Mindensis
877 5315 1016 5383 ecclesie
1044 5317 1220 5399 episeopus
1251 5315 1415 5382 universis
1444 5317 1510 5382 hoc
1534 5317 1695 5400 scriptum
1718 5317 1917 5401 inspecturis
1941 5317 2083 5384 salutem

66 5411 93 5476 in
112 5416 266 5486 Domino.
318 5420 409 5486 Scire
436 5420 588 5488 volumus
619 5441 746 5505 omnes,
776 5425 817 5488 ad
849 5443 934 5508 quos
957 5442 1096 5507 presens
1126 5423 1287 5505 scriptum
1314 5423 1508 5507 perveneat,
1538 5422 1630 5506 quod
1652 5441 1714 5487 nos
1738 5422 1937 5489 discordiam
1960 5425 2047 5490 inter
2057 5424 2084 5512 ¹)

1804 5548 1870 5612 25*
