5168 6798
407 439 451 505 92
1153 377 1161 396 ι
1384 453 1452 508 1240

406 667 469 715 nos
498 650 738 735 proprietatem
772 649 860 714 dicte
891 649 1010 714 domus
1038 649 1080 714 de
1108 667 1274 714 consensu
1307 648 1448 714 fratrum
1472 651 1505 714 et
1527 649 1688 714 heredum
1711 652 1902 714 nostrorum
1931 649 2039 716 eidem
2063 649 2203 717 eeclesie
2226 652 2426 718 contulimus

407 756 450 821 ob
474 759 652 840 parentum
675 757 865 820 nostrorum
889 756 921 819 et
944 754 1051 820 nostri
1071 754 1264 820 memoriam
1280 755 1315 820 in
1330 774 1371 820 ea
1386 755 1601 838 perhenniter
1616 754 1811 821 taciendam.
1857 756 1974 822 Testes
1991 758 2101 821 eutem
2117 759 2213 824 sunt:
2236 758 2427 824 Bemardus

404 862 596 945 prepositus
619 860 809 942 Buecensis,
844 859 1064 926 widekindus
1088 860 1342 926 archidiaconus
1364 861 1400 926 iu
1421 859 1602 942 Mandesle,
1638 860 1797 926 Otbertus
1826 861 2014 928 cellerarius
2045 861 2081 928 in
2104 862 2239 930 Buclren
2263 864 2296 930 et
2318 865 2428 932 Theo·

405 967 535 1033 doricus
564 966 779 1050 cappellanus
808 966 849 1031 de
881 966 968 1030 Hoia
1002 966 1128 1047 elerici3
1162 967 1363 1049 Guntherus,
1398 967 1597 1050 nothgerus,
1632 966 1823 1033 Beruardus
1847 971 1880 1033 et
1902 967 2071 1034 Amoldus
2105 969 2291 1037 Curlehake
2315 974 2349 1038 et
2371 971 2427 1037 alii

404 1072 619 1156 quamplures
653 1071 773 1137 milites
805 1072 838 1137 et
869 1072 1031 1154 armigeri.
1082 1072 1169 1138 Acta
1198 1075 1278 1139 sunt
1305 1073 1367 1139 lrec
1400 1072 1436 1138 in
1462 1071 1550 1137 Hoia
1583 1072 1716 1156 publice
1751 1093 1838 1140 anno
1862 1073 1996 1140 Domini
2018 1073 2239 1140 M⁰.CC⁰.XL⁰.
2264 1077 2298 1142 et
2319 1076 2428 1160 sigillo

404 1180 520 1243 nostro
544 1180 578 1243 et
600 1178 711 1243 fratris
735 1178 799 1242 mei
822 1177 1003 1244 Buccensis
1025 1178 1192 1262 prepositi
1209 1178 1245 1245 in
1267 1182 1467 1264 perpetuam
1490 1179 1681 1244 memoriam
1706 1179 1856 1262 sigillata.

620 1285 640 1351 ²)
659 1283 720 1337 Or..·
738 1284 913 1353 competebat.

539 1371 595 1436 Or.
619 1377 663 1437 im
686 1371 759 1458 Kpl.
786 1371 891 1437 ast-A.
914 1394 954 1437 zu
976 1372 1127 1451 Minatur,
1151 1372 1272 1439 Leccam
1293 1371 1357 1436 Nr.
1381 1369 1434 1451 46,
1465 1375 1524 1436 mit
1543 1377 1619 1437 zuei
1642 1371 1766 1458 seqare
1787 1376 1822 1437 in
1843 1377 1981 1439 iecissem
2011 1371 2136 1438 Wuelrer
2171 1375 2203 1460 1)
2227 1375 2281 1440 ἄεε
2306 1374 2429 1460 Gaudeo

616 1499 674 1542 oon
711 1475 800 1566 Hoya
833 1480 891 1542 mit
926 1478 982 1542 ἄεν
1017 1476 1204 1554 Uowclrrift:
1239 1479 1445 1546 SIGILLUM
1477 1477 1629 1544 HERICI
1659 1479 1716 1544 DE
1745 1479 2115 1562 STUMPENHUSEN,
2152 1483 2209 1546 wie
2239 1480 2428 1568 Abbtldunp

616 1607 644 1647 c.
668 1582 865 1670 Hodenberp‚
897 1583 1003 1671 Hoyer
1029 1582 1061 1647 U
1063 1584 1100 1651 B.
1126 1583 1152 1664 I,
1187 1582 1257 1669 Tus.
1284 1584 1302 1647 1
1333 1582 1407 1672 Fip.
1430 1583 1462 1662 2,
1496 1583 1609 1668 2)dee
1633 1583 1779 1670 Propriae
1800 1606 1858 1650 oon
1880 1583 2019 1666 Bricken,
2054 1589 2136 1672 zeipt
2156 1588 2291 1653 oitzcnde
2313 1585 2427 1674 Fipur,

616 1691 729 1755 iader
752 1689 856 1755 linteo
878 1689 978 1754 Hand
1004 1691 1112 1775 offerres
1134 1690 1235 1769 Buelr,
1269 1694 1304 1755 in
1331 1691 1387 1756 ἄεν
1412 1690 1534 1756 rechma
1557 1690 1755 1776 Palaemone,
1792 1688 1980 1776 Umeoluaft:
2013 1693 2047 1758 S.
2072 1693 2300 1760 BERNARDI
2324 1693 2428 1760 PRE-

616 1797 764 1864 POSl‘l'l
787 1795 1039 1864 BUCCENSIS.
1063 1833 1107 1846 --
1130 1797 1283 1862 Borende
1313 1793 1465 1884 Wrirtanp
1485 1799 1529 1860 tm
1545 1795 1792 1862 loonooerrcten
1807 1795 1884 1860 Amr
1903 1796 2073 1864 Ιειεόεηαεε
2110 1797 2185 1883 Auf
2196 1799 2252 1865 ἄεν
2267 1797 2428 1866 Rdeleeite

615 1924 673 1967 eon
696 1901 795 1967 Hand
817 1903 870 1969 dee
896 1901 946 1968 16.
970 1902 1102 1966 Jalula:
1124 1924 1215 1988 uppe
1241 1905 1255 1968 1
1282 1905 1346 1968 hus
1369 1905 1405 1968 to
1429 1903 1569 1970 Hemme
1592 1921 1683 1988 uppe
1706 1904 1747 1968 de
1770 1904 1909 1972 Boerne.

401 2137 552 2230 Bisobof
571 2139 683 2212 Jalrob
709 2161 775 2212 ooo
802 2139 1000 2211 Palestrr'ou
1032 2139 1140 2210 erteilt
1173 2139 1272 2228 alteo,
1306 2138 1363 2210 die
1394 2159 1473 2209 zum
1500 2137 1647 2211 Neabou
1673 2139 1737 2211 der
1762 2135 1888 2211 Kirolre
1919 2139 1993 2211 ared
2020 2139 2079 2212 deo
2105 2140 2166 2213 Εἰ.
2195 2139 2330 2214 Luem
2358 2141 2428 2214 bei-

906 2251 1033 2336 tropen,
1060 2246 1159 2316 cinea
1187 2243 1472 2335 dreiesiqtlipr'pen
1498 2245 1635 2316 Abluss.
1690 2245 1796 2318 Poris
1822 2249 1928 2318 1240.

509 2365 624 2431 Frater
652 2363 795 2431 Jacobus
830 2361 1042 2428 miseratione
1076 2363 1188 2428 divina
1216 2361 1433 2428 Penestrinus
1467 2361 1645 2448 episcopus
1679 2361 1859 2446 apostolice
1889 2363 1977 2430 sedis
2005 2364 2132 2448 legatus
2160 2363 2236 2431 lieet
2269 2365 2428 2450 indignus

403 2471 569 2538 universis
593 2489 654 2555 per
677 2470 910 2535 Coloniensem
933 2469 1137 2554 provinciam
1161 2469 1349 2536 constitutis
1372 2469 1512 2534 salutem
1537 2468 1572 2534 in
1588 2469 1740 2535 Domino.
1788 2468 1963 2552 Quoniam,
1988 2473 2025 2535 ut
2041 2470 2087 2535 ait
2103 2471 2285 2554 apostolus,
2310 2491 2429 2538 omnes

400 2577 585 2644 astabimus
620 2579 698 2644 ente
731 2575 877 2642 tribunal
910 2575 1031 2641 Christi
1066 2577 1232 2660 recepturi
1265 2578 1366 2659 prout
1401 2576 1597 2658 incorpore
1624 2575 1798 2659 gessimus
1833 2576 1904 2641 sive
1926 2577 2054 2643 bonum
2077 2577 2176 2642 luerit
2198 2577 2267 2642 sive
2290 2577 2429 2660 malurn,

399 2687 535 2768 oportet
568 2703 629 2749 nos
658 2682 746 2747 diem
775 2681 951 2747 messionis
981 2684 1127 2747 extreme
1159 2681 1383 2748 misericordie
1406 2681 1564 2765 operibus
1587 2683 1760 2766 prevenire
1784 2701 1823 2747 ao
1845 2685 2034 2748 eternorum
2058 2683 2181 2750 intuitu
2204 2684 2369 2750 seminare
2392 2686 2430 2750 in

401 2790 510 2871 ienis,
539 2790 631 2873 quod
653 2789 815 2854 reddente
838 2787 980 2856 Domino
1004 2808 1079 2853 uum
1102 2788 1322 2872 multiplicato
1345 2789 1454 2855 fructu
1477 2787 1665 2872 recolligere
1689 2788 1871 2854 debeamus
1893 2787 1927 2852 in
1951 2789 2040 2870 celle,
2068 2787 2199 2854 firmam
2222 2809 2317 2872 spem
2341 2787 2430 2856 lidu-

400 2897 556 2979 ciamque
579 2897 742 2977 tenentes
767 2894 925 2979 quoniam
942 2895 999 2978 qui
1015 2915 1115 2979 parce
1131 2896 1283 2974 seminat,
1307 2914 1406 2979 parce
1422 2897 1456 2960 et
1471 2896 1583 2976 metet,
1607 2895 1714 2976 etqui
1730 2894 1872 2959 seminat
1894 2895 1929 2959 in
1944 2895 2243 2977 benedictionibus,
2266 2896 2309 2961 de
2324 2895 2430 2962 bene-

403 3001 606 3068 dictionibus
635 3004 669 3068 et
697 3005 807 3067 metet.
868 3001 951 3067 Cum
986 3001 1087 3085 igitur
1114 3002 1239 3090 ¹dilecte
1274 3000 1308 3066 in
1338 3001 1470 3066 Christo
1501 3019 1666 3083 pauperes
1697 2999 1867 3066 abbatissa
1894 3003 1928 3067 et
1948 3003 2131 3067 conventus
2154 3001 2186 3066 in
2213 3001 2363 3068 Lereren
2386 3003 2430 3068 de

404 3108 521 3174 ordine
545 3109 763 3191 Gysterciensi
794 3129 862 3174 non
885 3107 1032 3173 habeant
1055 3106 1239 3188 facultates,
1264 3107 1353 3172 unde
1377 3106 1549 3172 ecclesiam
1573 3125 1669 3170 suam
1692 3109 1726 3171 et
1749 3106 1931 3174 claustrum
1954 3127 2053 3172 suum
2076 3105 2241 3189 edificent,
2265 3108 2429 3174 universi-

401 3217 507 3280 tatem
537 3218 684 3280 vestram
712 3233 879 3298 rogamus
914 3233 1090 3280 monemus
1118 3215 1151 3278 et
1173 3215 1347 3279 hortamur
1369 3213 1403 3278 in
1427 3213 1569 3278 Domino
1593 3233 1632 3279 ac
1654 3213 1690 3277 in
1712 3214 1941 3279 remissionem
1964 3214 2059 3279 robis
2082 3213 2286 3296 iniungimus
2309 3233 2429 3297 pecca-

400 3323 524 3402 torum,
559 3322 718 3404 quatinus
753 3323 795 3386 de
822 3322 920 3386 bonis
948 3320 1042 3385 robis
1067 3341 1086 3386 a
1109 3320 1179 3386 Deo
1207 3319 1334 3385 collatis
1364 3320 1438 3404 pias
1468 3319 1665 3385 elemosinas
1689 3322 1722 3384 et
1745 3322 1838 3404 grata
1861 3321 1908 3385 eis
1932 3319 2077 3386 caritatis
2101 3319 2251 3385 subsidia
2274 3321 2428 3404 erogetis,

403 3430 441 3493 ut
463 3447 524 3513 per
545 3429 691 3493 uestram
714 3427 970 3493 subventionem
994 3446 1109 3492 earum
1131 3425 1244 3509 inopie
1269 3426 1462 3492 consulatur
1485 3428 1519 3491 et
1540 3444 1599 3491 vos
1623 3445 1683 3510 per
1705 3427 1766 3491 hee
1788 3428 1821 3491 et
1838 3425 1903 3491 alia
1917 3426 2018 3506 bona,
2042 3445 2108 3509 que
2123 3425 2268 3492 Domino
2284 3425 2428 3492 feceritis

404 3533 601 3618 inspirante,
627 3534 669 3600 ad
693 3537 807 3599 eterna
828 3533 966 3618 possitis
989 3533 1110 3616 gaudia
1132 3532 1316 3616 pervenire.
1361 3532 1430 3598 Nos
1454 3533 1541 3598 enirn
1565 3533 1607 3597 de
1631 3532 1868 3617 omnipotentis
1884 3531 1945 3597 Dei
1960 3531 2187 3597 misericordia
2203 3535 2236 3598 et
2251 3533 2430 3599 beatorum

402 3638 494 3706 Petri
517 3643 550 3705 et
572 3640 669 3705 Pauli
693 3639 923 3724 apostolorum
946 3639 1072 3705 meritis
1095 3640 1128 3704 et
1151 3639 1389 3705 intercessione
1417 3639 1534 3704 confisi
1567 3639 1722 3704 omnibus
1752 3658 1829 3704 vere
1852 3638 2078 3722 penitentibus
2102 3657 2141 3703 ac
2164 3638 2335 3720 confessis,
2370 3639 2429 3722 qui

403 3747 526 3811 adhoc
544 3767 629 3830 opus
654 3765 792 3813 manum
815 3746 1023 3829 porrexerint
1047 3743 1217 3828 largitatis,
1242 3745 1416 3830 legationis
1433 3745 1610 3811 autoritate
1633 3765 1700 3829 qua
1716 3745 1884 3828 fungimur
1905 3745 2040 3828 triginta
2055 3743 2127 3809 dies
2143 3744 2184 3810 de
2199 3744 2349 3810 iniuncta
2365 3745 2430 3810 sibi

403 3851 593 3936 penitencia
616 3852 879 3918 misericorditer
901 3851 1099 3917 relaxamus.
1146 3853 1269 3918 Datum
1293 3851 1441 3918 Parisios
1465 3872 1553 3918 anno
1578 3852 1711 3919 Domini
1733 3851 1933 3917 M⁰CC⁰XL⁰.

541 3957 595 4024 Or.
619 3961 663 4023 im
686 3958 759 4045 Kpl.
786 3956 893 4023 sr.-A.
924 3981 964 4022 zu
988 3957 1138 4040 Momm,
1172 3957 1292 4023 Leoern
1314 3955 1377 4021 Nr.
1401 3956 1454 4023 47.
1502 3955 1605 4044 Siepel
1633 3981 1691 4022 aue
1720 3961 1857 4022 weiceem
1892 3954 2001 4021 Woelur
2036 3981 2078 4021 an
2108 3969 2193 4023 roten
2218 3957 2430 4038 Seideufdden

617 4068 698 4151 zeiqt
719 4064 861 4130 eudendo
883 4062 988 4150 Fipur·
1008 4067 1053 4128 ε’νη
1076 4064 1332 4148 Bobekofsomat3
1357 4062 1545 4144 Umscbrift:
1567 4065 1611 4131 S’.
1636 4063 1790 4130 JACOBI
1814 4063 2082 4131 PENESTRINI
2106 4064 2324 4131 EPISCOPI.

405 4321 553 4410 Bisclrot
588 4319 747 4393 Wilbelru
775 4341 840 4392 ooo
867 4319 1018 4392 Mindon
1043 4319 1179 4392 scienti
1205 4319 1283 4392 dem
1311 4320 1371 4392 Kl.
1400 4320 1599 4392 Moriensee
1625 4318 1777 4390 ruebrerc
1804 4319 1876 4390 ν’]ινη
1904 4339 1968 4390 ooo
1986 4317 2125 4407 liudolf
2145 4315 2247 4407 Wolf
2268 4315 2428 4413 (Lupus)

405 4428 603 4518 retentare
622 4425 732 4499 (tuter
759 4427 797 4498 io
815 4423 998 4498 Ebbethe.
1053 4427 1208 4517 Zeapeo:
1235 4424 1515 4498 Hellembertus
1534 4425 1581 4497 de
1599 4423 1750 4514 Manen,
1777 4423 2002 4496 Lambertue
2021 4424 2067 4496 de
2086 4422 2301 4515 Manethon,
2330 4423 2430 4496 Har-

832 4531 994 4603 deradus
1022 4529 1152 4626 Lupus
1180 4536 1219 4604 et
1245 4530 1459 4604 Wezelinue
1485 4530 1624 4626 Lupus.
1678 4531 1869 4620 Reincberp
1896 4529 2006 4606 1240.

540 4648 634 4714 Gedr.
658 4649 741 4714 naci
764 4650 832 4715 dem
856 4648 912 4714 Or.
935 4652 980 4713 im
1001 4648 1076 4735 Kpt.
1102 4649 1209 4716 St-A.
1231 4673 1270 4714 zu
1293 4648 1470 4728 Hunnooer,
1495 4649 1667 4714 Marmorea
1689 4646 1751 4714 Nr.
1770 4646 1822 4711 43.
1861 4672 1889 4711 u.
1906 4645 2102 4735 Ηοᾶενιόενρ,
2129 4645 2334 4734 Celenderper
2354 4645 2386 4710 U
2386 4646 2428 4713 B.

618 4755 717 4821 nou.
747 4753 783 4836 ν,
810 4756 844 4824 s.
868 4754 913 4822 37
936 4755 996 4823 rvr.
1021 4755 1074 4821 ro,
1120 4757 1271 4823 osberne
1293 4757 1441 4822 mererer
1462 4753 1596 4842 mpero
1618 4759 1662 4820 rm
1684 4754 1771 4840 urpr.
1797 4754 1978 4820 naneae.

404 4991 548 5082 Biscbot
583 4991 742 5068 Willrelm
774 5015 839 5067 uon
875 4995 1024 5066 Mindon
1063 4993 1255 5085 oraretque
1287 4993 1365 5066 dem
1398 4991 1454 5065 Kl.
1489 4994 1689 5066 Morieosee
1728 4993 1795 5064 dea
1827 4991 1899 5063 ilem
1925 5013 2000 5062 uem
2028 4988 2166 5081 &osen
2193 4987 2338 5064 Kourud
2365 5012 2429 5063 von

907 5101 1025 5192 Wo'lpe
1051 5102 1277 5192 resipniertoa
1302 5101 1454 5173 Zabram
1479 5101 1518 5171 io
1545 5099 1770 5173 Suderbmcb.
1826 5096 1937 5170 1240.

512 5219 645 5285 Testes:
681 5219 825 5285 decanus
856 5220 1073 5302 Giselbertus,
1108 5219 1308 5307 W(alterus)
1335 5217 1535 5298 cellerarius,
1569 5217 1665 5282 Bodo
1693 5217 1882 5302 prepositus
1910 5215 2018 5281 sancti
2045 5213 2205 5282 iohannis
2235 5214 2429 5298 Miudensis,

404 5323 614 5411 W(ulrerus)
637 5327 680 5392 de
703 5326 850 5410 Litbeke,
882 5327 1080 5393 Lambertus
1103 5329 1145 5394 de
1167 5325 1374 5413 (M)eneden,
1401 5325 1615 5391 Hermannus
1637 5325 1680 5391 de
1703 5322 1966 5404 Haddenlrusen,
1989 5321 2209 5406 Engelbertus
2233 5320 2428 5405 Gogrerius,

404 5431 579 5499 Tidericus
603 5434 645 5498 de
668 5433 846 5500 Bekelrem.
