5168 6798
1085 477 1154 533 1253
2082 465 2145 532 loa

1087 671 1183 751 590.

123 797 318 871 fflwdblwr
353 796 539 872 Widelciad
565 797 639 867 aad
665 796 730 868 dos
756 795 974 888 Domkopitel
1000 820 1063 869 voa
1092 797 1241 870 Mindon
1270 800 1489 890 penetotipea
1522 799 1589 871 dea
1624 799 1819 892 Ueberponp
1846 803 1907 873 dec
1932 804 2082 877 Zebotca
2108 809 2148 879 in

333 901 485 991 Isintorf
505 907 544 973 ia
571 902 638 974 dea
664 902 784 974 Bestia
811 901 871 974 dcc
899 903 1130 993 Moriastiftas
1157 925 1217 976 vor
1246 905 1404 980 Mindea.
1459 905 1611 977 Mindon
1639 903 1741 978 1253
1766 908 1854 978 Jum·
1882 906 1942 979 19.

227 1019 484 1102 W(edelrindus)
501 1019 562 1085 Dei
579 1019 688 1103 gracia
703 1020 885 1084 Mindensis
902 1021 1038 1101 electuS,
1059 1020 1272 1106 W(emerus)
1288 1022 1434 1088 decanus
1450 1026 1627 1105 totumque
1644 1023 1793 1090 eiusdem
1810 1027 1948 1090 ecclesie
1964 1028 2147 1110 capitulum

124 1125 287 1192 universis
309 1145 450 1210 presens
474 1125 636 1210 scriptum
660 1124 867 1191 intuentibus
884 1126 1027 1191 salutem
1043 1126 1079 1192 in
1095 1127 1246 1193 Domino.
1291 1127 1346 1192 Ad
1361 1128 1520 1194 noticiam
1535 1131 1604 1194 tam
1620 1130 1825 1211 presentium
1841 1150 1943 1214 quam
1959 1131 2147 1202 futurorum

122 1229 296 1316 pervenire
325 1232 491 1312 volumus,
526 1231 619 1313 quod
645 1251 708 1296 nos
732 1231 952 1295 donacionem
982 1231 1199 1317 proprietatis
1228 1233 1355 1298 decime
1382 1233 1416 1297 in
1441 1234 1639 1320 Lintthorpe
1662 1255 1682 1301 a
1705 1235 1842 1300 domino
1865 1238 2017 1302 iohanne
2041 1238 2146 1304 felicis

122 1336 279 1402 memorie
303 1335 463 1420 episcopo
487 1336 665 1401 conventui
689 1337 796 1401 sancti
820 1335 967 1400 Mauricii
990 1336 1026 1400 in
1049 1337 1162 1403 Insula
1193 1338 1314 1402 factam
1338 1343 1443 1403 ratam
1466 1358 1505 1403 ac
1527 1342 1654 1424 gratam
1677 1343 1830 1406 tenemus
1855 1345 1888 1406 et
1911 1345 1974 1409 hoc
1997 1345 2146 1428 presenti

123 1443 244 1526 scripto
279 1442 465 1507 munimine
500 1441 681 1526 sigillorum
710 1443 902 1506 nostrorum
931 1440 1090 1506 roborato
1117 1444 1250 1527 publice
1280 1447 1514 1526 protestamur.
1562 1446 1683 1510 Datum
1707 1446 1742 1510 in
1765 1447 1877 1512 Minda
1901 1467 1989 1513 anno
2013 1450 2145 1518 Domini

120 1545 388 1613 ll⁰.cc⁰.L⁰.111⁰.
412 1547 556 1613 infesto
580 1547 729 1614 Gervasii
753 1549 786 1612 et
809 1547 963 1612 Protasii.

253 1650 311 1715 Or.
335 1653 379 1716 im
400 1651 474 1738 Kpl.
498 1649 603 1716 sa-A.
631 1674 671 1715 zu
693 1651 842 1730 Mamer,
875 1652 975 1716 Moriz
997 1675 1028 1718 u.
1055 1651 1179 1718 Simeon
1205 1650 1265 1718 Nr.
1291 1649 1343 1718 16.
1389 1652 1452 1718 Die
1478 1651 1583 1718 beiden
1607 1652 1712 1740 Siepel
1738 1655 1823 1722 nebat
1846 1657 2050 1745 Refectiqcnp
2078 1681 2147 1726 vcr-

337 1757 430 1822 torm.
477 1757 553 1836 Ans
567 1758 623 1822 der
647 1755 811 1822 Raeticae
833 1779 892 1821 von
907 1755 1005 1821 Hand
1026 1757 1080 1822 dea
1104 1757 1154 1824 15.
1179 1757 1251 1824 dle:
1274 1777 1457 1826 consensus
1481 1759 1618 1842 capituli
1637 1780 1704 1844 pro
1728 1763 1908 1828 donatione
1931 1765 2148 1847 proprietatis

335 1862 462 1929 decime
484 1863 520 1927 in
543 1861 703 1946 Lintorpe
725 1862 808 1926 mid.-
830 1865 872 1929 de
896 1863 1024 1931 decima
1047 1863 1083 1927 in
1107 1863 1277 1946 Lintorpe.

1092 2005 1181 2084 591.

122 2133 260 2224 Heraop
284 2131 405 2204 Aldcrt
429 2153 495 2202 oon
512 2131 664 2203 wisan
691 2132 796 2223 einim
822 2132 895 2204 atel
921 2133 985 2203 mit
1002 2133 1079 2205 dem
1097 2130 1247 2221 Biscbof
1258 2136 1276 2222 (
1283 2131 1486 2223 Widclcind)
1505 2155 1569 2204 voa
1589 2134 1738 2206 Mindon
1764 2157 1877 2227 wepcn
1895 2137 1954 2208 des
1973 2138 2145 2212 Scblossec

725 2237 996 2328 Suctaenlicpea.
1050 2237 1237 2310 Hitzoclccr
1263 2241 1360 2310 1253
1385 2237 1462 2310 Juli
1489 2237 1551 2310 24.

220 2355 264 2421 In
288 2355 422 2421 nomine
451 2360 566 2423 sancte
590 2357 623 2420 et
645 2355 815 2421 individue
838 2355 1005 2422 tritutatis.
1051 2355 1119 2438 Ego
1142 2356 1302 2422 Albertus
1325 2356 1386 2421 Dei
1408 2357 1513 2439 gratia
1536 2359 1603 2423 dux
1627 2357 1781 2439 saxonie,
1810 2359 1955 2441 Angarie
1979 2365 2012 2426 et
2034 2362 2144 2428 West·

117 2460 225 2546 phalie
250 2461 408 2528 omnibus
432 2463 468 2526 in
491 2464 701 2546 perpetuum.
749 2461 922 2528 Discordia
944 2461 1030 2527 inter
1053 2462 1225 2528 ecclesiam
1248 2463 1455 2528 Mindensem
1479 2467 1511 2530 et
1527 2483 1589 2530 nos
1606 2485 1645 2530 ex
1662 2463 1876 2532 edificatione,
1889 2467 1987 2532 castri
2003 2469 2144 2533 Sassen-

117 2569 222 2660 hogen
264 2567 468 2651 aliquamdiu
504 2567 663 2634 ventilata
697 2567 806 2652 sopita
837 2573 887 2634 est
916 2569 1052 2655 penitus
1082 2568 1117 2633 in
1140 2569 1231 2633 hunc
1252 2567 1400 2648 modum,
1437 2569 1529 2652 quod
1552 2569 1594 2634 de
1617 2573 1748 2636 maturo
1772 2572 1886 2638 nostro
1909 2591 1948 2637 ac
1970 2573 2143 2638 hominum

118 2677 312 2740 nostrorum
334 2672 474 2738 consilio
498 2676 646 2738 castrum
669 2672 855 2758 predictum
879 2675 913 2740 et
934 2674 1172 2758 proprietatem
1196 2675 1346 2739 omnium
1369 2674 1532 2742 bonorum
1556 2678 1747 2743 nostrorum
1770 2676 1806 2742 in
1830 2677 1954 2744 diocesi
1977 2680 2142 2746 Mindensi

118 2778 331 2846 existentium
339 2778 366 2862 1)
391 2777 593 2846 contulimus
616 2777 682 2862 ipsi
705 2780 853 2862 ecclesie,
877 2779 1149 2848 ministerialibus
1165 2779 1288 2845 nostris
1305 2783 1339 2845 et
1353 2779 1451 2845 bonis
1468 2800 1583 2847 eorum
1600 2782 1763 2848 duntaxat
1778 2783 1936 2868 exceptis,
1960 2785 2140 2870 episcopus

117 2904 191 2950 vero
227 2884 382 2950 eiusdem
412 2884 551 2950 ecclesie
581 2883 678 2950 nobis
702 2887 736 2956 et
757 2884 870 2950 liberis
893 2885 1015 2950 nostris
1038 2885 1192 2951 videlicet
1214 2885 1293 2951 liliis
1316 2890 1350 2950 et
1371 2885 1505 2951 filiabus
1528 2886 1563 2951 in
1586 2887 1760 2972 feudum2)
1784 2888 1922 2954 contulit
1944 2889 2019 2972 ipsa
2041 2892 2141 2956 bona.

118 2991 181 3060 Sed
207 2991 244 3056 in
278 2993 387 3056 castro
416 2991 649 3076 Sassenhagen
679 2990 853 3078 ecclesiass)
888 2991 972 3057 duas
1000 2992 1108 3057 curias
1136 2990 1310 3074 obtinebit,
1344 3010 1446 3058 unam
1468 2992 1701 3077 insuperiori,
1737 2992 1910 3078 alteram4)
1933 2994 1969 3058 in
1991 2995 2139 3062 interiori

116 3101 206 3185 parte
237 3099 287 3179 et,
321 3116 397 3162 curn
427 3115 564 3163 necesse
598 3095 698 3164 fuerit
727 3096 764 3161 in
792 3117 921 3181 guerra,
957 3099 1123 3182 quotquot
1150 3118 1236 3182 opus
1263 3097 1450 3182 habueritl)
1486 3097 1619 3164 stabula
1647 3099 1709 3163 sibi
1737 3097 1836 3164 faciet
1864 3101 1957 3164 extra
1983 3103 2140 3167 castrum.

117 3201 296 3286 Indagines
319 3206 432 3268 autem
455 3201 584 3285 Luden,
608 3202 835 3288 Stenveldei),
859 3202 1093 3286 Lewenhagen
1116 3206 1149 3269 et
1172 3200 1361 3287 Nortsele⁷)
1385 3202 1451 3268 iam
1475 3204 1517 3269 ad
1541 3203 1668 3270 cultum
1690 3205 1843 3270 redactas
1868 3208 1900 3270 et
1924 3205 2033 3270 adhuc
2056 3206 2142 3271 redi·

117 3311 238 3392 gendas
275 3310 345 3375 tam
372 3309 408 3374 in
437 3309 574 3374 decimis
608 3329 711 3396 quam
741 3309 777 3374 in
799 3310 954 3376 omnibus
977 3310 1050 3378 aliis
1071 3309 1290 3393 proventibus
1315 3309 1486 3375 internos
1510 3308 1673 3392 equaliter
1697 3309 1884 3374 dividemus
1908 3312 1941 3375 et
1963 3329 2065 3393 super
2089 3311 2143 3376 his

117 3415 248 3498 equales
288 3414 446 3482 faciemus
481 3435 656 3500 expensas.
710 3414 759 3480 De
788 3416 964 3482 novalibus
992 3417 1106 3481 autem
1132 3416 1168 3482 in
1196 3435 1342 3494 nemore,
1379 3416 1469 3500 quod
1492 3415 1556 3481 Dul
1580 3415 1761 3498 vulgariter
1784 3415 1914 3496 dicitur,
1949 3417 1993 3482 ad
2015 3415 2141 3482 cultum

117 3521 221 3590 adhuc
243 3520 436 3605 redigendis
459 3521 525 3587 illis
549 3541 691 3606 quorum
713 3521 854 3587 interest
877 3522 1052 3605 equalibus
1075 3519 1350 3605 satisfaciemusfl)
1375 3521 1539 3604 expensis.
1588 3519 1737 3600 Quilibet
1760 3519 1860 3586 etiam
1884 3522 2083 3588 castellanus
2100 3523 2140 3588 de

117 3628 293 3695 novalibus
327 3626 410 3714 ipsis
441 3625 520 3711 ad⁹)
555 3626 680 3694 cultum
715 3627 825 3692 adhuc
859 3627 1046 3711 redigendis
1080 3625 1218 3694 habebit
1250 3627 1354 3695 libere
1389 3627 1474 3692 duos
1509 3647 1655 3692 mansos.
1710 3624 1859 3691 Ecclesia
1888 3626 1987 3691 etiam
2014 3627 2142 3693 ibidem

118 3733 306 3800 edificanda
339 3732 438 3800 simili
469 3734 570 3799 modo
605 3733 690 3798 duos
724 3752 860 3798 mansos
893 3733 1039 3816 habebit,
1073 3734 1126 3799 ius
1149 3736 1345 3816 patronatus
1370 3733 1469 3800 etiam
1492 3732 1598 3816 ipsius
1622 3731 1760 3798 ecclesie
1784 3732 1818 3796 et
1840 3732 1978 3799 ecclesie
2002 3731 2142 3799 Lewen-

116 3836 323 3924 hagensisw)
346 3838 456 3924 nos11)
480 3841 513 3905 et
537 3839 642 3905 nostri
665 3839 804 3906 heredes
821 3839 863 3904 ab
880 3840 1038 3923 episcopo
1054 3839 1219 3906 Mindensi
1235 3842 1268 3906 et
1284 3839 1354 3904 suis
1370 3838 1618 3904 successoribus
1634 3838 1669 3902 in
1685 3833 1834 3918 feudo¹²l
1851 3837 2048 3906 habebimus
2065 3858 2142 3904 cum

118 3944 186 4012 aliis
210 3945 339 4010 nostris
361 3945 468 4012 bonis.
515 3946 599 4012 Item
622 3945 799 4030 episcopus
823 3947 880 4010 aut
903 3946 1043 4011 ecclesia
1065 3947 1176 4028 preter
1199 3947 1352 4010 nostrum
1376 3964 1575 4010 consensum
1599 3945 1725 4009 nullam
1748 3945 1783 4010 in
1807 3944 1880 4030 ipso
1896 3947 2006 4010 castro
2022 3945 2140 4008 turrim

118 4053 172 4117 aut
199 4051 409 4117 berchvrede
443 4051 478 4116 in
508 4054 659 4116 nostrum
687 4051 906 4134 preiudicium
937 4050 1117 4116 edificabit.
1163 4049 1383 4116 Promisimus
1412 4050 1513 4114 etiam
1537 4050 1622 4115 datis
1647 4051 1781 4129 dextris,
1805 4050 1896 4134 quod
1920 4050 2032 4114 nullus
2056 4068 2141 4131 quo-

117 4175 246 4240 cunque
274 4176 354 4222 casu
377 4157 619 4222 interveniente
642 4157 745 4223 alium
767 4157 864 4222 eiciat
873 4157 912 4238 ¹⁸)
936 4156 978 4221 de
1001 4159 1109 4220 castro
1133 4156 1283 4239 predicto
1308 4158 1341 4220 et
1365 4157 1407 4220 ad
1430 4155 1537 4220 maius
1566 4156 1669 4220 robur
1691 4157 1791 4221 huius
1815 4154 1969 4240 promissi
1977 4154 2019 4238 ¹4)
2042 4157 2140 4236 quot-

117 4267 196 4345 quot
230 4263 359 4328 fuerint
386 4262 558 4328 castellani
586 4261 669 4346 in¹⁶)
700 4263 933 4346 Sassenhagen
966 4281 1007 4328 ex
1030 4263 1126 4346 parte
1149 4265 1264 4326 nostra
1286 4265 1319 4326 et
1342 4281 1380 4326 ex
1406 4265 1502 4344 parte
1525 4260 1663 4326 ecclesie
1686 4260 1869 4326 Mindensis
1905 4258 2141 4324 ministeriales

117 4369 253 4434 totidem
285 4367 319 4432 id
346 4368 458 4451 ipsum
484 4367 551 4432 tide
580 4368 659 4433 data
685 4367 890 4451 promittent,
919 4369 952 4432 et
979 4367 1007 4430 si
1037 4366 1090 4430 his
1124 4365 1381 4449 obligationibus
1417 4386 1484 4430 non
1513 4365 1735 4448 obstantibus,
1771 4366 1862 4450 quod
1892 4364 1993 4444 absit,
2028 4364 2141 4428 forsan
2172 4347 2177 4352 ¹

119 4473 278 4540 alteruter
285 4473 328 4560 l⁶)
343 4477 496 4540 nostrum
517 4470 705 4555 alterumll)
729 4475 848 4559 sponte
864 4473 1032 4556 contingat
1048 4471 1166 4553 eicere,
1189 4471 1279 4537 bona
1295 4471 1495 4550 communia,
1519 4471 1643 4536 scilicet
1657 4471 1830 4554 indagines
1847 4471 1996 4554 predicte
2012 4470 2139 4551 absque

117 4581 381 4646 contradictione
404 4580 524 4646 cedent
547 4579 659 4646 eiecto.
706 4580 829 4646 Verum
837 4577 880 4664 18)
903 4577 932 4646 si
955 4577 1164 4658 castellanos
1189 4577 1368 4641 advocatos
1389 4577 1442 4641 vel
1466 4595 1582 4642 eorum
1605 4576 1763 4643 familiam
1787 4576 1874 4641 inter
1897 4595 1933 4640 se
1950 4575 2140 4640 discordare

117 4685 345 4770 contigerit't)
367 4686 463 4769 adeo,
488 4686 579 4769 quod
602 4684 745 4749 dominis
766 4683 998 4767 ignorantibus
1021 4683 1124 4749 altera
1148 4701 1227 4766 pars
1251 4683 1389 4748 alteram
1413 4680 1598 4767 eiceret20),
1622 4681 1776 4747 dominus
1796 4681 1902 4764 partis
1919 4679 2078 4760 eicientis,
2102 4681 2140 4744 ut

116 4790 310 4876 sciverit21),
339 4789 449 4874 ipsam
471 4791 585 4856 statim
608 4790 651 4855 ad
674 4789 935 4855 satisfactionem
957 4788 1103 4869 inducet,
1127 4787 1274 4870 alioquin
1297 4807 1359 4853 nos
1383 4807 1458 4853 cum
1481 4786 1616 4852 domino
1641 4797 1754 4850 nostro
1776 4786 1935 4869 episcopo
1952 4787 1985 4850 et
2001 4785 2140 4850 ecclesia

115 4895 304 4962 iniuriantis
328 4894 478 4979 simula)
500 4893 674 4982 inimicia)
697 4895 830 4974 erimus,
861 4913 1036 4977 quousque
1059 4895 1102 4959 ad
1126 4893 1387 4959 satisfactionem
1410 4892 1559 4958 debitam
1582 4892 1770 4957 inducatur.
1810 4891 1965 4956 Ceterum
1981 4891 2015 4954 iu
2032 4891 2143 4957 Stem-

115 5001 258 5084 wedess)
283 5000 364 5083 et²⁶)
389 5001 643 5067 Haddenhusen
666 4999 816 5066 comitias
839 5003 873 5065 et
894 4999 1007 5067 villam
1029 4999 1173 5066 Borther
1202 5018 1278 5064 cum
1301 4998 1435 5064 comitia
1457 5000 1491 5064 et
1513 4998 1582 5062 suis
1605 4997 1789 5062 attinentiis
1821 4997 1973 5062 similiter
2002 4995 2142 5061 ecclesie

116 5107 367 5188 contulimusw)
392 5109 582 5173 memorate.
638 5107 709 5170 Nos
740 5123 873 5189 quoque
906 5108 940 5170 et
969 5106 1110 5170 heredes
1142 5105 1247 5170 nostri
1270 5105 1435 5173 bonorum
1457 5103 1598 5169 istorum
1620 5102 1769 5169 warandi
1792 5101 1927 5183 erimus,
1962 5121 2142 5183 quousque

115 5213 256 5279 ecclesia
280 5214 323 5278 ab
346 5211 487 5296 imperio
510 5211 747 5296 proprietatem
771 5211 953 5276 eorundem
975 5211 1140 5276 bonorum
1162 5211 1286 5293 poterit
1308 5210 1469 5274 obtinere.
1509 5209 1552 5275 Et
1567 5229 1628 5275 nos
1645 5209 1801 5291 precibus
1819 5210 1852 5272 et
1869 5205 2142 5290 resignatione²⁷>

115 5319 157 5384 ad
183 5317 305 5404 hoc28)
339 5337 476 5402 operam
510 5318 665 5384 dabimus
697 5316 875 5382 efficacem
923 5316 1138 5383 Condiximus
1162 5316 1301 5398 insuper
1323 5317 1357 5380 et
1379 5315 1678 5397 compromisimus,
1715 5315 1804 5397 quod
1827 5332 1889 5380 nos
1913 5314 1947 5378 et
1971 5311 2141 5376 castellani

114 5425 149 5488 in
179 5424 418 5506 Sassenhagen
452 5423 488 5488 in
515 5423 580 5488 illis
606 5423 759 5490 terminis
792 5423 930 5489 ecclesie
964 5422 1052 5486 dicte
1080 5421 1266 5487 astabimus
1301 5423 1416 5485 contra
1445 5439 1524 5484 suos
1548 5419 1726 5484 iniuriosos
1749 5420 1919 5484 invasores
1944 5419 1978 5484 et
2000 5415 2143 5482 ecclesia

220 5561 518 5607 vescum-nucum.
1880 5543 1923 5606 tt
