5062 6776
1052 493 1119 549 rere
2037 483 2101 550 333

1033 693 1151 770 1065.
1218 711 1221 716 ’

79 818 266 909 Burgpros
288 817 455 890 Heinrich
484 840 548 888 oon
568 817 762 909 Scromoap
786 819 978 909 geneholipt
1005 822 1053 891 im
1078 821 1213 892 Voroas
1242 822 1307 893 deo
1335 821 1496 910 Verteris
1517 844 1580 893 eon
1601 823 1730 895 Getae
1759 825 1796 894 io
1814 823 2105 915 Bornlnglaosen

688 923 798 996 derel
834 925 981 998 Wcrner
1009 925 1145 1002 Krevet.
1202 927 1303 999 1276
1333 928 1414 998 Mai
1443 930 1497 1000 31.

181 1043 341 1108 Hinricus
358 1041 409 1107 vir
435 1040 556 1109 nobilis
580 1043 778 1126 burgravius
802 1045 843 1108 de
860 1044 1063 1128 Stromberg,
1090 1065 1172 1110 uxor
1195 1065 1265 1127 sua,
1283 1047 1442 1111 Hinrieus
1466 1050 1500 1112 et
1517 1048 1729 1112 Hermannus
1752 1047 1812 1112 filii
1828 1050 1879 1114 sui
1905 1069 1943 1114 ac
1958 1050 2103 1116 universi

79 1150 209 1233 legitimi
231 1151 384 1232 ipsorum
414 1150 556 1214 heredes
586 1149 749 1214 universis
784 1150 849 1214 hoc
876 1151 1038 1234 scriptum
1066 1152 1187 1216 visuris
1222 1156 1338 1217 notum
1370 1173 1445 1218 esse
1468 1153 1621 1219 volumus
1656 1157 1689 1218 et
1723 1155 1935 1236 presentibus
1969 1157 2104 1239 publice

77 1260 309 1342 protestamur,
333 1256 423 1338 quod
447 1275 509 1318 nos
534 1258 644 1320 ratum
668 1259 703 1321 et
725 1255 860 1320 firmum
884 1257 1057 1336 habemus
1081 1257 1109 1322 si
1132 1259 1286 1324 dominus
1310 1259 1645 1324 Wernherusdictus
1668 1261 1792 1325 Krevet
1813 1262 1866 1325 vel
1890 1263 1940 1325 sui
1966 1263 2102 1346 legitimi

79 1364 213 1429 heredes
238 1383 277 1427 ex
303 1361 506 1426 necessitate
529 1360 580 1427 vel
605 1381 805 1444 quacunque
828 1363 892 1428 alia
915 1363 948 1428 vi
964 1365 1125 1446 compulsi
1149 1364 1237 1431 bona
1261 1365 1326 1430 sita
1347 1366 1381 1429 in
1397 1365 1662 1448 Borninglrosen,
1687 1385 1751 1448 que
1768 1385 1787 1430 a
1804 1368 1901 1432 nobis
1918 1370 2101 1451 possident,

78 1490 146 1535 cum
163 1469 320 1533 omnibus
337 1469 408 1534 suis
432 1468 644 1552 pertinentiis
659 1469 805 1534 vendere
828 1469 881 1534 vel
904 1469 1116 1553 inpignorare
1140 1473 1316 1553 voluerint,
1346 1472 1425 1537 dum
1454 1492 1600 1537 reemere
1623 1473 1790 1555 possimus
1818 1474 1853 1538 in
1876 1477 2021 1540 termino
2043 1476 2103 1541 tali

78 1579 107 1642 et
129 1595 189 1659 pro
215 1577 312 1641 tanta
335 1593 468 1640 summa
489 1575 642 1658 pecunie,
665 1594 730 1658 que
752 1575 929 1658 inscripto
953 1595 1053 1659 super
1069 1578 1133 1641 hoc
1149 1581 1300 1644 confecto
1325 1577 1495 1643 evidenter
1518 1580 1715 1644 continetur.
1756 1581 1795 1644 ln
1818 1581 1913 1646 euius
1937 1582 1984 1645 rei
2010 1581 2104 1647 testi-

76 1681 222 1746 monium
256 1685 446 1765 presentem
478 1681 621 1745 litteram
649 1685 765 1746 nostro
796 1686 829 1747 et
861 1682 1093 1748 universorum
1121 1685 1379 1750 castellanorum
1407 1684 1442 1749 in
1477 1686 1672 1768 Stromberg
1699 1686 1814 1768 sigillis
1843 1686 1924 1770 ipsis
1953 1688 2104 1753 dedimus

77 1789 275 1852 roboratam.
323 1790 445 1853 Datum
470 1807 558 1852 anno
584 1788 715 1853 Domini
739 1788 959 1854 MCCLXXVI
983 1790 1019 1853 in
1042 1794 1159 1856 octava
1182 1793 1405 1857 Pentecostes

204 1891 376 1977 Aheckrvft
401 1892 586 1958 Cartenonne
608 1896 643 1957 in
666 1893 743 1960 Mac.
775 1891 845 1972 VII,
862 1893 972 1960 3117V
991 1897 1046 1974 fol.
1070 1894 1115 1960 69
1137 1901 1181 1961 im
1204 1896 1276 1983 Kpl.
1293 1896 1398 1963 Se-A.
1422 1919 1461 1960 zu
1478 1897 1627 1974 Manem,
1650 1899 1717 1962 aad
1738 1902 1771 1961 in
1788 1898 1863 1962 Mac.
1893 1897 1976 1961 Tae
1998 1901 2053 1966 vol.
2079 1897 2109 1960 V

288 1997 323 2064 S.
347 1997 415 2064 869
437 2003 482 2064 im
505 1999 577 2085 th.
604 1998 711 2065 »δὴ-Α.
735 2021 775 2063 zu
798 1998 966 2066 Hannover·
986 2005 1045 2066 mit
1067 2003 1136 2067 dem
1159 2003 1367 2088 fehlecdoften
1390 2001 1511 2066 Datum
1534 2005 1734 2070 MCCXXVI.

1034 2219 1154 2296 1066.

78 2340 322 2432 mahar-dus)
352 2339 425 2412 Dei
452 2342 581 2436 gracia
614 2343 775 2414 decanus
804 2343 958 2415 ecclesie
987 2344 1196 2415 Mindensis
1230 2345 1394 2417 detondet
1421 2346 1488 2418 dere
1511 2345 1665 2417 Vereiclct
1692 2346 1752 2417 des
1778 2347 1970 2436 Engelbert,
1992 2349 2105 2420 Meia-

77 2448 182 2535 frieds
210 2449 352 2536 Selenes,
381 2449 451 2537 auf
471 2449 568 2520 cinea
597 2448 679 2538 Hof
697 2451 735 2520 io
763 2451 912 2522 Homnae
939 2473 982 2521 aar
1010 2451 1164 2522 Genera
1192 2451 1252 2522 des
1279 2449 1434 2543 Kopitels
1461 2453 1499 2523 in
1520 2452 1743 2524 Hildeslrcim.
1800 2451 1902 2524 1276
1927 2454 2016 2525 Jonr'
2044 2453 2102 2526 29.

177 2567 290 2631 Huius
315 2565 362 2632 rei
387 2569 491 2632 testes
515 2570 614 2632 sunt:
652 2569 843 2652 prepositus
866 2569 1018 2651 Wideg0,
1059 2569 1212 2634 dominus
1240 2569 1402 2635 Ludolfus
1434 2571 1475 2635 de
1509 2571 1643 2651 Petese,
1682 2571 1837 2635 dominus
1865 2569 2034 2636 Johannes
2063 2574 2104 2637 de

77 2671 217 2752 Bucken‚
247 2673 461 2739 concanonici
486 2673 606 2752 nostri3
631 2674 814 2740 Menfridus
838 2676 879 2740 de
903 2674 1126 2756 Barechusen,
1151 2676 1362 2741 Dhethardus
1386 2677 1427 2742 de
1451 2677 1653 2758 Spenthove,
1678 2677 1802 2742 famuli.

206 2776 366 2842 Gedracckt
387 2803 413 2842 a.
443 2777 638 2864 Heidelberg,
668 2777 773 2866 Hoyer
801 2779 868 2843 ΠΒ.
895 2779 922 2858 Ι,
950 2779 984 2844 8.
1007 2778 1052 2844 20
1075 2777 1135 2842 Nr.
1151 2778 1197 2844 29
1211 2781 1292 2844 nael
1308 2781 1375 2845 dem
1391 2780 1446 2846 Or.
1497 2779 1630 2846 Hamme
1656 2783 1742 2846 dicht
1769 2783 1818 2848 bei
1850 2781 1946 2850 Uelite.
1980 2783 2104 2869 Widepo

287 2888 330 2948 ist
351 2885 437 2948 nicht
460 2884 655 2971 Dompropst,
680 2887 812 2950 eoadem
836 2885 950 2972 Propot
972 2887 1025 2951 dee
1049 2886 1281 2964 lramneestee.

1035 3104 1150 3180 1067.

80 3229 272 3301 Erwdltlter
302 3230 450 3300 Korrrod
476 3250 540 3299 vora
571 3229 768 3301 Osacbrtlclc
799 3229 973 3320 abatrdpt
1001 3230 1077 3301 rtem
1105 3231 1233 3322 Propst
1259 3254 1323 3302 oon
1343 3231 1478 3303 Lenem
1505 3233 1578 3303 und
1606 3233 1893 3306 temerares
1919 3235 2105 3325 Prediper-

78 3337 206 3408 lclosters
248 3337 285 3406 in
329 3336 478 3407 Mindon
523 3336 580 3407 dic
621 3335 838 3426 Sollicitum
878 3337 969 3408 eines
1010 3338 1152 3409 Streites
1198 3360 1310 3428 wepen
1352 3338 1412 3409 des
1458 3338 1753 3411 Potrooatsrectts
1794 3339 1856 3410 der
1899 3341 2027 3412 Kircte
2067 3344 2104 3412 in

804 3442 1019 3518 Riesenbeclc.
1076 3442 1178 3515 1276
1203 3445 1280 3515 Joli
1306 3448 1366 3518 22.

179 3561 358 3627 Conradus
385 3561 445 3626 Dei
469 3560 576 3643 gracia
592 3560 859 3643 Osenburgensis
880 3563 1005 3627 electus
1023 3562 1183 3646 religiosis
1200 3563 1278 3627 viris
1295 3562 1554 3648 B(urchardo)¹)
1570 3564 1741 3646 preposito
1758 3565 1793 3628 in
1810 3565 1969 3646 Leveren,
1994 3568 2106 3649 Reyn-

81 3666 230 3751 (berto)²)
251 3668 354 3752 priori
373 3667 498 3733 ordinis
514 3667 654 3733 fratrum
679 3667 929 3733 Predioatorum
945 3670 981 3733 in
997 3667 1108 3734 Minda
1124 3671 1251 3734 sincere
1268 3669 1453 3736 dilectionis
1469 3671 1635 3735 effectum.
1664 3670 1790 3736 Dilecte
1806 3671 1902 3736 nobis
1918 3674 1952 3736 in
1969 3672 2104 3739 Christo

81 3773 141 3837 filie
172 3773 348 3838 abbatissa
382 3776 415 3838 et
445 3777 629 3839 conventus
664 3774 966 3840 sanctimonialium
1001 3777 1036 3840 in
1065 3777 1292 3840 Gravenhorst
1326 3777 1453 3842 ordinis
1486 3776 1747 3862 Cisterciensisss)
1783 3783 1896 3844 nostre
1924 3778 2105 3865 diocesis4)

82 3880 288 3960 gemebunda
311 3880 408 3944 nobis
433 3882 707 3946 demonstrarunt
730 3881 967 3963 insinuatione,
992 3883 1083 3964 quod
1105 3884 1179 3965 ipse
1195 3883 1275 3947 iuris
1300 3883 1459 3966 periciam
1484 3902 1551 3946 non
1566 3883 1729 3948 habentes
1754 3904 1792 3948 ac
1814 3904 1875 3968 per
1898 3905 2106 3968 consequens

84 3985 204 4050 licitum
234 3988 410 4071 putantes,
446 3988 536 4069 quod
564 3987 666 4052 sacris
701 3988 885 4052 canonibus
917 3990 951 4052 et
981 3988 1167 4052 animarum
1202 3989 1303 4053 saluti
1332 3989 1395 4054 fuit
1423 3989 1559 4054 omnino
1588 3989 1802 4070 contrarium,
1836 3989 1888 4054 ius
1911 3993 2107 4073 patronatus

85 4093 215 4158 ecclesie
238 4091 459 4176 parrochialis
483 4093 518 4157 in
542 4093 731 4158 Risenbeke
755 4113 830 4158 cum
855 4094 924 4158 suis
945 4093 1156 4176 pertinenciis
1180 4114 1200 4158 a
1224 4095 1328 4160 nobili
1351 4096 1423 4159 viro
1444 4093 1605 4180 Ottonet)
1628 4095 1749 4162 comite
1770 4097 1811 4160 de
1833 4097 2103 4183 Ravensbergess)

83 4197 349 4282 compararunt7)
375 4219 437 4282 pro
454 4201 545 4263 certa
560 4199 702 4283 pecunie
720 4200 916 4282 quantitate.
954 4199 1040 4277 Quia
1063 4219 1142 4264 vero
1165 4200 1293 4283 prefate
1310 4201 1470 4266 moniales
1491 4206 1697 4268 contractum
1713 4202 1904 4268 huiusmodi
1921 4203 2106 4292 illicitum⁸)

82 4325 149 4368 esse
177 4306 421 4386 didiceruntur,
445 4325 485 4370 ex
509 4310 606 4389 parte
634 4306 783 4390 ipsarum
815 4307 913 4372 nobis
942 4309 993 4371 est
1022 4305 1283 4393 supplicatum9)
1312 4307 1498 4390 humiliter,
1527 4310 1693 4391 quatenus
1723 4329 1825 4392 super
1852 4329 1989 4376 excessu
2018 4331 2106 4376 com-

83 4412 178 4476 misso
203 4413 293 4477 circa
317 4412 519 4494 emptionem
544 4412 624 4477 iuris
655 4415 854 4495 patronatus
877 4411 1034 4477 antedicti
1059 4432 1134 4477 cum
1163 4413 1245 4496 ipsis
1275 4415 1531 4480 misericorditer
1559 4435 1656 4498 agere
1684 4415 1902 4498 dignaremur.
1949 4416 2106 4494 Quamvis

81 4517 173 4600 igitur
197 4537 355 4584 excessus
378 4518 568 4585 huiusmodi
584 4519 691 4602 gravis
708 4521 863 4602 extiterit,
887 4519 1013 4602 quia¹⁰)
1038 4523 1151 4584 tamen
1168 4520 1371 4603 simplicitati
1395 4521 1537 4586 feminee
1559 4523 1657 4587 venia
1673 4521 1828 4604 denegari
1852 4541 1920 4588 non
1943 4525 2107 4606 convenit,

83 4643 153 4689 cum
177 4625 327 4708 deceptis
350 4628 383 4688 et
407 4644 475 4690 non
498 4624 704 4708 decipiendis
728 4627 801 4691 iura
824 4626 1034 4704 subveniant,
1058 4625 1250 4693 discretioni
1273 4630 1393 4710 vestre,
1417 4629 1459 4692 de
1483 4647 1550 4712 qua
1573 4630 1706 4712 plenam
1729 4629 1764 4694 in
1784 4627 1928 4693 Domino
1952 4629 2107 4696 fiduciam

83 4731 282 4812 optinemus,
307 4731 480 4814 negocium
504 4732 615 4815 ipsum
639 4735 673 4797 et
696 4733 817 4814 omnia,
849 4731 922 4798 sine
951 4733 1074 4815 quibus
1104 4735 1187 4800 illud
1210 4735 1358 4818 expediri
1381 4754 1449 4800 non
1471 4736 1570 4816 valet,
1598 4735 1744 4800 totaliter
1766 4735 1913 4821 vobis11)
1943 4738 2106 4804 ambobus

83 4839 129 4902 rel
147 4838 259 4903 saltim
274 4838 334 4902 uni
357 4839 516 4919 vestrum,
539 4839 567 4902 si
585 4839 668 4904 forte
692 4839 899 4904 neoessitatis
916 4840 1056 4906 alicuius
1072 4841 1213 4906 articulo
1234 4841 1452 4924 prepediente
1475 4861 1563 4906 unus
1586 4842 1733 4906 vestrum
1750 4861 1863 4907 curam
1887 4841 1964 4907 dieti
1982 4845 2110 4926 negocii

86 4943 303 5028 assumerem)
338 4944 526 5027 nequiverit
557 4945 611 5008 vel
646 4947 827 5026 rennuerit,
863 4947 1017 5012 duximus
1052 4948 1341 5029 committendum,
1376 4947 1487 5032 hecti)
1522 4948 1752 5030 consulenteS,
1787 4952 1825 5013 ut
1848 4949 1876 5014 si
1899 4947 1972 5015 fieri
1997 4954 2106 5032 potest

86 5051 236 5116 restituta
260 5050 404 5134 pecunia
427 5051 632 5116 monasterio
656 5052 846 5134 sirpradicto
863 5055 1055 5119 contractus
1078 5055 1212 5138 iniquus
1228 5055 1363 5137 penitus
1388 5055 1606 5120 rescindatur.
1641 5055 1702 5120 Sin
1726 5057 1848 5136 autem,
1872 5060 1949 5139 post
1972 5056 2110 5122 liberam

83 5157 339 5240 resignationem
370 5157 477 5241 ipsius
509 5157 589 5222 iuris
619 5161 816 5241 patronatus
848 5161 881 5224 et
908 5161 1058 5225 omnium
1088 5161 1331 5244 pertinencium
1359 5162 1401 5226 ad
1425 5163 1569 5226 eundem
1599 5162 1634 5225 in
1658 5161 1776 5226 vestris
1804 5162 1924 5227 factam
1953 5162 2108 5228 manibus

83 5261 262 5347 iniungatis
286 5265 452 5344 omnibus,
474 5263 534 5348 qui
553 5264 609 5329 vel
638 5283 703 5347 que
727 5267 937 5330 contractum
964 5270 1032 5331 tarn
1061 5265 1211 5332 illicitum
1242 5267 1464 5349 celebrarunt,
1493 5266 1716 5351 penitenciam
1724 5267 1775 5350 14).
1822 5269 1897 5347 Qua
1920 5273 2109 5335 reverenter

83 5372 253 5452 acceptata
280 5373 314 5435 et
348 5370 518 5436 humiliter
547 5372 738 5454 peragenda
749 5370 788 5451 u)
822 5371 932 5436 taliter
960 5373 1162 5437 monasterio
1194 5373 1395 5456 provideatis
1424 5373 1548 5455 eidem,
1582 5393 1625 5438 ne
1653 5374 1808 5439 venditor
1838 5375 1881 5438 de
1910 5375 2107 5440 monialium

83 5474 383 5542 circumventarum
404 5475 531 5542 iactura
558 5477 684 5543 ditetur
707 5481 741 5543 et
763 5498 806 5543 ne
829 5479 941 5561 ipsum
957 5479 1196 5543 monasterium
1220 5498 1318 5559 grave
1342 5479 1470 5544 senciat
1487 5480 1733 5561 detrimentum,
1756 5484 1864 5545 ratum
1874 5480 1915 5566 16)
1935 5481 2110 5562 habenteS,
