5174 6798
1437 425 1505 480 1224

642 623 892 690 Niedrracclteen
916 622 969 707 Jp.
995 619 1082 686 1860
1107 619 1141 688 S.
1158 618 1221 684 109
1243 617 1305 682 Nr.
1327 620 1382 698 61,
1405 621 1466 705 opt.
1491 619 1571 683 auct
1592 616 1627 683 S.
1654 618 1725 686 128.
1768 617 1895 685 Wervver
1916 623 1960 684 ist
1981 619 2096 708 Propet
2120 645 2178 687 ron
2200 647 2225 686 r.
2249 624 2386 700 Martim
2412 648 2460 690 wo

642 729 828 816 Erepeitard
850 727 1063 792 Arcttdiaton
1085 749 1163 804 war,
1190 729 1269 790 tricet
1292 727 1355 790 eicb
1376 725 1463 790 nictit
1483 725 1572 791 metr
1585 727 1771 811 jectctetten.
2572 743 2573 750 ¹

428 1005 569 1095 Propst,
598 1002 756 1075 Decbort
783 1001 855 1071 000
880 999 1024 1090 Kopitet
1051 999 1110 1070 des
1130 989 1259 1069 Domes
1286 999 1324 1068 in
1344 889 1495 1070 mviii}
1521 998 1739 1088 peeebmipen
1768 998 1825 1069 die
1851 1019 1917 1069 000
1935 999 2086 1084 Biscbot'
2099 1001 2249 1073 Korroet
2275 1004 2459 1096 rottroperre

503 1108 759 1196 Vertoeecberrp
787 1107 847 1177 des
865 1106 1017 1177 Zebrterr
1043 1107 1083 1176 ire
1101 1104 1283 1193 Nienberp
1300 1106 1362 1175 mit
1389 1105 1466 1176 dem
1483 1106 1522 1176 ire
1540 1105 1705 1176 Abwede.
1744 1105 1780 1178 0.
1799 1105 1833 1176 J.
1863 1104 1967 1194 (eceb
1985 1109 2084 1179 1224
2109 1107 2303 1198 September
2320 1115 2390 1202 21).

535 1225 775 1308 (Heinricus)¹)
800 1225 860 1289 Dei
884 1224 994 1308 gracia
1018 1223 1223 1307 prepositae,
1255 1222 1483 1308 G(0delridus)
1507 1225 1653 1288 decanus
1682 1225 1717 1287 et
1739 1222 1922 1306 capitulum
1946 1225 2052 1289 sancti
2075 1227 2164 1291 Petri
2187 1227 2360 1295 Mindense
2383 1234 2458 1298 uni·
2572 1253 2573 1310 i

426 1333 532 1398 versis
569 1330 848 1398 christifidelibus
871 1350 1010 1414 presens
1047 1331 1207 1413 scriptum
1237 1329 1436 1412 inspecturis
1471 1329 1613 1394 salutem
1650 1329 1685 1393 in
1712 1328 1865 1394 Domino.
1913 1329 2013 1394 Iustis
2036 1331 2262 1419 petendum)
2285 1335 2457 1403 desideriis
2572 1333 2573 1410 ζ

426 1439 559 1505 facilem
580 1457 642 1503 nos
667 1438 763 1502 decet
789 1437 929 1520 prebere
953 1457 1154 1502 consensum
1182 1439 1215 1501 et
1245 1438 1340 1516 vota,
1370 1456 1436 1519 que
1466 1455 1486 1500 a
1509 1434 1653 1501 racionis
1685 1436 1818 1500 tramite
1846 1455 1916 1501 non
1943 1436 2145 1520 discordant,
2170 1440 2301 1506 effectui
2332 1446 2457 1509 manci-

427 1545 555 1631 paret).
595 1543 782 1626 Eapropter
811 1543 894 1608 scire
919 1563 978 1608 vos
1002 1543 1165 1626 cupimus
1190 1543 1282 1625 quod
1305 1562 1366 1608 nos
1391 1543 1587 1606 dilectorum
1611 1543 1645 1606 in
1668 1542 1800 1607 (linisto
1824 1542 1942 1608 decani
1971 1545 2004 1607 et
2031 1544 2167 1627 capituli
2191 1547 2296 1612 sancti
2322 1549 2457 1615 Martini
2541 1587 2543 1590 ·

428 1651 610 1717 Mindensis
641 1651 770 1715 devotis
802 1650 957 1733 precibus
987 1649 1137 1714 inclinati
1166 1649 1339 1714 collacioni
1363 1649 1490 1714 decime
1514 1649 1555 1714 de
1579 1647 1783 1731 Nienburg4)
1813 1648 1895 1733 ipsis
1921 1652 1956 1714 et
1979 1650 2116 1715 ecclesie
2144 1671 2203 1718 sue
2232 1658 2456 1724 avenerabili

434 1757 580 1822 antistite
609 1759 723 1822 nostro
752 1756 908 1821 Conrado
944 1757 979 1821 in
1007 1755 1357 1838 recompensacionem
1385 1755 1510 1820 decime
1541 1755 1575 1819 in
1602 1754 1746 1820 Alsvede
1776 1755 1830 1838 pie
1859 1754 1944 1820 facte
1975 1775 2175 1822 consensum
2205 1760 2400 1841 prebuimus
2424 1767 2457 1829 et
2572 1765 2573 1852 J

435 1863 576 1929 eandem
592 1863 809 1928 collacionem
832 1864 940 1926 ratam
964 1862 1141 1927 habuimus
1170 1864 1203 1926 et
1225 1862 1388 1926 hebernus
1416 1860 1479 1925 sub
1507 1861 1572 1925 hac
1593 1862 1715 1942 forma,
1746 1861 1837 1944 quod
1866 1861 2005 1945 antiqua
2027 1862 2144 1946 pensio
2168 1864 2295 1930 decime
2319 1867 2361 1932 de
2384 1869 2457 1934 Eis·
2572 1887 2573 1892 ’

425 1968 564 2054 berger)
586 1969 867 2034 incommutabilis
890 1969 1081 2051 perseveret
1108 1971 1142 2032 et
1164 1970 1202 2033 ut
1225 1967 1302 2032 dicti
1326 1966 1476 2031 canonici
1503 1966 1538 2032 in
1561 1969 1677 2032 sancta
1699 1969 1796 2032 nocte
1819 1968 1908 2033 beati
1932 1969 2021 2033 Petri
2045 1971 2079 2034 et
2102 1969 2259 2054 Gorgonii
2281 1975 2457 2042 nobiscum
2572 1987 2573 1994 ’

424 2077 469 2142 de
494 2078 603 2142 cetero
628 2077 773 2141 debeant
795 2075 944 2158 vesperis
967 2075 1140 2140 interesse.
1176 2075 1221 2140 Ut
1244 2094 1320 2157 ergo
1343 2073 1500 2156 predictis
1524 2073 1636 2138 omnia
1659 2075 1814 2138 constent
1836 2079 2000 2158 perpetua
2022 2074 2181 2142 firmitate
2204 2079 2356 2160 subnixa,
2380 2102 2457 2165 pre·
2572 2051 2573 2086 1

429 2203 509 2248 sens
532 2184 694 2266 scriptum
716 2181 812 2265 sigilli
836 2181 940 2247 nostri
963 2181 1146 2245 munimine
1170 2179 1325 2245 duximus
1353 2180 1590 2244 roborandum.
1630 2180 1748 2244 Testes
1771 2179 1871 2244 huius
1894 2181 1942 2245 rei
1966 2183 2057 2247 sunt:
2081 2183 2281 2249 Godeiridus
2298 2187 2456 2270 decanus,
2572 2173 2573 2250 i

428 2287 509 2354 Otto
533 2291 655 2369 custos,
679 2287 883 2352 Wernherus
900 2288 942 2352 de
957 2288 1118 2368 Arnhcm,
1142 2285 1321 2351 Heinricus
1338 2286 1379 2350 de
1395 2285 1569 2369 Bastorpe,
1593 2286 1784 2352 Woltherus
1802 2287 1844 2351 de
1860 2288 2031 2370 Scovburg
2042 2288 2081 2374 ⁶),
2106 2289 2317 2374 Gerebertus,
2333 2293 2456 2360 Alhar-
2572 2281 2573 2344 Ῑ

423 2395 500 2475 dus,
524 2395 696 2459 'lidericus
721 2395 761 2458 de
785 2395 839 2474 Se,
867 2391 1189 2474 Willehelmusllde
1205 2391 1407 2473 Thieiholte,
1431 2392 1656 2475 EckeharduS,
1681 2393 1903 2458 Godescalcus
1924 2393 1966 2458 de
1983 2394 2150 2475 Hukelud,
2178 2398 2335 2480 magister
2350 2397 2457 2466 Heln·

424 2500 524 2581 ricus,
535 2497 743 2585 Wulverus⁸)
755 2499 959 2580 scolasticus
975 2498 1155 2565 Bertoldus
1168 2499 1210 2564 de
1226 2493 1492 2582 Hamelspringe‚
1504 2498 1620 2564 Bruno
1633 2501 1674 2564 de
1687 2499 1902 2583 Spenthovia,
1922 2499 2117 2583 Reinoldus,
2135 2505 2284 2570 canonici
2300 2506 2455 2573 maiores.

641 2603 713 2675 ι)10
733 2605 755 2656 Α
776 2603 1085 2674 teererltoumsitrctie
1104 2603 1466 2673 reclmetrapendeleittate,
1485 2604 1605 2658 Bliatt·
1655 2605 1677 2672 ’)
1692 2606 1838 2673 petentium
1858 2623 1883 2658 0.
1896 2607 1988 2660 teucer
2006 2612 2017 2659 t
2028 2608 2081 2677 sir
2099 2624 2113 2660 c
2130 2607 2162 2662 B.
2201 2609 2224 2678 ¹)
2242 2613 2410 2681 emancipare
2423 2614 2456 2668 B.
2572 2639 2573 2656 1

745 2693 768 2761 ⁴)
787 2693 940 2747 Nienburch
960 2693 992 2746 B.
1030 2693 1053 2758 ὕ)
1073 2694 1209 2762 Eysberge
1228 2692 1260 2747 Β.
1299 2695 1322 2754 ⁶)
1335 2693 1487 2758 Scovburch
1500 2694 1532 2747 B.
1572 2691 1772 2756 'lWilhelmus
1792 2693 1823 2746 B.
1873 2695 2059 2759 ⁶)Wulnerus
2079 2695 2109 2749 B.
2572 2729 2573 2740 .

557 2763 648 2829 Neci
674 2765 749 2828 Mer.
775 2763 800 2842 I,
828 2764 891 2827 111
917 2764 951 2830 S.
974 2763 1021 2828 23
1044 2765 1103 2850 (A)
1127 2765 1194 2828 und
1216 2765 1291 2831 Mer.
1317 2764 1343 2842 1,
1370 2762 1434 2828 110
1459 2763 1493 2830 S.
1516 2763 1540 2828 3
1563 2764 1620 2849 (B)
1643 2767 1687 2828 e'rn
1707 2763 1780 2851 qu.
1808 2763 1916 2832 Sc-A.
1940 2770 1975 2831 in
1996 2766 2146 2846 Mirum,
2171 2768 2286 2854 Repeet
2305 2770 2383 2836 Mer.
2408 2771 2454 2852 II,
2572 2783 2573 2826 l

639 2870 704 2935 189
732 2869 792 2938 Nr.
813 2869 890 2934 626.
937 2870 1033 2937 Gedr.
1071 2870 1224 2936 Zeitacter.
1263 2872 1317 2936 dee
1352 2871 1423 2938 lter.
1468 2868 1535 2938 Ver.
1567 2871 1626 2949 fir·
1658 2868 1907 2937 Niedereaclveerv
1939 2872 1992 2958 Jp.
2024 2872 2108 2937 1861
2149 2873 2184 2940 S.
2211 2873 2279 2946 26,8
2305 2877 2389 2941 reeb
2413 2877 2454 2941 B.

638 2977 752 3063 Repete
782 2977 901 3043 edendo
922 2977 975 3063 Jp.
1002 2974 1088 3041 1860
1110 2975 1142 3042 S.
1166 2974 1230 3041 110
1253 2975 1313 3040 Nr.
1330 2976 1385 3056 54,
1413 2975 1483 3042 Der
1505 2976 1660 3042 Domterr
1680 2976 1859 3042 Gottccbotk
1882 3002 1910 3041 o.
1933 2977 2093 3058 Hukelud,
2122 3002 2187 3045 nur
2214 2981 2283 3046 tier
2306 2997 2455 3068 peccant>
2572 3025 2573 3040 ÷

636 3085 720 3149 roird
740 3087 784 3148 ire
799 3080 956 3170 Nekrotop
980 3083 1072 3170 (Kop.
1096 3081 1179 3162 XII,
1202 3082 1247 3149 60
1259 3084 1323 3167 sot.
1346 3080 1417 3147 320
1438 3087 1482 3147 im
1506 3081 1613 3150 Se-A.
1637 3105 1677 3148 ere
1698 3081 1879 3169 Haneeoer)
1915 3085 1964 3148 ola
1991 3107 2062 3150 zum
2084 3085 2137 3154 28.
2162 3087 2259 3174 April
2285 3089 2457 3156 verstorben
2572 3107 2573 3146 t

636 3207 792 3277 peraret:
819 3192 936 3257 Vitatis
960 3191 1105 3257 martiris
1130 3190 1353 3258 Godescalcus
1378 3193 1419 3256 de
1443 3190 1647 3256 Huckelowe
1670 3193 1774 3257 frater
1797 3194 1910 3258 noster
1934 3192 2026 3260 obiit

423 3463 581 3538 0000
607 3464 680 3536 uer
710 3464 851 3555 rapere
886 3463 946 3535 ees
976 3461 1211 3551 lucernaris
1243 3462 1281 3533 0
1301 3351 1663 3553 0063300000,
1691 3463 1775 3534 cass
1802 3447 2105 3556 eas'oomeapee
2132 3466 2187 3538 00
2204 3467 2456 3561 mammeam

418 3593 501 3642 eum
531 3570 664 3642 vemet
691 3570 755 3642 der
782 3570 933 3642 Zebeterr
966 3570 1004 3640 in
1034 3568 1216 3658 Nierberp
1241 3568 1313 3640 000
1332 3569 1490 3640 Alswede
1514 3569 1658 3660 popedon
1685 3569 1744 3641 bet
1771 3571 1843 3642 000
1871 3572 2092 3663 versprecberr
2119 3573 2175 3644 dic
2194 3573 2456 3667 Fortlieferunp

494 3678 586 3748 eires
613 3678 782 3768 Betrapes
810 3699 875 3748 ees
903 3676 979 3748 dem
1008 3675 1160 3747 Zebretee
1186 3677 1224 3746 ire
1251 3675 1440 3767 11060900
1467 3698 1514 3747 00
1540 3675 1701 3748 desselbe.
1759 3677 1798 3749 0.
1824 3678 1859 3754 J.
1887 3677 1947 3768 (ru
1973 3681 2072 3752 1224
2099 3679 2293 3770 September
2319 3681 2393 3773 21.)

532 3794 738 3880 H(ein1icus)
769 3795 830 3860 Dei
857 3793 967 3877 gracia
996 3794 1142 3859 decanus
1172 3796 1205 3860 et
1234 3793 1415 3876 capitulum
1447 3794 1552 3859 sancti
1583 3795 1716 3859 Martini
1745 3795 1927 3862 Mindensis
1954 3797 2117 3863 universis
2148 3797 2271 3862 Christi
2296 3797 2454 3866 fidelibus
2572 3807 2573 3894 ᾗ

422 3921 562 3984 presens
585 3902 745 3984 scriptum
768 3900 968 3984 inspecturis
992 3901 1135 3964 salutern
1158 3899 1192 3964 in
1217 3900 1349 3966 Christo
1372 3901 1484 3965 Jhesu.
1533 3901 1578 3966 Ut
1600 3900 1644 3982 id,
1673 3902 1764 3984 quod
1795 3921 1815 3965 a
1843 3903 2055 3985 presentibus
2082 3904 2220 3986 geritur,
2249 3925 2309 3989 per
2332 3906 2455 3972 vivaci-

422 4007 526 4073 tatem
557 4007 670 4091 scripti
698 4007 856 4072 memorie
890 4008 1079 4070 reservetur
1110 4006 1215 4071 eciam
1243 4009 1470 4089 posterorum,
1506 4010 1623 4072 notum
1652 4028 1725 4073 esse
1760 4008 1933 4091 volumus,
1969 4010 2060 4093 quod
2088 4011 2286 4076 universitas
2315 4013 2454 4097 capituli
2572 3983 2573 4016 1

422 4113 558 4178 maioris
581 4113 719 4178 ecclesie
742 4112 924 4177 Mindensis
948 4111 1116 4176 collationi
1140 4112 1266 4178 decime
1288 4112 1324 4177 in
1347 4113 1537 4178 Nienborch
1561 4113 1659 4179 nobis
1689 4117 1724 4180 et
1751 4115 1889 4180 ecclesie
1913 4119 2026 4182 nostre
2055 4137 2074 4181 a
2097 4118 2278 4183 venerabili
2306 4119 2456 4185 antistite

424 4223 542 4285 nostro
565 4219 720 4284 Conrado
744 4220 779 4284 in
802 4219 1151 4302 recompensacionem
1176 4219 1301 4285 decime
1324 4221 1359 4285 in
1382 4220 1527 4285 Alsvede
1550 4221 1636 4286 lacte
1656 4241 1857 4286 consensum
1881 4241 1979 4286 suum
2002 4223 2056 4306 pie
2080 4225 2214 4307 prebuit
2237 4226 2272 4289 et
2294 4224 2454 4291 fraterne.

419 4326 526 4392 Cuius
549 4327 628 4391 facti
650 4327 760 4411 gracia
783 4326 960 4390 statuimus
984 4327 1017 4390 et
1045 4325 1252 4409 profitemur,
1276 4327 1367 4408 quod
1392 4327 1530 4409 antiqua
1552 4329 1670 4411 pensio
1699 4329 1827 4393 decime
1855 4329 1890 4394 in
1913 4329 2097 4414 uysoerge
2126 4351 2191 4413 que
2223 4332 2265 4395 ad
2289 4331 2455 4398 decimam
2572 4385 2573 4412 ,

420 4432 561 4498 ecclesie
584 4435 698 4498 nostre
714 4433 870 4516 pertinet,
893 4431 1209 4497 incommutabiliter
1231 4435 1434 4515 perseveret,
1459 4436 1492 4498 et
1507 4435 1599 4516 quod
1622 4435 1657 4498 in
1680 4437 1796 4499 sancta
1819 4437 1918 4501 nocte
1934 4435 2023 4502 Petri
2048 4439 2080 4502 et
2097 4437 2252 4520 Gorgonii
2276 4438 2312 4502 in
2335 4437 2454 4502 maiori
2572 4503 2573 4526 2

421 4539 564 4605 ecclesia
587 4541 628 4605 de
658 4543 769 4605 cetero
799 4539 947 4624 vesperis
975 4537 1175 4603 intersimus.
1229 4539 1274 4604 Ut
1297 4542 1409 4604 autem
1432 4541 1494 4606 hec
1521 4540 1618 4605 firma
1641 4544 1859 4625 permancant
1889 4545 1923 4606 et
1945 4543 2156 4626 inconvulsa,
2183 4563 2324 4628 presens
2348 4545 2455 4629 scrip-
2572 4543 2573 4546 ’

421 4647 496 4712 turn
519 4645 625 4744 sigillo
649 4650 763 4712 nostre
787 4646 924 4712 ecclesie
948 4645 1201 4710 communimus.

558 4749 648 4815 Nocte
671 4753 727 4817 der
749 4751 916 4829 Adrobrift
938 4751 992 4814 dee
1016 4749 1068 4814 11.
1091 4750 1144 4814 Ji.
1168 4754 1202 4814 ire
1225 4751 1303 4815 Moe.
1333 4749 1405 4830 VII,
1429 4749 1527 4830 2101,
1553 4751 1587 4816 S.
1611 4750 1656 4816 26
1678 4754 1722 4816 im
1743 4752 1817 4839 Kpi.
1844 4751 1951 4818 St-A.
1975 4777 2014 4819 zu
2037 4755 2186 4822 610000.
2211 4753 2454 4821 000021ιῖνο1-

639 4861 726 4936 mein,
751 4856 842 4922 Noua
867 4856 956 4922 sebe.
980 4854 1059 4936 XII,
1086 4854 1423 4924 attemerare
1447 4859 1598 4926 Zeitectr.
1623 4859 1676 4923 dee
1698 4860 1769 4923 trist.
1799 4856 1925 4926 Vereins
1944 4861 2002 4937 seir
2025 4860 2271 4926 Ne'edersecheen
2292 4862 2346 4948 Jp.
2366 4861 2453 4928 1860

639 4963 674 5032 S.
700 4963 774 5028 138.
803 4964 864 5028 Mit
886 4967 1003 5030 sancta
1025 4984 1093 5030 nox
1117 4965 1206 5031 Petri
1230 4967 1264 5031 et
1280 4965 1437 5050 Gorgonii
1459 4969 1502 5029 iet
1517 4963 1688 5048 jedenfalle
1710 4966 1761 5030 die
1782 4962 1895 5052 repere
1917 4967 1991 5032 oder
2013 4968 2063 5034 die
2077 4965 2184 5031 Nocte
2203 4989 2275 5032 zum
2292 4967 2343 5032 11.
2361 4969 2455 5032 111ᾱο
2572 5003 2573 5022 1

636 5070 777 5156 yonam.

421 5272 574 5362 Bieclrof
586 5271 737 5344 Korrrod
754 5294 817 5344 ron
836 5273 938 5346 Porto
957 5273 1029 5344 eod
1048 5295 1075 5345 s.
1094 5273 1235 5362 Rufino,
1257 5163 1474 5364 pepsrttiiir‘
1492 5272 1610 5363 Lepet,
1635 5275 1825 5366 penebmtpt
1852 5275 1908 5348 die
1934 5275 2193 5368 Vertorscbunq
2219 5276 2282 5348 der
2299 5276 2453 5348 Zetnten
2572 5231 2573 5274 1

835 5381 874 5451 ire
902 5379 1084 5470 Nierebrrrp
1109 5381 1184 5452 000
1209 5380 1372 5452 Alcwede.
1429 5379 1613 5468 Nicodorf
1633 5384 1732 5456 1224
1760 5381 1954 5474 September
1980 5385 2037 5458 21.
