5086 6768
436 377 506 442 414
1431 390 1500 446 1284

573 585 629 652 Or.
653 589 697 650 im
720 584 839 649 Archa
861 585 915 650 dee
937 582 992 648 ΚΖ.
1015 582 1158 649 Leccam.
1194 583 1249 647 An
1272 584 1340 648 dem
1362 605 1419 648 von
1442 583 1498 649 der
1517 583 1596 652 Urk.
1620 586 1844 672 paecuniam
1860 582 2174 670 Porpumeritetreifen
2196 585 2253 649 der
2274 595 2384 650 meere
2404 583 2460 650 Tea

652 692 706 757 des
730 689 1021 777 saponariam.
1063 689 1175 775 Repeat
1199 687 1405 775 Calcnberper
1434 688 1503 758 ΠΒ.
1526 690 1621 758 Aba.
1646 689 1709 771 Ill,
1733 689 1765 758 8.
1789 685 1856 756 279
1880 687 1942 752 Nr.
1966 687 2042 769 442,
2073 687 2180 774 welf.
2207 689 2460 756 Prouinzicl-Bll.

653 795 697 876 II,
722 796 753 876 4,
779 795 813 862 S.
836 793 881 861 57
906 794 966 859 Nr.
992 793 1065 860 126.
1110 797 1345 879 Wagenrodhe
1366 800 1447 861 wila
1468 797 1617 863 zwisalten
1640 797 1777 863 Lernam
1798 798 1865 861 und
1895 793 2097 862 Wiedmall.

433 1121 592 1212 Biacleof
618 1121 764 1213 Volpnln
790 1141 855 1193 vnn
882 1119 1033 1192 Mindon
1060 1118 1197 1192 schenkl
1223 1120 1301 1192 dem
1328 1121 1387 1192 Kl.
1418 1122 1612 1212 Neandorf
1633 1123 1698 1195 das
1723 1122 1981 1212 obereipentum
2008 1123 2101 1194 anes
2120 1122 2232 1210 Hosne
2258 1123 2299 1192 in
2327 1121 2462 1197 Hiulca

895 1267 900 1276 ·
1190 1225 1340 1299 Mindon
1369 1225 1473 1301 1284
1500 1229 1637 1319 Auycal
1666 1232 1720 1304 18.

544 1347 662 1413 Testes
695 1347 796 1412 huius
828 1345 876 1410 rei
908 1347 1001 1410 sunt:
1037 1344 1224 1411 Richardus
1253 1347 1389 1430 Vulpes,
1429 1347 1611 1412 Heinricns
1647 1349 1689 1413 de
1724 1347 1936 1429 Dungerden,
1973 1347 2143 1412 lohannes
2177 1347 2218 1412 de
2247 1345 2459 1430 Bardenlape,

438 1453 685 1519 Godeschalcus
709 1451 840 1535 Selcop,
863 1451 1032 1516 lohannes
1056 1451 1098 1516 de
1120 1451 1327 1536 Barghusen‚
1352 1452 1471 1518 Giseke
1496 1454 1537 1518 de
1560 1454 1719 1534 Holrolve,
1744 1453 1885 1534 milites3
1913 1452 2100 1519 Richardus
2125 1455 2159 1517 et
2181 1453 2343 1518 Nicolaus
2367 1453 2461 1518 Balke

437 1559 676 1625 Ludemannus
700 1558 742 1623 de
765 1559 910 1640 Meysen,
933 1557 1145 1623 Everhardus
1169 1558 1210 1623 de
1234 1558 1424 1624 Holthusen
1450 1561 1483 1625 et
1507 1558 1683 1625 Conradus
1707 1560 1748 1624 de
1772 1559 1972 1641 Ovenstede,
1996 1558 2122 1624 famuli.

575 1662 629 1729 Or.
652 1667 697 1727 im
719 1660 794 1748 Kpl.
820 1661 925 1728 Sa-A.
958 1685 998 1726 zu
1026 1659 1208 1742 Hannover,
1243 1660 1412 1747 Ncnndcrf
1437 1662 1499 1734 Nr.
1522 1663 1565 1728 24
1600 1668 1658 1729 mil
1692 1665 1913 1750 bacchidipwm
1945 1663 2049 1749 Siepel
2082 1665 2135 1730 dea
2167 1663 2325 1746 Br’ecleofs.
2373 1663 2460 1730 Gerr.

650 1794 678 1835 a.
702 1767 894 1854 Hodenberp‚
917 1767 1023 1856 Hoyer
1050 1765 1123 1833 UB.
1147 1768 1243 1834 Aba.
1274 1767 1329 1848 Vl,
1357 1768 1391 1837 S.
1414 1768 1460 1834 39
1483 1768 1543 1836 Nr.
1566 1770 1621 1836 51.

1397 1966 1510 2044 1303.

436 2095 506 2169 Aac
533 2095 705 2168 Heinrich
731 2115 796 2166 non
815 2096 1113 2166 Maricnmtlneler
1139 2093 1275 2166 semlai
1302 2095 1430 2165 sanem
1448 2091 1583 2166 Kloster
1610 2094 1677 2166 den
1695 2095 1845 2166 Zelnlen
1863 2097 1900 2168 ia
1918 2094 2157 2190 Elygelberga
2183 2096 2256 2167 wid
2274 2097 2373 2166 einen
2393 2095 2463 2182 Hos

435 2205 475 2275 in
502 2203 631 2274 naseu
662 2225 726 2274 cur
760 2200 913 2291 Sliflunp
952 2201 1043 2272 eines
1076 2200 1311 2273 Annivcrsars
1351 2200 1415 2289 felc
1455 2201 1522 2272 den
1557 2201 1736 2273 mindeacr
1772 2201 1967 2273 Dmnlcrm
1999 2202 2190 2274 Bernhurrl
2215 2223 2282 2274 vnn
2315 2201 2460 2290 Rcslcrs.

575 2424 669 2491 θεάν.
704 2422 806 2509 Wesff.
837 2422 905 2490 ΠΒ.
929 2421 989 2503 IV,
1015 2423 1049 2492 S.
1074 2421 1140 2488 837
1162 2422 1225 2487 Nr.
1251 2306 1677 2509 1843iq4sse3iiib2reiliclir.
1702 2421 1823 2488 XLVI
1826 2424 1840 2468 ²
1865 2423 1899 2490 8.
1926 2423 1999 2503 185,
2023 2425 2149 2490 wonacl
2170 2425 2367 2511 ffigelberga
2389 2431 2460 2490 wau

653 2531 701 2596 bei
722 2529 889 2597 Mezen.

1068 2711 1069 2716 ,
1398 2658 1514 2736 1304.

437 2783 532 2858 Otto
560 2783 633 2858 Dei
659 2785 787 2880 gracia
811 2783 1020 2856 Mindensis
1048 2782 1201 2857 ecclesie
1229 2784 1443 2879 prepositus
1472 2783 1595 2856 dictus
1623 2784 1670 2856 de
1689 2783 1832 2879 Wilipn
1856 2786 2047 2876 pawhmipl
2074 2785 2130 2856 die
2149 2783 2352 2878 Sclenlcunp
2378 2787 2461 2857 aaa

437 2891 554 2981 Hofes
580 2914 646 2964 von
680 2893 753 2964 cler
779 2889 902 2979 Hufcn
928 2892 966 2961 in
997 2889 1110 2962 Grave
1138 2891 1249 2962 derel
1275 2894 1368 2963 scine
1395 2891 1546 2980 Brucler,
1581 2892 1646 2963 den
1676 2890 1810 2980 Grnfen
1840 2891 2029 2963 Burclurd
2055 2913 2120 2962 von
2156 2891 2275 2983 Wc‘lpe
2302 2891 2374 2962 aad
2400 2892 2461 2962 dea

659 2998 791 3069 aanor
819 2998 1031 3088 Dcrnpropsl
1058 2997 1256 3087 Bernhard,
1285 3021 1331 3069 an
1359 2997 1424 3069 dus
1453 2997 1513 3073 Kl.
1544 2997 1836 3087 Bursinpluascn.
1891 2996 1996 3070 1284
2026 2997 2170 3070 Oldcber
2196 3001 2252 3069 19.

574 3096 629 3163 Or.
652 3101 696 3163 im
717 3096 791 3183 Kpl.
818 3096 924 3164 sa-A.
948 3120 988 3162 zu
1009 3096 1188 3177 Hanncver,
1212 3096 1265 3163 ΚΖ.
1291 3096 1553 3183 Bareiupluusen
1575 3095 1640 3162 Νν.Ι
1652 3095 1727 3161 aab.
1763 3095 1859 3163 (ἔσάν.
1878 3097 2030 3164 zeraam.
2047 3098 2101 3162 des
2117 3098 2186 3162 lm.
2206 3094 2278 3164 Ver.
2295 3099 2320 3178 f.
2339 3095 2460 3161 ll'ieder·

651 3204 781 3269 sacham
802 3203 856 3289 Jp.
882 3202 968 3267 1858
990 3201 1022 3268 S.
1048 3204 1112 3270 117
1136 3203 1196 3269 Nr.
1222 3204 1251 3270 7.
1304 3202 1416 3290 Wepen
1441 3201 1541 3269 Grave
1563 3227 1589 3269 a.
1613 3203 1684 3269 oben
1706 3202 1767 3268 Nr.
1791 3202 1866 3271 864.

1396 3401 1510 3479 1305.

439 3527 514 3602 otto
540 3550 604 3600 von
631 3527 752 3620 Wc'lpc
778 3526 989 3599 Mindensis
1016 3527 1170 3601 ecclesie
1198 3527 1412 3623 prepositus
1440 3527 1577 3600 schenkl
1603 3529 1680 3600 mm
1702 3525 1757 3600 Ill.
1779 3528 2062 3620 Bcrsinplausen
2090 3529 2164 3600 υἱον
2182 3527 2308 3618 Hufen
2325 3527 2461 3600 naeres

1197 3635 1235 3705 ia
1264 3634 1384 3709 Grove.
1441 3635 1478 3707 0.
1505 3635 1540 3711 J.
1569 3633 1711 3727 (1284).
1741 3709 1743 3714 ,

572 3750 628 3817 Or.
655 3756 701 3816 im
727 3751 802 3838 Kpl.
829 3750 933 3819 sa-A.
969 3774 1008 3816 zu
1038 3749 1220 3830 Hannone,
1254 3751 1306 3818 Kl.
1336 3750 1599 3836 Barsinplaueen
1632 3750 1693 3818 Nr.
1716 3750 1800 3817 aaa.
1847 3751 1943 3818 θεῶν.
1969 3751 2119 3819 Zeilachr.
2152 3753 2206 3817 dee
2239 3751 2312 3818 lt'st.
2341 3749 2408 3816 Ver.
2430 3751 2462 3835 f.

650 3855 898 3924 Niederaaclsen
921 3858 973 3945 Jp.
999 3857 1086 3923 1858
1111 3857 1145 3924 8,
1171 3856 1235 3923 117
1258 3855 1320 3921 Nr.
1343 3856 1375 3924 8.

1396 4056 1514 4134 1306.

435 4183 621 4264 &letarii
647 4181 844 4255 Kancniker
871 4182 932 4254 des
954 4183 1201 4272 Marllnslitles
1226 4185 1264 4255 ic
1285 4183 1434 4256 Mincium
1462 4184 1625 4256 lelundel
1652 4183 1719 4256 den
1736 4182 1891 4272 Aulucus
1911 4183 2082 4255 mclrerer
2101 4182 2233 4256 Genea
2259 4183 2335 4254 und
2362 4181 2464 4252 deren

1103 4289 1347 4381 Vcrwendanp.
1404 4289 1508 4362 1284
1534 4290 1721 4362 December
1748 4289 1808 4365 26.

545 4408 709 4475 Omnibus
734 4406 857 4473 Christi
879 4405 1034 4473 fidelibus
1057 4410 1251 4491 presentem
1275 4407 1420 4474 litteram
1442 4407 1643 4490 inspecturis
1667 4429 1728 4493 ego
1751 4407 1964 4474 Eckehardus
1988 4406 2167 4473 canonicus
2191 4407 2332 4473 ecclesie
2360 4405 2460 4472 sancti

435 4515 570 4581 Martini
599 4514 781 4581 Mindensis
809 4515 927 4580 notum
957 4513 1043 4578 facio
1076 4516 1109 4579 et
1134 4516 1251 4579 tenore
1280 4514 1493 4598 presencium
1523 4514 1571 4579 ila
1602 4517 1779 4599 protestor,
1814 4514 1906 4598 quod
1937 4513 2079 4598 quilibet
2104 4515 2217 4597 potest
2245 4514 2397 4596 secure¹)
2425 4511 2460 4576 in

436 4621 582 4688 animam
609 4641 719 4687 meam
746 4621 857 4686 iurare
885 4620 971 4686 infra
998 4621 1122 4705 scripta
1152 4621 1200 4685 sic
1227 4640 1301 4686 esse
1331 4621 1486 4686 ordinata
1515 4623 1548 4686 et
1578 4623 1715 4686 statuta.
1766 4621 1880 4687 Sciant
1907 4620 2007 4704 igitur
2036 4619 2195 4701 universi,
2227 4620 2320 4704 quod
2352 4619 2411 4684 emi
2440 4635 2459 4680 a

359 4809 361 4814 Ι
438 4727 593 4794 Conrado
624 4727 729 4792 milite
764 4728 853 4794 dicto
882 4728 923 4792 de
951 4727 1114 4792 Lutteren
1143 4731 1177 4792 et
1205 4727 1274 4792 suis
1301 4727 1485 4792 heredibus
1508 4747 1611 4794 unam
1639 4747 1749 4794 aream
1779 4728 1878 4793 sitam
1905 4726 1941 4792 in
1969 4726 2080 4792 fronte
2107 4727 2220 4810 platee
2242 4723 2460 4791 Vitobollonis

436 4853 554 4899 versus
582 4836 730 4899 austrum
759 4853 822 4916 pro
847 4832 965 4917 viginti
992 4853 1051 4899 sex
1080 4833 1200 4900 marcis
1229 4833 1384 4917 expensis
1407 4834 1501 4918 pulei
1524 4836 1558 4898 et
1579 4833 1735 4898 omnibus
1759 4835 1915 4918 expensis
1938 4832 2012 4898 aliis
2036 4833 2250 4916 computatis,
2279 4851 2380 4914 quam
2400 4827 2460 4896 leci

436 4938 540 5005 dividi
563 4958 630 5003 non
651 4939 687 5004 in
711 4960 806 5006 areas
833 4941 895 5005 sed
924 4941 961 5005 in
991 4939 1140 5022 quinque
1168 4942 1273 5021 ortua,
1306 4960 1449 5024 quorum
1476 4941 1577 5024 primi
1608 4941 1675 5006 duo
1706 4941 1787 5006 dunt
1814 4939 1988 5006 annuatim
2015 4939 2131 5005 decem
2161 4937 2289 5003 solidos
2320 4941 2354 5002 et
2380 4937 2458 5001 duos

436 5045 610 5127 denarios,
642 5046 763 5112 tercius
787 5045 937 5129 quinque
960 5046 1086 5110 solidos
1114 5049 1149 5112 et
1169 5064 1274 5110 unum
1297 5045 1490 5129 denarium,
1522 5049 1662 5130 quartus
1693 5047 1842 5130 quinque
1870 5046 2014 5124 solidos,
2049 5045 2188 5130 quintus
2223 5047 2301 5111 octo
2330 5043 2456 5109 solidos.

435 5152 485 5217 De
507 5150 579 5216 istis
603 5151 752 5235 quinque
775 5153 859 5218 ortis
889 5152 1059 5218 dabuntur
1087 5154 1157 5218 tres
1188 5151 1316 5217 denarii
1340 5151 1523 5218 camerario
1554 5152 1681 5219 domini
1711 5152 1872 5237 episcopi,
1902 5153 2004 5235 unde,
2034 5171 2112 5219 cum
2134 5153 2265 5217 tantum
2295 5169 2363 5214 una
2385 5165 2457 5212 area

433 5257 543 5340 fuerit,
578 5277 647 5325 non
675 5259 777 5324 debet
803 5279 866 5325 nec
895 5260 1009 5342 potest
1036 5258 1078 5324 de
1105 5257 1178 5324 iure
1206 5258 1275 5325 sive
1305 5258 1550 5325 consuetudine
1580 5260 1670 5325 idem
1693 5259 1896 5325 camerarius
1925 5259 1968 5324 ab
1998 5257 2064 5324 hiis
2095 5256 2252 5323 omnibus
2276 5255 2358 5320 ortis
2385 5253 2456 5338 plus

433 5383 537 5447 quam
559 5364 715 5431 denarios
745 5368 814 5430 tres
847 5367 1057 5448 extorquere,
1085 5364 1162 5431 licet
1192 5364 1293 5431 etiam
1321 5365 1357 5429 in
1379 5364 1532 5448 quolibet
1561 5368 1635 5431 orto
1665 5367 1914 5433 construeretur
1936 5364 2124 5450 specialiter
2147 5383 2217 5430 una
2239 5363 2368 5430 domus.
2407 5359 2456 5422 De
