5062 6776
439 447 512 522 346,
1019 481 1021 486 ·
1432 457 1499 512 1277

438 657 661 725 creditoribus
694 673 869 740 possemus
903 654 1092 720 satisfacere
1128 656 1366 737 competenter,
1401 653 1508 718 multa
1543 651 1783 718 deliberatione
1818 653 1994 735 prehabito
2028 654 2195 720 communi
2230 673 2390 720 consensu
2418 659 2446 722 et

439 763 590 829 unanimi
624 762 796 827 voluntate
825 761 972 844 prefatas
1002 758 1123 845 duasl)
1147 758 1256 825 curias
1279 759 1456 844 nostrasss),
1492 779 1635 842 quarum
1657 761 1737 824 tunc
1761 779 1827 823 una
1851 760 1985 825 deserta
2008 759 2080 842 fuit,
2115 779 2190 825 eum
2214 761 2312 843 agris,
2344 764 2445 844 pratis,

439 871 531 935 silvis
555 871 589 933 et
611 866 767 932 omnibus
791 867 979 931 attinenciis
1003 865 1072 930 suis
1096 865 1257 950 religiosis
1281 864 1348 951 et⁷)
1366 867 1495 931 devotis
1510 866 1632 949 puellis
1653 865 1832 948 ..priorisse
1848 867 1881 929 et
1897 866 2074 931 conventui
2090 885 2243 932 sororum
2258 867 2447 935 inclusarum

438 976 475 1040 in
502 971 676 1056 Lodhen⁸)
712 975 824 1038 nostre
859 973 1008 1054 dyocesis
1043 972 1183 1037 fratrum
1214 973 1462 1040 Predicatorurn
1498 972 1648 1038 habitum
1678 974 1712 1036 et
1738 972 1890 1036 instituta
1921 973 2125 1037 servantium
2154 973 2364 1040 vendidimus
2394 995 2446 1058 pro

439 1079 593 1164 marcis4)
617 1084 751 1146 centum
775 1081 809 1144 et
831 1079 1000 1161 octoginta
1024 1077 1215 1143 Bremensis
1239 1079 1367 1160 argenti
1391 1077 1486 1143 dictis
1511 1078 1683 1144 sororibus
1703 1078 1878 1144 nobiscum
1893 1079 1929 1143 in
1945 1079 2009 1142 boo
2025 1079 2313 1162 convenientibus,
2336 1081 2447 1166 quodt)

439 1207 546 1270 usque
570 1188 613 1252 ad
635 1183 791 1268 annos¹⁰l
815 1187 949 1250 eentum
973 1183 1055 1270 et¹¹)
1078 1185 1165 1248 infra
1189 1184 1311 1250 nostris
1335 1184 1493 1260 denariis,
1515 1188 1552 1248 ui
1576 1185 1619 1249 ed
1641 1203 1793 1248 mensam
1816 1184 1964 1268 episcopi
1979 1184 2031 1249 vel
2048 1185 2091 1249 ad
2107 1205 2188 1250 usus
2205 1187 2313 1252 nostri
2328 1188 2448 1271 capituli

439 1295 589 1374 redeant,
612 1292 763 1375 quolibet
786 1311 874 1355 anno
898 1291 1032 1355 easdem
1056 1291 1164 1355 curias
1188 1290 1306 1356 eodem
1328 1291 1439 1373 precio
1462 1311 1523 1374 per
1547 1291 1681 1356 modum
1705 1294 1738 1355 et
1760 1290 1899 1355 formam
1923 1291 2104 1373 empcionis
2129 1313 2197 1358 non
2213 1294 2448 1377 redemptionis,

439 1420 517 1464 curn
539 1419 618 1464 vera
641 1398 684 1463 sit
707 1400 741 1462 et
763 1396 879 1479 legalis
903 1398 1029 1480 emptio
1053 1417 1121 1461 non
1144 1397 1313 1479 obligatio,
1349 1417 1547 1480 recuperare
1570 1399 1751 1478 possimus,
1785 1399 1832 1462 ita
1856 1398 1946 1480 quod
1969 1399 2119 1480 precium
2141 1399 2336 1464 huiusmodi
2356 1403 2449 1466 totum

439 1505 540 1572 simul
563 1503 651 1568 dicto
675 1522 830 1566 sororum
854 1503 1032 1567 conventui
1056 1506 1134 1567 anie
1157 1501 1279 1567 festum
1303 1503 1354 1568 vel
1377 1505 1413 1567 in
1436 1503 1521 1568 festo
1545 1503 1700 1568 Barnabe
1723 1503 1865 1586 apostoli
1887 1504 2107 1586 persolvatur.
2154 1506 2209 1570 Ad
2232 1507 2295 1572 hee
2310 1509 2386 1590 quia
2399 1529 2450 1590 per

439 1613 541 1677 talem
576 1610 795 1675 mutationem
825 1609 1039 1674 alienacionis
1071 1609 1210 1691 antique
1234 1609 1375 1675 ecclesie
1398 1612 1511 1675 nostre
1535 1609 1679 1676 conditio
1701 1609 1806 1675 multo
1831 1611 1947 1676 melior
1969 1614 2020 1675 est
2043 1611 2171 1690 effecta,
2206 1632 2270 1678 nos
2293 1613 2379 1677 bona
2399 1633 2450 1697 pro

439 1717 538 1782 bonis
562 1716 702 1781 reddere
726 1715 897 1800 cupientes
921 1715 956 1779 in
979 1714 1043 1781 hoc
1065 1714 1290 1798 promittimus
1314 1717 1548 1796 instrumento,
1584 1718 1675 1798 quod
1699 1716 1807 1780 nullos
1831 1719 2001 1798 emptores
2024 1718 2108 1782 alios
2131 1717 2166 1782 iu
2189 1721 2335 1784 emendo
2356 1721 2450 1785 curias

438 1825 530 1908 ipsas
555 1823 650 1888 dictis
673 1823 845 1887 sororibus
869 1821 1089 1904 preferemus3
1112 1822 1217 1886 totale
1241 1842 1386 1905 namque
1410 1822 1593 1888 dominium
1610 1825 1643 1886 et
1658 1822 1721 1902 iuS,
1746 1823 1837 1906 quod
1852 1823 1887 1886 in
1903 1822 1985 1906 ipsis
2001 1823 2189 1906 babuimus,
2214 1825 2251 1889 in
2267 1829 2450 1891 conventum

439 1930 672 1996 transferimus
704 1928 911 1994 antedictum
946 1948 1090 2010 eumque
1124 1926 1372 1992 defensabimus
1396 1931 1433 1994 ut
1456 1931 1618 2009 tenemur,
1654 1929 1682 1994 si
1705 1930 1884 2011 quisquam
1908 1929 2095 2012 episcopus,
2130 1931 2284 2013 prelatus
2307 1934 2363 1995 aut
2384 1952 2450 1997 corr·

440 2038 622 2102 canonicus
657 2038 772 2099 noster
806 2054 907 2117 super
942 2033 1116 2116 empcione
1151 2035 1211 2099 tali
1241 2034 1342 2099 vellet
1369 2034 1434 2117 ipsi
1463 2036 1641 2101 conventui
1670 2034 1879 2117 questionem
1901 2055 2043 2114 movere,
2079 2056 2257 2120 quousque
2284 2037 2450 2120 prelibatus

441 2162 606 2208 annorum
640 2161 799 2206 numerus
824 2141 866 2205 sit
890 2141 1086 2222 completus.
1133 2141 1172 2205 In
1198 2141 1292 2205 cuius
1317 2142 1364 2206 rei
1388 2142 1614 2206 testimonium
1636 2161 1777 2225 presens
1801 2141 1965 2224 scriptum
1987 2143 2106 2208 exinde
2129 2143 2320 2209 confectum
2342 2147 2450 2210 nostris

439 2249 568 2315 scilicet
603 2247 699 2314 electi
735 2249 769 2312 et
797 2247 934 2329 capituli
964 2245 1145 2312 Mindensis
1179 2266 1311 2311 necnon
1343 2250 1376 2311 et
1403 2266 1555 2312 sororum
1578 2249 1611 2312 in
1636 2248 1776 2313 Lodhen
1800 2249 1915 2331 sigillis
1939 2248 2078 2314 fecimus
2102 2250 2308 2315 communiri.
2356 2251 2450 2316 Huius

440 2355 490 2421 rei
512 2356 614 2419 testes
638 2353 787 2437 sunt12):
825 2353 904 2418 Otto
927 2353 1130 2436 prepositus
1155 2353 1396 2438 Gerhardusffl)
1419 2355 1575 2436 decanuS,
1599 2355 1785 2438 Volquinus
1808 2355 2011 2435 scolasticus,
2034 2355 2204 2420 Arnoldus
2229 2357 2450 2438 thesaurarius,

442 2461 598 2529 Jordanis
633 2459 831 2538 cellerarius
866 2460 1006 2541 Widego
1036 2460 1227 2541 prepositus
1259 2460 1364 2523 sancti
1395 2459 1537 2540 Martini,
1573 2460 1746 2526 Conradus
1777 2461 1968 2545 prepositus
1999 2463 2107 2526 saneti
2134 2462 2308 2542 lobannis,
2341 2463 2450 2546 Bruno,

441 2568 611 2635 lohannes
634 2567 676 2630 de
699 2564 849 2646 Bukken,
873 2566 1031 2631 Albertus
1055 2567 1162 2648 Spric,
1190 2565 1381 2631 Reinardus
1409 2567 1450 2632 de
1475 2567 1566 2642 Slon,
1599 2566 1841 2651 Gerhardus¹⁴)
1865 2569 1906 2633 de
1929 2568 2125 2646 Hervordia,
2160 2568 2396 2650 Gerbardus14)
2417 2571 2451 2634 de

441 2671 856 2756 Bastorpe15),Johannes
880 2672 922 2736 de
946 2671 1243 2757 Seonenbergeffi),
1268 2672 1429 2737 Ludolfus
1454 2673 1495 2737 de
1511 2674 1704 2750 Bardeleve,
1727 2673 1899 2738 lohannes
1916 2674 1957 2739 de
1974 2673 2246 2760 Strombergell),
2272 2675 2450 2741 Lodewicus

442 2781 483 2848 de
507 2777 803 2861 Ravensbergelfl),
826 2775 1049 2860 Arnoldusw)
1072 2777 1263 2862 Knighe20),
1287 2777 1478 2843 Bernardus
1502 2781 1543 2845 de
1568 2781 1744 2864 Rostorpe,
1769 2780 1946 2845 Heinricus
1969 2780 2011 2844 de
2035 2780 2129 2862 Hoya
2152 2783 2186 2845 et
2207 2781 2401 2846 Hartbertus
2416 2782 2450 2845 de

442 2887 624 2965 Mandes10,
660 2884 812 2950 canonici
843 2884 1048 2962 Mindenses3
1084 2883 1186 2949 frater
1216 2883 1385 2950 lohannes
1421 2887 1579 2970 supprior
1607 2888 1640 2950 et
1666 2886 1770 2951 frater
1799 2886 1970 2951 lohannes
2005 2885 2113 2950 dictus
2136 2887 2280 2970 Sapiens
2304 2889 2450 2953 dedomo

441 2992 584 3058 fratrum
608 2991 875 3068 Predicatorum3
899 2992 1002 3055 frater
1024 2989 1237 3055 Baldewinus
1262 2996 1295 3056 et
1319 2993 1421 3057 frater
1443 2991 1686 3073 Fredericus²¹)
1711 2991 1862 3056 conversi
1884 2991 1920 3056 in
1936 2991 2093 3070 Lodhen3
2117 2992 2315 3075 Rychardus
2339 2995 2449 3060 Parrus

442 3099 537 3163 miles
560 3101 596 3163 et
619 3094 834 3176 Henricus22)
858 3096 899 3160 de
922 3095 1176 3179 Nienborch28),
1212 3097 1293 3161 civis
1316 3097 1351 3160 in
1375 3098 1498 3163 Minda.
1545 3099 1666 3164 Datum
1697 3101 1730 3163 et
1757 3102 1868 3163 aetum
1895 3099 2006 3163 Minde
2033 3097 2118 3184 in24)
2151 3100 2300 3183 capitulo
2333 3100 2449 3166 maioris

440 3206 584 3270 ecclesie
608 3223 695 3270 anno
720 3202 854 3269 Domini
878 3201 1121 3266 M⁰.CG⁰.LXX⁰
1145 3203 1287 3285 septimo
1299 3203 1352 3284 2⁵),
1376 3205 1410 3268 in
1435 3205 1488 3269 die
1512 3207 1602 3270 beati
1625 3204 1779 3271 Barnabe
1803 3205 1957 3288 apostoli.

658 3311 679 3376 ¹)
699 3307 870 3361 Gberhardus
891 3306 956 3359 BC.
995 3307 1017 3374 ’)
1037 3312 1126 3359 nostre
1138 3307 1213 3375 sellt
1233 3307 1261 3360 0.
1301 3307 1324 3377 ³)
1345 3311 1507 3363 eum-suis
1519 3309 1594 3378 fehlt
1612 3309 1640 3375 0,
1660 3311 1936 3380 dafiircurionostre.
1975 3311 1998 3376 ⁴)
2017 3311 2135 3366 marchis
2155 3311 2187 3368 B.
2224 3313 2249 3380 ⁵)
2269 3308 2449 3381 duasselrltt‘.

765 3395 788 3466 ⁸)
807 3399 913 3448 nostras
931 3395 1006 3464 salit
1029 3395 1060 3450 B.
1112 3396 1133 3463 ⁷)
1155 3412 1185 3448 ae
1211 3395 1274 3449 BC.
1326 3397 1348 3466 ⁸)
1368 3399 1459 3450 Lodon
1478 3399 1512 3451 A.
1566 3400 1587 3467 ⁹)
1606 3399 1683 3452 Noclr
1703 3400 1773 3468 quod
1791 3399 1867 3469 jolpl
1885 3401 1972 3470 nicici
1996 3401 2116 3468 quolibet
2134 3416 2204 3454 anno
2224 3401 2257 3453 B.
2309 3403 2343 3468 ¹⁰)
2360 3405 2450 3453 centum

763 3499 848 3537 annos
873 3481 936 3536 BC.
989 3484 1023 3551 ¹¹)
1043 3485 1084 3536 vel
1104 3484 1135 3536 B.
1187 3485 1223 3554 ¹⁹)
1245 3493 1309 3539 sunt
1323 3486 1397 3555 scirit
1415 3487 1446 3540 B.
1499 3487 1534 3558 ¹³)
1553 3488 1723 3541 Gberhardus
1746 3487 1774 3541 0.
1825 3488 1861 3555 ”)
1880 3489 2013 3542 Garurdus
2035 3489 2067 3541 ,1.
2118 3490 2152 3556 ”)
2177 3487 2247 3542 Hier·
2262 3491 2357 3560 soloen
2376 3487 2450 3557 piricii

764 3573 856 3627 Heinr.
875 3573 907 3625 da
926 3573 1010 3640 Hoya,
1030 3573 1123 3625 Hartb.
1144 3572 1176 3625 da
1195 3575 1331 3628 Mandeslo
1353 3574 1381 3628 C.
1430 3577 1465 3643 ¹⁸)
1485 3577 1655 3646 Seonenberg
1673 3576 1705 3642 B,
1725 3576 1927 3646 Seonenbergbe
1949 3575 1977 3630 0.
2026 3577 2061 3648 ”)
2080 3578 2269 3647 Stromberghe
2290 3577 2317 3631 C.
2360 3579 2391 3646 ¹⁸)
2410 3578 2450 3628 lia·

763 3662 925 3730 renesbergc
944 3661 977 3728 B,
1006 3663 1228 3732 Ravenosberghe
1251 3666 1280 3718 G.
1328 3663 1363 3731 ”)
1383 3665 1517 3718 Arnoldus
1537 3665 1569 3717 de
1588 3664 1655 3722 AO.
1703 3666 1739 3735 ⁸⁰)
1758 3667 1847 3735 Knige
1866 3667 1900 3731 A,
1928 3667 2035 3735 Knigha
2054 3672 2080 3719 et
2101 3665 2129 3722 C.
2178 3666 2213 3736 ³¹)
2233 3667 2378 3720 Fridericus
2396 3664 2449 3717 Bt'.

764 3750 800 3820 ²¹)
819 3750 959 3802 Heinrious
981 3751 1009 3804 C.
1056 3751 1090 3817 ¹³)
1110 3751 1246 3821 Nianborg
1266 3751 1331 3808 BG.
1373 3753 1409 3822 ²⁴)
1429 3755 1616 3808 ira-ecclesie
1626 3755 1701 3824 sclrlt
1721 3755 1750 3810 G.
1796 3754 2171 3825 ¹⁶)DieJalareszal19an2
2191 3752 2449 3825 anapauomenen,

760 3856 831 3908 pana
849 3840 877 3890 in
896 3838 1000 3891 Zablerr
1021 3838 1048 3892 C.

577 3926 632 3994 Or.
656 3931 700 3990 im
723 3927 795 4012 Kpl.
823 3927 925 3993 sr-A.
951 3949 990 3991 za
1013 3929 1160 4007 Mdnater,
1185 3927 1340 3994 Fiiratcnt.
1367 3931 1494 3996 Minden
1516 3929 1578 3998 Nr.
1603 3931 1646 3996 47
1670 3935 1746 4016 (A),·
1769 3955 1825 3996 oon
1848 3933 1907 3997 den
1930 3934 1999 3996 drei
2022 3931 2145 4016 Siegeln
2169 3957 2211 3997 an
2233 3937 2357 3999 weiaaer
2378 3929 2451 3993 Litze

654 4056 715 4097 nar
738 4037 788 4098 ein
811 4032 1007 4098 Brarobatcick
1030 4057 1087 4098 oon
1109 4035 1177 4100 dem
1200 4035 1253 4099 dea
1278 4035 1488 4123 Domlcapitela
1511 4039 1656 4116 erfralten,
1680 4041 1747 4102 aad
1767 4043 1811 4103 im
1828 4039 1947 4102 Arellio
1962 4039 2014 4104 des
2034 4038 2082 4103 111.
2099 4037 2236 4103 Laecam
2260 4043 2294 4102 a'n
2315 4038 2451 4124 doppelter

654 4139 901 4224 Anasartipunp:
926 4139 982 4224 (B)
1007 4163 1049 4203 an
1064 4144 1187 4205 weisser
1203 4140 1290 4206 lsitzc
1315 4141 1524 4228 beacbcidiptea
1549 4143 1653 4230 Siepel
1675 4147 1729 4210 dea
1743 4144 1926 4210 Erotium
1940 4147 2006 4210 und
2020 4145 2073 4210 des
2089 4144 2140 4210 Kl.
2159 4144 2272 4210 Labda
2295 4141 2449 4230 (minandi,

657 4246 764 4308 Adam
780 4246 846 4310 and
859 4243 929 4309 an
950 4257 1038 4311 natm
1061 4248 1129 4310 dem
1154 4247 1339 4332 Apfelbaum
1360 4252 1419 4312 mit
1441 4251 1495 4315 der
1522 4251 1685 4337 Scblanpe,
1716 4250 1905 4318 Umsclrafr:
1927 4298 1936 4313 .
1955 4304 1961 4316 .
1981 4253 2134 4318 .ARUM
2150 4253 2198 4318 IN
2216 4251 2363 4318 LODHE
2379 4298 2385 4313 .
2402 4297 2408 4312 .
2424 4251 2451 4325 .),

655 4353 715 4416 das
737 4353 790 4416 des
813 4351 955 4437 Kapitels
978 4352 1037 4428 ab3
1061 4351 1112 4437 (C)
1136 4377 1179 4417 an
1193 4356 1318 4419 weisaer
1333 4353 1421 4420 Litze
1444 4361 1543 4444 weniq
1568 4357 1777 4443 beaoidcliqtcs
1796 4357 1899 4443 Saepel
1913 4359 1966 4422 des
1981 4356 2163 4422 Eraodhlten
2178 4359 2244 4422 aad
2258 4359 2312 4422 dcc
2326 4353 2452 4441 Kopion

656 4459 722 4522 and
737 4456 824 4521 sturlo
843 4458 1053 4545 beacbddiptea
1072 4458 1175 4544 Siepel
1198 4462 1251 4524 dea
1266 4460 1318 4526 ΚΖ.
1336 4459 1446 4528 Laide
1468 4468 1526 4529 wib
1547 4487 1622 4542 our„
1652 4463 1845 4540 Umacluift:
1869 4465 2023 4531 ...TUS
2040 4464 2244 4531 DOMINAR
2257 4516 2265 4529 .
2280 4518 2287 4530 .
2302 4515 2309 4528 .
2323 4464 2381 4529 ΒΗ
2394 4511 2400 4525 .
2413 4509 2419 4523 .
2432 4507 2450 4537 .,

657 4565 724 4628 adro
748 4563 834 4628 deide
857 4564 942 4628 Male
965 4566 1079 4629 anderu
1103 4567 1151 4629 als
1174 4567 1223 4630 dia
1247 4565 1427 4653 Abbildnnp
1451 4593 1479 4633 a.
1504 4594 1534 4634 α.
1563 4568 1599 4635 O.
1624 4569 1701 4652 Heft
1722 4569 1785 4649 ill,
1814 4568 1885 4652 Taf.
1912 4569 1986 4650 119,
2009 4568 2069 4632 Nr.
2095 4569 2123 4636 7.
2171 4568 2267 4635 θεάν.
2293 4595 2320 4635 o.
2344 4567 2451 4631 Heder-

655 4669 737 4755 berg,
775 4669 981 4755 Calendarger
1014 4669 1045 4734 U
1048 4669 1087 4736 B.
1118 4672 1214 4737 Abra.
1244 4670 1307 4752 ΙΙΙ,
1345 4673 1379 4740 S.
1406 4673 1472 4738 234
1504 4674 1563 4743 Nr.
1588 4675 1665 4756 362,
1708 4675 1906 4756 Wrirdtrneirr,
1944 4675 2037 4742 Sabo.
2062 4677 2135 4763 dipl.
2161 4675 2222 4756 XI,
2254 4675 2309 4742 80.
2354 4673 2452 4757 Repu

657 4776 732 4840 Mac.
758 4774 804 4854 II,
831 4774 933 4856 189a,
958 4775 1017 4841 Nr.
1045 4775 1118 4856 100,
1149 4775 1254 4859 libatf.
1283 4778 1507 4846 Prasino-BH.
1531 4780 1576 4860 II,
1602 4783 1632 4862 1,
1659 4783 1692 4848 S.
1717 4782 1762 4847 53
1783 4782 1843 4850 Nr.
1871 4781 1944 4848 106.
1990 4781 2145 4847 moetos
2169 4782 2320 4848 Zeitaclrr.
2343 4781 2371 4844 d.
2391 4779 2450 4841 lau.

665 4877 732 4946 Ver.
755 4881 781 4961 f.
806 4880 1053 4946 Niederaaclzaen
1076 4883 1128 4969 lp.
1155 4881 1241 4948 1800
1267 4883 1300 4951 S.
1327 4885 1400 4952 133.
1455 4885 1565 4973 Wepea
1588 4891 1717 4956 Mersch
1740 4892 1799 4975 apl.
1825 4889 1901 4954 obera
1923 4887 1983 4956 Nr.
2006 4887 2084 4954 208.

442 5119 542 5209 Gra!
566 5117 737 5192 Heinrich
765 5139 830 5188 voa
858 5117 1043 5208 Sternbcry
1070 5120 1143 5190 aad
1170 5120 1263 5191 Solia
1292 5017 1638 5216 Hoyerlffljr'erqnen
1666 5127 1742 5198 dem
1762 5127 1822 5197 Κ).
1853 5127 1973 5198 Vlotlro
2000 5127 2056 5197 ein
2083 5127 2185 5198 Hans
2210 5127 2249 5196 ia
2267 5119 2450 5218 Hepelinc·

1112 5235 1230 5322 torpe.
1286 5229 1468 5321 Stcruberp
1496 5231 1574 5303 127
1578 5235 1601 5303 7
1626 5233 1715 5305 Janl
1742 5235 1801 5306 23.

551 5329 715 5396 Hernicus
738 5323 800 5388 Dei
823 5323 929 5408 gratia
952 5345 1063 5392 comes
1087 5328 1129 5392 de
1154 5331 1356 5416 Sterneberg
1379 5335 1413 5396 et
1438 5332 1593 5415 Hogerus
1617 5335 1714 5398 uatus
1738 5353 1820 5398 suus
1843 5333 1999 5398 omnibus
2015 5352 2154 5415 presens
2171 5331 2331 5415 scriptum
2345 5321 2449 5390 risoris

443 5439 587 5504 salutem
609 5441 644 5505 in
667 5441 734 5508 filio
755 5445 815 5510 Dei
838 5435 913 5511 vivi.
961 5439 1087 5506 Notum
1110 5435 1249 5504 facimus
1272 5440 1405 5524 publice
1428 5442 1667 5523 protestantes
1692 5441 1781 5523 quod
1806 5440 1928 5505 intuitu
1953 5437 2177 5504 misericordie
2193 5439 2226 5503 et
2241 5426 2449 5502 retributionis
