5506 6826
1160 471 1228 526 lars
2081 459 2084 468 ’
2124 459 2189 525 277

186 674 329 762 religionis
353 672 387 737 in
411 670 567 756 operibus
590 667 816 734 misericordie
840 686 879 731 ac
895 666 929 730 in
946 664 1071 750 pietate
1095 665 1264 747 consistat,
1288 666 1400 731 felleas
1423 667 1541 732 merito
1566 668 1744 751 reputandi
1761 671 1850 748 sunt,
1873 669 1932 751 qui
1955 689 1991 735 se
2015 671 2192 736 exercendi

185 788 302 854 liberam
323 779 445 846 habent
471 777 507 841 in
530 774 721 841 huiusmodi
745 773 945 839 facultatem.
985 772 1126 838 Devotio
1150 772 1315 854 siquidem
1330 775 1452 854 vestra,
1477 794 1542 856 que
1566 773 1600 837 in
1624 774 1841 856 assequendis
1862 776 1988 859 prediis
2016 776 2190 859 largitione

184 890 349 979 principum
382 891 413 951 el
439 883 602 949 nobilium
631 881 772 963 gratiam
804 879 972 946 invenisse
1001 879 1199 957 dinoscitur,
1235 899 1303 944 non
1335 880 1500 945 immerito
1529 899 1631 965 super
1659 899 1799 945 assensu
1827 882 1921 947 vobis
1949 883 1983 946 ln
2014 883 2190 950 collatione

185 1003 239 1066 iarn
259 997 339 1060 lacta
363 992 567 1058 decimarum
592 992 625 1053 et
647 987 839 1071 prediorum
862 985 1044 1069 prestando
1072 986 1172 1051 debet
1200 985 1312 1050 faciles
1343 1006 1406 1051 nos
1430 1007 1468 1051 ac
1495 987 1671 1052 benIvolos
1700 987 1858 1054 inventre,
1896 988 1983 1054 Hinc
2011 992 2073 1072 est,
2098 992 2190 1074 quod

184 1125 232 1171 nos
256 1101 361 1167 divine
393 1095 676 1166 remunerationis
712 1113 750 1158 ac
773 1096 884 1158 vestre
912 1111 1005 1157 sacre
1035 1092 1203 1174 religionis
1238 1092 1361 1158 intuitu
1392 1093 1603 1158 collationem
1632 1093 1781 1158 omniurn
1814 1094 2017 1160 decimarum
2039 1095 2117 1162 ville
2148 1099 2189 1164 de

184 1209 301 1276 Lodhen
329 1209 362 1270 et
390 1203 566 1287 parrochie
590 1203 632 1266 de
656 1201 761 1266 nostri
784 1199 1030 1282 predecessoris
1058 1218 1216 1281 expresso
1244 1219 1411 1265 consensu
1442 1202 1564 1267 factam
1591 1200 1686 1266 vobis
1717 1221 1737 1266 a
1767 1201 1872 1266 nobili
1895 1203 1967 1266 viro
1991 1202 2189 1268 Widelrindo

183 1317 320 1382 advocato
344 1313 386 1377 de
410 1312 522 1376 Monte
547 1311 672 1392 gratam
697 1308 859 1372 habemus
885 1309 919 1370 et
943 1307 1058 1370 vatam.
1114 1306 1256 1389 Insuper
1287 1307 1492 1391 emptionem
1515 1307 1679 1372 bonorum
1704 1306 1738 1370 in
1763 1308 1974 1390 Quedelsem‚
1999 1329 2100 1393 super
2123 1330 2190 1392 qua

182 1422 281 1490 litteris
304 1419 452 1484 eiusdem
476 1416 580 1482 nostri
609 1414 853 1500 predecessoris
883 1413 1030 1478 Cononis
1061 1411 1187 1477 scilicet
1214 1415 1248 1478 et
1279 1412 1415 1495 capituli
1444 1411 1625 1478 Mindensis
1648 1414 1776 1494 munite
1804 1415 1872 1478 iam
1899 1415 1997 1493 estiS,
2027 1418 2061 1481 et
2090 1416 2191 1482 colla-

180 1532 285 1595 tionem
306 1526 406 1590 trium
430 1525 604 1590 domorum
627 1522 662 1586 in
686 1521 849 1600 Byredlre‚
882 1520 918 1584 in
942 1538 1082 1603 quarum
1106 1518 1210 1584 tercia
1241 1539 1301 1583 nos
1325 1519 1571 1603 aliquantulum
1593 1519 1675 1585 iuris
1699 1520 1891 1603 habuimus,
1923 1542 2081 1606 expresso
2109 1523 2190 1588 rati-

181 1636 311 1716 ficamus
333 1634 367 1696 et
391 1630 634 1715 a)pprobamus
657 1647 808 1709 assensu,
832 1626 1043 1692 remittentes
1066 1625 1161 1690 vobis
1188 1627 1221 1690 et
1249 1626 1423 1706 omnibuS,
1446 1646 1511 1708 que
1539 1626 1635 1692 vobis
1664 1627 1894 1710 successerint,
1924 1627 1959 1694 in
1988 1632 2190 1713 perpetuum

181 1739 399 1826 prestationem
422 1735 528 1801 XVIII
552 1734 775 1815 denariorum,
800 1733 858 1816 qui
889 1732 986 1797 nobis
1010 1732 1052 1797 de
1075 1731 1252 1810 Byredben
1281 1735 1318 1796 ut
1342 1732 1461 1796 dicitur
1490 1733 1732 1816 competebant.
1767 1733 1986 1800 Ratilicamus
2010 1739 2046 1801 et
2068 1736 2190 1801 confir-

179 1867 288 1913 mamus
310 1845 448 1926 insuper
467 1843 560 1908 vobis
583 1841 704 1921 omnia,
729 1860 794 1924 que
819 1841 861 1904 ad
886 1840 1002 1904 domos
1026 1841 1060 1903 et
1076 1839 1222 1904 decimas
1245 1837 1437 1904 huiusmodi
1452 1838 1621 1921 pertinent
1643 1839 1677 1902 in
1694 1840 1792 1922 agris,
1816 1840 1917 1922 silvie,
1941 1842 2002 1906 viis
2018 1846 2057 1924 fel
2080 1843 2189 1924 inviiS,

181 1953 303 2036 pascuis,
326 1949 434 2035 pratis
458 1951 491 2013 et
513 1948 601 2027 rivis
626 1945 816 2030 specialiter
839 1949 951 2010 autern
974 1947 1008 2009 et
1031 1948 1108 2010 ante
1137 1944 1249 2010 omnia
1279 1945 1386 2028 ipsam
1412 1946 1586 2010 ecclesiam
1621 1946 1658 2012 in
1682 1947 1821 2012 Lodhen
1850 1949 2035 2014 secundum
2058 1949 2191 2015 ordios·

179 2061 283 2124 tionem
312 2061 344 2121 et
376 2074 576 2122 consensum
611 2053 748 2136 capituli
776 2053 882 2119 nostri
918 2051 1100 2117 Mindensis
1132 2052 1328 2118 auctoritate
1358 2051 1455 2116 vobis
1487 2057 1556 2116 tam
1584 2052 1802 2136 pontificatus
1832 2074 1933 2137 quarn
1967 2057 2189 2138 preposIture,

178 2186 240 2232 euru
260 2165 482 2246 gubernemus
507 2165 696 2244 utrumque,
720 2161 755 2224 in
779 2159 920 2226 Domino
945 2157 1192 2224 confirmamus.
1238 2159 1379 2243 Insuper
1410 2159 1637 2243 approbamus
1659 2160 1756 2226 vobis
1785 2181 1804 2225 a
1826 2161 2035 2244 principibus
2059 2165 2092 2227 et
2116 2162 2190 2227 aliis

177 2273 414 2356 quibuscunque
438 2271 504 2334 iam
529 2267 658 2348 collata,
682 2265 806 2350 quein
831 2265 1076 2348 presentiarum
1100 2265 1279 2349 possidetis
1306 2268 1341 2330 et
1366 2286 1431 2348 que
1460 2266 1495 2330 in
1525 2269 1700 2350 posterum
1728 2268 1909 2333 auxiliante
1933 2268 2077 2334 Domino
2101 2270 2190 2334 iusto

177 2381 257 2443 tilulo
278 2377 431 2461 poteritis
456 2375 603 2458 adipisci.
652 2373 721 2439 Sub
745 2372 949 2456 protectione
974 2392 1108 2454 quoque
1132 2375 1248 2438 nostra
1277 2392 1337 2436 vos
1362 2372 1543 2454 recipimus
1566 2373 1701 2456 speciali
1726 2374 1834 2456 parati
1857 2374 1952 2439 vobis
1980 2374 2015 2438 iu
2046 2376 2190 2440 necessi-

176 2487 283 2550 talibus
306 2485 472 2568 quantum
495 2483 679 2565 poterimus
703 2479 913 2563 sub(veni)re
936 2481 1089 2561 petentes
1113 2499 1174 2562 pro
1198 2478 1390 2544 huiusmodi
1408 2477 1579 2544 beneficiis
1604 2481 1791 2546 orationum
1815 2484 1998 2546 vestrarum
2023 2482 2189 2565 suffragia,

176 2597 204 2655 ul
224 2593 335 2674 iugiter
358 2589 467 2655 nostri
493 2589 564 2652 sitis
590 2606 754 2653 memores
779 2587 869 2669 apud
893 2587 1009 2651 Deum.
1057 2587 1178 2651 Datum
1202 2586 1313 2651 Minde
1337 2587 1378 2651 ll.
1396 2586 1566 2652 Kalendas
1589 2585 1732 2670 Augusti
1755 2607 1843 2653 anno
1859 2587 1990 2652 Domini
2014 2587 2189 2654 millesimo

173 2700 387 2763 ducentesimo
410 2695 615 2778 sexagesimo
640 2697 768 2759 octavu.

289 2802 343 2868 Or.
368 2806 414 2865 im
437 2799 555 2864 Archiv
588 2801 641 2862 des
676 2798 730 2862 Kl.
756 2797 890 2861 Loccuru
917 2800 975 2860 mit
999 2797 1224 2884 beseleelque
1255 2797 1359 2884 Siepel
1387 2799 1441 2864 des
1464 2796 1612 2876 Biselrofs
1640 2821 1683 2862 on
1715 2811 1801 2862 roten
1825 2796 2044 2878 Seiderrfddere
2094 2798 2189 2866 Geor.

369 2934 397 2973 o.
422 2906 618 2992 Hodenberp,
645 2905 850 2990 Calenberyer
877 2903 909 2967 U
911 2903 949 2968 B.
975 2904 1071 2971 Abel.
1098 2903 1164 2984 III,
1192 2904 1226 2969 S.
1253 2904 1317 2968 193
1340 2902 1400 2970 Nr.
1424 2903 1499 2969 290.

1124 3051 1220 3128 906.

173 3181 389 3253 Donrdeclruut
418 3178 579 3253 Gerbord
605 3178 677 3249 eud
705 3178 770 3249 dos
796 3175 935 3267 Kopitel
967 3198 1031 3248 ooo
1060 3178 1209 3249 Miuderr
1243 3177 1416 3250 belvedere
1447 3178 1513 3249 deu
1545 3176 1691 3249 Ausbou
1722 3179 1782 3250 des
1821 3179 1960 3252 Hauses
1994 3181 2053 3252 des
2082 3180 2191 3253 Dom-

538 3286 654 3357 eikors
682 3285 824 3358 Gerbert
850 3291 952 3356 uerter
976 3281 1232 3376 Rediupuupeu.
1288 3284 1439 3356 Miuulec
1467 3282 1569 3357 1268
1594 3285 1732 3376 August
1758 3287 1790 3357 5.

264 3407 430 3472 Omnibus
449 3407 510 3471 hoc
533 3404 695 3490 scriplum
718 3404 838 3469 visuris
855 3404 1077 3488 Gerlhardus)
1100 3404 1160 3468 Dei
1184 3404 1294 3486 gracia
1318 3405 1464 3468 decanus
1484 3406 1662 3486 totumque
1685 3405 1869 3489 capitulum
1891 3405 2026 3471 maioris
2051 3407 2191 3471 ecclesie

171 3515 335 3579 llindensis
360 3515 504 3579 salutem
534 3513 569 3577 in
593 3512 735 3578 Domino
767 3511 1013 3594 sempiternam.
1066 3511 1227 3576 Noverint
1256 3511 1414 3580 universi,
1444 3512 1534 3593 quod
1569 3512 1610 3576 de
1640 3531 1807 3578 consensu
1836 3515 1870 3577 et
1901 3514 1991 3578 bona
2018 3514 2191 3578 voluntate

172 3620 331 3686 consulum
356 3623 400 3686 de
424 3621 524 3683 domo
549 3620 702 3685 Gerberti
718 3618 833 3684 vicarii
858 3617 996 3682 ecclesie
1020 3621 1144 3695 nostre,
1168 3637 1270 3699 quam
1294 3618 1395 3682 habet
1417 3618 1451 3681 in
1470 3617 1639 3684 claustrali
1663 3639 1742 3684 area
1758 3623 1872 3684 nostra
1895 3620 2003 3699 sitam,
2027 3639 2192 3684 cameram

174 3728 320 3808 privatam
346 3731 444 3792 trans
469 3727 608 3809 planlras
631 3725 702 3789 fieri
727 3724 865 3790 fecimus
888 3725 923 3789 in
946 3724 1084 3801 fossato,
1109 3723 1157 3787 ita
1180 3724 1346 3802 videlicet,
1372 3727 1408 3788 ut
1432 3724 1460 3788 si
1485 3727 1571 3791 forte
1602 3725 1635 3790 in
1660 3729 1832 3808 posterum
1855 3726 1942 3791 circa
1965 3727 2075 3791 locum
2098 3726 2192 3791 illum

171 3835 333 3914 contigerit
356 3853 490 3898 murum
514 3832 610 3914 poni,
642 3832 758 3896 eadem
782 3851 913 3895 camera
936 3834 1134 3914 preparetur
1162 3830 1248 3895 sicut
1276 3831 1470 3896 consulibus
1500 3836 1581 3896 tunc
1608 3833 1776 3897 videbitur
1803 3833 1971 3916 expedire.
2019 3833 2063 3896 Ut
2092 3833 2192 3915 igitur

171 3939 223 4002 hee
248 3945 319 4006 rata
350 3943 585 4024 permancant,
620 3957 759 4020 presens
794 3938 954 4019 scriptum
989 3937 1085 4019 sigilli
1116 3938 1219 4004 nostri
1249 3938 1432 4002 munimine
1464 3939 1619 4004 duximus
1649 3939 1885 4005 roborandum.
1933 3941 2054 4004 Datum
2080 3939 2191 4004 lllinde

171 4065 246 4110 anno
269 4046 405 4111 Domini
429 4044 764 4124 M⁰.CC⁰.LX⁰.VIII⁰.,
788 4044 894 4108 Nonis
919 4044 1068 4126 Augusti.

293 4153 348 4217 (lr.
373 4156 418 4215 im
441 4151 514 4236 Kpl.
539 4149 646 4214 se-A.
670 4173 709 4213 eu
732 4150 881 4226 diductae,
908 4148 1087 4234 Depositum
1110 4149 1166 4212 der·
1191 4147 1281 4211 Stude
1303 4149 1430 4213 Minden
1455 4147 1515 4213 Ne.
1543 4149 1594 4213 11.
1643 4149 1747 4235 Sr'epel
1772 4173 1830 4216 vore
1859 4151 1927 4216 dero
1950 4173 2007 4216 oon
2030 4152 2085 4215 der·
2114 4149 2190 4216 Uet.

370 4257 596 4342 pervenirem
623 4255 939 4340 Perpaoeentetrer'fen
963 4255 1013 4319 ab.
1061 4255 1137 4333 Arrf
1154 4255 1210 4319 der·
1235 4253 1394 4319 Rrirlrser'te
1417 4257 1473 4319 ‹ler
1501 4252 1580 4321 Uel.
1607 4279 1663 4320 corr
1685 4255 1785 4320 Haud
1806 4258 1859 4322 dee
1885 4256 1934 4322 15.
1951 4256 2060 4323 Jahrb.
2086 4306 2119 4323 ..
2145 4278 2190 4341 up

371 4366 414 4429 de
438 4385 555 4429 muren
580 4364 624 4443 by
648 4365 723 4430 dem
748 4365 876 4448 pishus
1161 4454 1189 4531 0

167 4579 309 4671 Bisrlros
341 4583 418 4655 Otto
451 4605 515 4653 eon
552 4581 695 4652 Mindon
730 4581 968 4668 cucillatico,
1003 4581 1123 4652 welche
1158 4581 1222 4652 dos
1257 4583 1306 4652 im
1333 4577 1413 4650 Bau
1452 4579 1634 4670 depriffeue
1654 4581 2126 4673 Heluetium-Homilai
2154 4583 2192 4653 io

168 4687 300 4760 Stenrlul
334 4713 394 4761 om
423 4687 727 4779 Dedilootioostope
754 4687 919 4759 besoclrerr
951 4688 1024 4758 eud
1052 4695 1291 4777 outerstrlleere
1320 4688 1419 4758 einen
1446 4689 1705 4778 oimeiptdpipeu
1723 4687 1855 4762 Ablasa
1912 4687 2062 4760 Miuulec
2091 4687 2192 4760 1268

1053 4795 1247 4886 September
1273 4796 1304 4866 5.

289 4912 388 4980 Gedr,
413 4913 493 4976 noch
516 4913 584 4976 dnn
612 4911 665 4978 (lv.
693 4910 810 4987 Rr'edel‚
837 4909 910 4974 (lod.
934 4911 1010 4995 dipl.
1037 4910 1218 4976 Braudmrb.
1243 4908 1270 4990 I,
1296 4912 1347 4989 lo,
1372 4908 1405 4976 S.
1433 4909 1474 4974 18
1497 4908 1556 4976 Nr.
1581 4909 1634 4972 21.

168 5161 298 5258 Bierlros
330 5168 500 5240 orroeon
530 5167 679 5238 Mindeu
702 5166 837 5255 foederi
864 5191 927 5236 eor
963 5055 1224 5254 uuesroaegp
1254 5168 1327 5239 oud
1358 5165 1619 5256 Aorbesserurrp
1646 5166 1704 5236 des
1739 5163 1954 5236 Uolerlrcltes
1979 5165 2042 5236 der
2061 5164 2193 5236 Arrace

435 5277 481 5344 im
510 5273 965 5364 Heilipeodeisl-Hospilol
991 5274 1030 5344 iu
1058 5273 1199 5343 Stendol
1226 5272 1300 5361 uus.
1357 5271 1506 5344 Mindeu
1535 5271 1636 5345 1268
1663 5271 1857 5362 September
1884 5274 1915 5346 5.

290 5391 390 5458 θεῶν.
416 5391 604 5468 Beclrmurm,
634 5390 741 5455 tristor.
766 5389 944 5455 Bemmari).
978 5391 1034 5454 der
1060 5387 1145 5453 Cleua·
1170 5391 1237 5454 und
1263 5389 1355 5454 llari
1388 5389 1569 5457 Brartdeob.
1603 5388 1728 5472 (Berlin
1753 5385 1838 5451 1751
1845 5388 1895 5472 ff)
1922 5385 1965 5464 II,
1996 5387 2029 5464 5,
2056 5385 2090 5451 S.
2116 5385 2192 5468 122,

372 5498 450 5572 fehlt
471 5498 518 5562 bei
541 5497 659 5562 Riedel.
