5062 6776
458 427 525 492 352
1401 439 1577 493 tarr-1278

460 638 608 705 mensick
632 642 665 703 et
688 637 820 703 Sunder
848 637 1040 718 comparata
1070 634 1106 699 in
1134 653 1215 700 usus
1244 633 1384 700 ecclesie
1412 635 1527 699 nostre
1557 634 1723 700 convertit
1749 634 1808 699 tali
1839 634 2073 701 distributione
2101 635 2203 716 lacta,
2230 639 2324 721 quod
2347 639 2386 705 de
2406 661 2471 724 pre-

458 745 624 811 dictorum
647 743 812 810 bonorum
840 741 1002 826 pensione
1031 740 1156 807 domini
1183 739 1291 805 nostri
1324 740 1376 804 bis
1404 740 1667 805 consolationem
1701 740 1884 824 habebunt,
1920 741 1954 806 in
1986 743 2195 810 dedicatione
2228 744 2343 810 altaris
2373 750 2471 812 sancte

459 851 566 916 crucis
591 869 700 932 unam,
725 849 849 933 quein
873 849 926 914 die
950 847 1056 913 sancti
1079 847 1207 913 Thome
1231 847 1373 930 apostoli
1401 846 1558 912 recolitur
1580 847 1769 927 annuatim,
1803 847 1866 913 hoc
1890 849 2088 931 constituto,
2117 851 2207 932 quod
2229 851 2360 916 domini
2381 853 2472 916 nostri

461 958 560 1020 nocte
583 956 690 1038 ipsius
713 958 790 1039 post
812 973 970 1038 vesperas
994 973 1069 1018 cum
1098 954 1310 1036 responsorio
1334 952 1505 1018 Terribilis
1535 955 1694 1017 exeuntes
1717 953 1761 1018 ad
1784 953 1873 1019 idem
1897 957 2000 1020 altare
2023 954 2213 1039 Magnificat
2245 977 2322 1022 cum
2346 977 2471 1040 sequen-

458 1063 550 1128 tibus
574 1063 742 1144 complere
770 1061 951 1142 debebunt,
990 1060 1025 1124 in
1050 1060 1103 1125 die
1126 1080 1205 1125 vero
1228 1062 1306 1142 post
1330 1060 1466 1124 missam
1489 1059 1580 1123 chori
1604 1058 1702 1124 aliam
1726 1060 1769 1124 ad
1792 1059 1882 1125 idem
1906 1061 2008 1126 altare
2032 1063 2074 1127 dc
2097 1063 2308 1128 dedicatione
2332 1063 2472 1146 sollemp-

459 1169 544 1234 niter
576 1169 801 1234 celebrabunt.
849 1167 887 1231 In
919 1166 1147 1232 anniversario
1179 1167 1290 1230 autern
1318 1166 1495 1251 parentum
1523 1184 1658 1230 suorum
1687 1167 1826 1230 alteram
1858 1168 2126 1234 consolacionem
2153 1169 2303 1234 babituri
2330 1173 2417 1250 sunt,
2442 1174 2473 1236 111

457 1295 573 1342 eorum
602 1275 765 1340 memoria
799 1294 840 1339 ec
868 1273 1020 1338 devotius
1051 1274 1239 1356 peragatur.
1294 1273 1436 1356 Insuper
1464 1271 1530 1336 iarn
1561 1271 1668 1336 dictus
1697 1271 1911 1338 Reinhardus
1942 1274 2007 1339 hoc
2034 1275 2228 1354 advertens,
2265 1276 2358 1358 quod
2386 1295 2473 1340 omne

455 1385 588 1465 tempus
612 1384 803 1464 impensum
826 1380 970 1464 qualiter
993 1399 1014 1444 3
1038 1377 1133 1443 nobis
1158 1379 1203 1444 sit
1226 1398 1411 1462 expensum
1441 1378 1649 1461 requiretur,
1679 1377 1753 1461 ipse
1782 1399 1844 1462 pro
1867 1381 2019 1464 tempore
2042 1400 2104 1445 suo
2127 1401 2185 1445 sex
2209 1401 2327 1447 cereos
2350 1383 2383 1446 in
2405 1383 2472 1446 sub·

457 1489 590 1572 scriptis
614 1487 927 1570 sollempnitatibus,
955 1485 1109 1551 videlicet
1132 1485 1166 1548 in
1191 1485 1362 1550 nativitate
1386 1484 1530 1564 Domini,
1554 1483 1588 1548 in
1615 1485 1757 1567 Pascha,
1781 1487 1818 1551 in
1841 1487 2083 1568 Pentecosten,
2112 1487 2148 1552 in
2179 1487 2232 1552 die
2258 1488 2472 1570 apostolonnn

458 1595 549 1659 Petri
572 1597 606 1659 et
630 1593 735 1674 Pauli,
768 1593 804 1657 in
827 1591 1059 1675 assumpcione
1092 1592 1191 1656 beate
1214 1590 1352 1674 virginis
1383 1591 1472 1654 etin
1495 1591 1549 1656 die
1573 1592 1722 1656 omnium
1744 1595 1936 1658 sanctorum
1964 1593 2060 1659 nobis
2087 1594 2159 1658 eius
2182 1593 2336 1658 felicibus
2360 1595 2472 1659 actibus

456 1701 740 1767 consentientibus
763 1699 834 1764 fieri
859 1699 1061 1782 procuravit,
1084 1699 1132 1763 ita
1154 1699 1246 1780 quod
1269 1697 1450 1780 unicuique
1478 1696 1718 1780 sollempnitati
1749 1719 1853 1764 unum
1883 1719 2014 1764 cereum
2039 1699 2229 1782 assignavit.
2280 1699 2343 1764 Hic
2366 1719 2469 1765 cereos

454 1806 488 1871 in
512 1806 624 1888 vigilia
652 1806 830 1871 cuiuslibet
852 1803 1107 1888 sollempnitatis
1137 1803 1179 1867 ad
1207 1822 1365 1886 vesperas
1390 1804 1621 1868 accendendus
1653 1807 1705 1868 est
1735 1806 1770 1868 et
1800 1805 1991 1871 nullatenus
2024 1805 2088 1870 nisi
2116 1808 2194 1889 post
2223 1806 2395 1889 sequentis
2417 1807 2471 1869 diei

455 1914 640 1997 completas
664 1912 917 1995 extinguendus.
956 1911 1088 1975 Adiecit
1111 1911 1216 1975 eciam
1239 1910 1282 1973 ob
1306 1909 1530 1974 reverenciam
1550 1909 1720 1992 hospitum
1743 1914 1776 1974 et
1798 1913 1835 1974 ut
1851 1911 2079 1978 deserentibus
2102 1911 2225 1977 cibaria
2248 1912 2316 1976 iter
2338 1911 2470 1995 prebeat,

455 2020 545 2101 quod
569 2039 589 2083 a
612 2019 696 2084 festo
720 2018 869 2084 omniurn
892 2020 1084 2083 sanctorum
1108 2036 1215 2098 usque
1239 2017 1282 2081 ad
1305 2015 1503 2081 dominicam
1520 2016 1689 2081 Invocavit
1712 2017 1754 2081 ad
1777 2016 1864 2082 iores
1881 2017 2018 2083 claustri
2042 2019 2161 2100 iugiter
2176 2019 2321 2083 candela
2343 2018 2471 2090 ardebit

454 2145 520 2208 quc
544 2125 579 2188 in
600 2126 798 2207 crepusculo
815 2123 1027 2190 accendenda
1043 2125 1094 2188 est
1111 2125 1236 2206 etpost
1252 2122 1506 2205 completorium
1523 2123 1753 2206 extinguenda.
1788 2123 1838 2188 Ne
1855 2125 1965 2188 autem
1988 2125 2052 2190 hoc
2076 2127 2145 2188 tarn
2169 2123 2339 2190 laudabile
2363 2124 2470 2190 lactum

454 2231 622 2297 immutari
646 2232 754 2296 valeat
778 2233 812 2295 et
835 2233 871 2295 ut
894 2232 1022 2310 3113133,
1053 2229 1111 2312 qui
1135 2233 1212 2312 post
1246 2249 1323 2292 eum
1357 2229 1491 2294 iuturus
1520 2230 1586 2304 est,
1621 2229 1686 2294 hiis
1717 2229 1906 2312 diligentius
1940 2231 2110 2313 intendat,
2144 2251 2289 2315 presens
2325 2231 2469 2313 scriptum

455 2337 639 2420 sigillorum
662 2341 851 2402 nostrorum
867 2337 1051 2401 munimine
1074 2335 1212 2400 lecimus
1229 2335 1388 2400 roborari.
1424 2335 1509 2400 Acta
1525 2337 1604 2400 sunt
1620 2336 1682 2400 hec
1699 2339 1733 2400 et
1749 2338 1875 2401 statuta
1890 2355 1977 2402 anno
1994 2337 2127 2402 Domini
2143 2335 2469 2402 M⁰.GC⁰.LXX⁰.VII⁰.

590 2441 683 2506 Naclc
707 2444 762 2506 1131
786 2442 954 2520 Abcclrrift
976 2442 1119 2528 Mcoyers
1141 2444 1175 2504 in
1198 2441 1275 2503 Mac.
1306 2436 1376 2516 VII,
1399 2437 1499 2518 2713,
1523 2441 1580 2520 fol.
1605 2438 1648 2503 46
1670 2443 1715 2504 im
1737 2441 1812 2527 Kpl.
1839 2440 1945 2506 St-A.
1969 2465 2009 2506 zn
2031 2443 2182 2507 Mdnsten

1416 2601 1521 2682 1115.

455 2737 534 2808 Dos
562 2735 783 2824 Morienslc’tl
814 2736 852 2804 in
886 2733 1035 2804 Mindcn
1067 2730 1228 2821 3311131111
1263 2730 1339 2802 den
1372 2727 1427 2805 Kl.
1455 2730 1604 2802 Loccnnr
1633 2731 1741 2802 Gotter
1774 2733 1809 2801 in
1845 2732 1961 2822 Laese,
1991 2728 2154 2803 Brolcclob
2189 2733 2263 2802 and
2292 2732 2470 2820 8111133113-

1228 2837 1367 2908 bonaco.
1424 2837 1574 2908 Mindon
1602 2835 1715 2909 1277.

562 2960 720 3042 Alheydis
744 2960 805 3024 Dei
828 2959 933 3041 gratia
964 2958 1144 3039 abbatissa,
1174 2957 1216 3021 M.
1242 2957 1369 3022 decana
1396 2957 1553 3038 totusque
1581 2959 1765 3021 conventus
1790 2957 2000 3022 dominarum
2029 2955 2135 3038 a(pud
2158 2959 2326 3041 sanct)am
2349 2955 2468 3020 Mariam

454 3067 491 3132 in
514 3067 636 3149 Mynda
663 3066 821 3130 omnibus
854 3066 920 3128 hoc
947 3063 1108 3147 scriptum
1131 3063 1253 3127 visuris
1281 3063 1429 3126 eternam
1459 3062 1494 3125 in
1524 3063 1666 3127 Domino
1697 3062 1849 3128 salutem.
1904 3063 2099 3128 Institutum
2122 3063 2309 3128 dinoscitur
2338 3059 2467 3142 anino

454 3172 676 3257 prudentibus
701 3174 734 3236 et
762 3170 913 3236 sollerter
941 3169 1125 3253 provisum,
1161 3172 1197 3233 ut
1226 3188 1293 3253 que
1327 3167 1483 3234 volebant
1518 3188 1652 3232 manere
1687 3168 1840 3233 stabilius
1867 3168 2052 3235 litterarum
2079 3169 2197 3232 inditio
2223 3169 2467 3253 perhennarenl.

455 3279 620 3345 Noverint
652 3277 750 3359 igitur
778 3279 847 3340 tam
876 3278 1049 3359 presentes
1084 3295 1184 3358 quam
1218 3275 1343 3358 posteri
1375 3275 1499 3338 Christi
1534 3273 1652 3338 fideles
1682 3275 1838 3357 universi,
1870 3276 1961 3358 quod
1995 3295 2057 3341 nos
2091 3274 2240 3340 unanimi
2267 3295 2422 3341 consensu
2442 3275 2469 3336 et

454 3386 627 3450 voluntate
656 3383 866 3449 vendidimus
891 3383 1023 3448 domino
1048 3381 1160 3447 abbati
1188 3385 1221 3446 et
1244 3381 1423 3446 conventui
1451 3380 1647 3446 monasterii
1677 3381 1717 3445 de
1741 3381 1853 3446 Lucka
1881 3381 2117 3464 Cysterciensis
2141 3381 2272 3447 ordinis
2297 3379 2468 3464 llyndensis

455 3491 605 3573 dyocesis
637 3509 698 3572 pro
722 3487 963 3572 quinquaginta
991 3487 1111 3552 marcis
1135 3486 1325 3553 Bremensis
1358 3486 1499 3570 argenti,
1532 3506 1616 3569 quas
1648 3487 1682 3550 in
1712 3490 1842 3569 partem
1865 3489 1993 3553 decime
2021 3488 2057 3552 in
2085 3488 2322 3572 Laudesberge
2350 3505 2468 3568 compa-

455 3598 593 3661 randam
620 3597 818 3675 locavimus,
850 3599 917 3659 tres
941 3613 1075 3659 mansos
1104 3595 1139 3657 in
1168 3593 1250 3658 Lese
1279 3594 1360 3659 sitos
1392 3593 1529 3658 ecclesie
1562 3595 1675 3657 nostre
1703 3591 1911 3675 pertinentes
1941 3614 2015 3659 cum
2041 3594 2231 3676 quindecim
2263 3597 2368 3677 agris,
2399 3610 2468 3674 quos

459 3702 625 3767 Lutderus
654 3704 687 3766 et
711 3702 763 3766 sui
786 3701 905 3765 iratres
929 3721 948 3765 3
971 3701 1069 3765 nobis
1093 3701 1128 3764 in
1150 3701 1284 3781 pheodo
1318 3700 1443 3780 tenent,
1478 3701 1511 3763 et
1539 3701 1608 3764 1133
1642 3718 1736 3764 31333
1769 3699 1805 3764 11
1833 3700 1950 3764 eadem
1983 3700 2059 3766 villa
2092 3703 2174 3766 sitas
2198 3720 2277 3766 curn
2302 3701 2422 3765 decima
2441 3701 2467 3760 31

455 3808 610 3874 omnibus
639 3807 838 3884 attinenciis
862 3808 947 3890 agris
970 3806 1126 3871 videlicet
1149 3807 1246 3870 cultis
1271 3809 1303 3869 31
1327 3805 1472 3885 11311113,
1497 3806 1613 3887 pratis,
1639 3805 1743 3887 silvis,
1768 3806 1865 3888 aquis
1895 3809 1928 3870 et
1952 3807 2042 3872 omni
2072 3807 2145 3873 iure
2170 3809 2206 3871 31
2229 3808 2386 3886 utilitate,
2414 3823 2468 3886 que

454 3917 532 3980 inde
555 3916 714 3997 poterunt
738 3914 837 3978 modo
860 3913 1012 3996 quolibet
1044 3913 1232 3996 provenire,
1261 3912 1303 3976 ab
1331 3912 1422 3975 omni
1450 3911 1624 3976 advocatia
1646 3913 1679 3976 31
1702 3913 1891 3992 gravamine
1914 3913 2054 3991 liberae,
2086 3914 2119 3979 et
2141 3932 2246 3979 unum
2273 3931 2419 3979 mansum
2439 3909 2467 3972 in

454 4021 576 4104 Broglo
600 4021 700 4085 situm
724 4022 757 4084 et
780 4020 920 4084 alterum
945 4019 980 4084 in
1004 4018 1291 4100 Sclrezingehusen
1324 4037 1399 4083 cum
1424 4019 1579 4084 omnibus
1608 4037 1724 4084 eorum
1752 4019 1938 4084 attinenciis
1967 4021 2001 4084 et
2029 4020 2120 4085 omni
2146 4020 2233 4098 iure,
2262 4019 2354 4104 quod
2378 4018 2408 4082 in
2429 4015 2468 4078 eis

453 4127 641 4207 habuimus,
665 4130 829 4210 perpetuo
853 4126 1083 4210 possidendos,
1108 4127 1146 4189 ut
1162 4126 1203 4189 de
1220 4125 1345 4189 eisdem
1362 4124 1518 4189 ordinent
1541 4126 1640 4207 prout
1657 4125 1721 4190 sibi
1738 4129 1773 4190 et
1788 4126 1858 4190 suis
1874 4126 2121 4192 successoribus
2138 4125 2296 4191 noverint
2318 4124 2467 4206 expedire.

454 4234 495 4298 El
519 4233 596 4316 quia
619 4233 762 4316 sigillum
794 4232 881 4296 dicte
912 4231 1051 4297 ecclesie
1080 4235 1193 4297 nostre
1222 4231 1393 4314 proprium
1425 4251 1492 4296 non
1519 4231 1700 4312 habemuS,
1730 4235 1922 4314 presentem
1950 4231 2107 4314 paginam
2137 4232 2245 4315 sigillo
2278 4233 2467 4309 nostroque

454 4341 578 4404 utimur
607 4340 735 4405 ratione
762 4338 895 4404 abbatie
924 4338 959 4402 in
986 4339 1191 4421 Wunstorpe
1218 4341 1253 4404 et
1281 4337 1388 4419 sigillo
1420 4337 1557 4421 capituli
1585 4337 1691 4402 nostri
1718 4337 1860 4421 predicti
1891 4339 2045 4403 duximus
2076 4338 2311 4403 roborandam.
2363 4336 2466 4400 Datum

454 4446 575 4524 Mynde
600 4466 688 4511 anno
712 4446 844 4510 Domini
868 4444 1007 4509 M⁰.GC⁰.
1032 4445 1276 4527 septuagesimo
1300 4443 1452 4527 septimo,

588 4549 642 4618 Or.
675 4555 719 4614 im
748 4550 866 4614 Arellio
896 4550 949 4613 dea
982 4549 1033 4613 Kl.
1065 4547 1208 4613 Leccam.
1265 4549 1362 4613 Beidc
1395 4547 1499 4633 813931
1525 4571 1583 4612 uon
1611 4549 1668 4613 11311
1699 4559 1783 4614 roten
1813 4550 1879 4612 und
1906 4548 2011 4634 pelbcn
2043 4547 2252 4628 Seidenfddm
2280 4549 2331 4615 ab.
2385 4543 2467 4609 Gedr.

667 4681 694 4721 3.
720 4655 915 4741 Η3ᾰ3311319,
954 4653 1156 4740 Calnsberper
1185 4653 1254 4718 UB.
1290 4654 1380 4720 Aba.
1406 4654 1471 4734 III,
1509 4653 1543 4720 S.
1567 4653 1632 4718 231
1669 4653 1831 4722 Ν1.357.
1888 4653 2050 4720 1113111331
2077 4678 2145 4720 war
2173 4657 2222 4719 dic
2254 4641 2391 4719 1161133111
2419 4671 2466 4712 oon

676 4760 841 4843 Wunstorf
866 4763 931 4825 nod
956 4762 1010 4825 1133
1033 4761 1258 4842 Μ311333111133
1288 4765 1354 4826 eine
1381 4760 1505 4826 Person.
1552 4760 1649 4826 Laese
1681 4762 1748 4825 nod
1780 4760 2022 4846 Landesberpen
2057 4765 2100 4824 im
2133 4761 2190 4826 Kr.
2218 4760 2393 4836 Stolzenou,
2425 4755 2466 4816 die

669 4870 788 4933 31111313
812 4868 886 4932 0113
908 4871 952 4932 im
975 4867 1032 4933 Kr.
1056 4866 1232 4954 Nienbnrp.
1414 4961 1506 5037 1116

455 5085 596 5177 Btsobof
631 5088 776 5178 Volqnin
804 5110 867 5158 non
897 5087 1047 5158 Mindon
1073 5087 1246 5177 dbertrdpt
1273 5087 1339 5157 den
1367 5086 1518 5158 Zebntcn
1546 5089 1583 5157 in
1611 5087 1874 5178 Lnndcsberpen
1901 5087 1978 5158 den
2005 5085 2227 5174 Morienstift
2255 5088 2294 5156 in
2322 5081 2464 5156 issadon

1214 5193 1366 5264 Mindon
1394 5190 1498 5264 1278
1524 5193 1665 5264 Jcnnor
1693 5192 1727 5264 1.

545 5312 729 5394 Volquinus
746 5312 807 5377 Dei
823 5312 928 5396 gratia
944 5311 1132 5395 episcopus,
1149 5311 1256 5396 O(tto)
1267 5311 1291 5394 ¹)
1307 5313 1501 5395 prepositus
1519 5310 1772 5398 G(erhardus)²)
1790 5311 1936 5378 decanus
1951 5314 2126 5395 totumque
2142 5312 2325 5378 Miudensis
2341 5305 2462 5374 ecclesie

453 5417 637 5500 capitulum
658 5419 824 5483 universis
841 5418 927 5483 hanc
943 5419 1089 5484 litteram
1104 5417 1305 5500 inspecturis
1322 5419 1463 5483 salutern
1479 5417 1515 5482 in
1531 5418 1716 5502 omniomi)
1733 5419 1907 5484 salvatore.
1946 5419 1995 5484 Ne
2010 5420 2178 5502 gestarum
2193 5438 2305 5484 rerum
2321 5409 2461 5482 memoria
