<?xml version="1.0" encoding="UTF-8"?>
<!DOCTYPE html PUBLIC "-//W3C//DTD XHTML 1.0 Transitional//EN"
    "http://www.w3.org/TR/xhtml1/DTD/xhtml1-transitional.dtd">
<html xmlns="http://www.w3.org/1999/xhtml" xml:lang="en" lang="en">
 <head>
  <title>
</title>
<meta http-equiv="Content-Type" content="text/html;charset=utf-8" />
  <meta name='ocr-system' content='tesseract 3.04.00' />
  <meta name='ocr-capabilities' content='ocr_page ocr_carea ocr_par ocr_line ocrx_word'/>
</head>
<body>
  <div class='ocr_page' id='page_1' title='image "./westflischesurk00westgoog_0461.png"; bbox 0 0 5086 6768; ppageno 0'>
   <div class='ocr_carea' id='block_1_1' title="bbox 439 423 1493 487">
    <p class='ocr_par' dir='ltr' id='par_1_1' title="bbox 439 423 1493 487">
     <span class='ocr_line' id='line_1_1' title="bbox 439 423 1493 487; baseline -0.003 0"><span class='ocrx_word' id='word_1_1' title='bbox 439 423 508 487; x_wconf 82' lang='grc'>444</span> <span class='ocrx_word' id='word_1_2' title='bbox 1425 429 1493 484; x_wconf 79' lang='lat'>1288</span> 
     </span>
    </p>
   </div>
   <div class='ocr_carea' id='block_1_2' title="bbox 1400 625 1520 703">
    <p class='ocr_par' dir='ltr' id='par_1_2' title="bbox 1400 625 1520 703">
     <span class='ocr_line' id='line_1_2' title="bbox 1400 625 1520 703; baseline 0 0"><span class='ocrx_word' id='word_1_3' title='bbox 1400 625 1520 703; x_wconf 96' lang='grc'><strong>1400.</strong></span> 
     </span>
    </p>
   </div>
   <div class='ocr_carea' id='block_1_3' title="bbox 436 751 2465 953">
    <p class='ocr_par' dir='ltr' id='par_1_3' title="bbox 436 751 2465 953">
     <span class='ocr_line' id='line_1_3' title="bbox 436 751 2465 850; baseline -0.003 -17"><span class='ocrx_word' id='word_1_4' title='bbox 436 758 589 850; x_wconf 74' lang='lat' dir='ltr'>Bisclvof</span> <span class='ocrx_word' id='word_1_5' title='bbox 618 757 762 849; x_wconf 77' lang='lat' dir='ltr'>Volqoiu</span> <span class='ocrx_word' id='word_1_6' title='bbox 795 779 859 827; x_wconf 83' lang='grc'>000</span> <span class='ocrx_word' id='word_1_7' title='bbox 894 757 1043 828; x_wconf 77' lang='lat' dir='ltr'>Mindon</span> <span class='ocrx_word' id='word_1_8' title='bbox 1079 755 1251 845; x_wconf 71' lang='lat' dir='ltr'>detondet,</span> <span class='ocrx_word' id='word_1_9' title='bbox 1286 755 1369 826; x_wconf 82' lang='lat' dir='ltr'>dass</span> <span class='ocrx_word' id='word_1_10' title='bbox 1398 753 1511 824; x_wconf 72' lang='lat' dir='ltr'>Rider</span> <span class='ocrx_word' id='word_1_11' title='bbox 1539 753 1696 825; x_wconf 80' lang='lat' dir='ltr'>Ricbard</span> <span class='ocrx_word' id='word_1_12' title='bbox 1731 753 1798 824; x_wconf 84' lang='lat' dir='ltr'>Vos</span> <span class='ocrx_word' id='word_1_13' title='bbox 1830 753 1901 825; x_wconf 76' lang='lat' dir='ltr'>und</span> <span class='ocrx_word' id='word_1_14' title='bbox 1929 751 2225 828; x_wconf 70' lang='lat' dir='ltr'>moneamur.</span> <span class='ocrx_word' id='word_1_15' title='bbox 2261 753 2465 846; x_wconf 71' lang='lat' dir='ltr'>chno&#39;pscs</span> 
     </span>
     <span class='ocr_line' id='line_1_4' title="bbox 588 858 2321 953; baseline -0.002 -17"><span class='ocrx_word' id='word_1_16' title='bbox 588 866 643 936; x_wconf 81' lang='lat' dir='ltr'>dic</span> <span class='ocrx_word' id='word_1_17' title='bbox 670 863 901 953; x_wconf 77' lang='lat' dir='ltr'>Eipcnlvdripc</span> <span class='ocrx_word' id='word_1_18' title='bbox 931 861 1102 934; x_wconf 72' lang='grc'><strong>01010000</strong></span> <span class='ocrx_word' id='word_1_19' title='bbox 1128 860 1220 932; x_wconf 77' lang='lat' dir='ltr'>nebat</span> <span class='ocrx_word' id='word_1_20' title='bbox 1248 861 1411 932; x_wconf 79' lang='lat' dir='ltr'>Kiudern</span> <span class='ocrx_word' id='word_1_21' title='bbox 1435 858 1754 948; x_wconf 64' lang='lat' dir='ltr'>pescennium.</span> <span class='ocrx_word' id='word_1_22' title='bbox 1810 860 1959 931; x_wconf 79' lang='lat' dir='ltr'>Mindon</span> <span class='ocrx_word' id='word_1_23' title='bbox 1987 858 2092 934; x_wconf 87' lang='grc'><em>1288</em></span> <span class='ocrx_word' id='word_1_24' title='bbox 2121 859 2263 932; x_wconf 76' lang='lat' dir='ltr'>Oktobcr</span> <span class='ocrx_word' id='word_1_25' title='bbox 2290 865 2321 933; x_wconf 83' lang='lat'>6.</span> 
     </span>
    </p>
   </div>
   <div class='ocr_carea' id='block_1_4' title="bbox 440 993 2467 1296">
    <p class='ocr_par' dir='ltr' id='par_1_4' title="bbox 440 993 2467 1296">
     <span class='ocr_line' id='line_1_5' title="bbox 548 993 2467 1082; baseline -0.002 -17"><span class='ocrx_word' id='word_1_26' title='bbox 548 1000 657 1065; x_wconf 92' lang='lat' dir='ltr'>Huius</span> <span class='ocrx_word' id='word_1_27' title='bbox 693 999 740 1064; x_wconf 88' lang='lat' dir='ltr'>rei</span> <span class='ocrx_word' id='word_1_28' title='bbox 779 999 882 1063; x_wconf 88' lang='lat' dir='ltr'>testes</span> <span class='ocrx_word' id='word_1_29' title='bbox 914 999 1007 1063; x_wconf 91' lang='lat' dir='ltr'>sunt:</span> <span class='ocrx_word' id='word_1_30' title='bbox 1043 997 1250 1082; x_wconf 88' lang='lat' dir='ltr'>C(onradus)</span> <span class='ocrx_word' id='word_1_31' title='bbox 1288 995 1394 1060; x_wconf 92' lang='lat' dir='ltr'>dictus</span> <span class='ocrx_word' id='word_1_32' title='bbox 1425 994 1466 1060; x_wconf 93' lang='lat' dir='ltr'>de</span> <span class='ocrx_word' id='word_1_33' title='bbox 1496 993 1770 1076; x_wconf 82' lang='lat' dir='ltr'>Wardenberghe</span> <span class='ocrx_word' id='word_1_34' title='bbox 1801 995 1957 1076; x_wconf 89' lang='lat' dir='ltr'>decanus,</span> <span class='ocrx_word' id='word_1_35' title='bbox 1990 994 2182 1078; x_wconf 86' lang='lat' dir='ltr'>L(udolfus)</span> <span class='ocrx_word' id='word_1_36' title='bbox 2210 996 2252 1060; x_wconf 93' lang='lat' dir='ltr'>de</span> <span class='ocrx_word' id='word_1_37' title='bbox 2282 995 2467 1062; x_wconf 81' lang='lat' dir='ltr'>Bardeleve</span> 
     </span>
     <span class='ocr_line' id='line_1_6' title="bbox 444 1099 2466 1188; baseline -0.002 -17"><span class='ocrx_word' id='word_1_38' title='bbox 444 1107 649 1172; x_wconf 86' lang='lat' dir='ltr'>tesaurarius</span> <span class='ocrx_word' id='word_1_39' title='bbox 674 1104 812 1169; x_wconf 89' lang='lat' dir='ltr'>ecclesie</span> <span class='ocrx_word' id='word_1_40' title='bbox 837 1107 962 1184; x_wconf 89' lang='lat' dir='ltr'>nostre,</span> <span class='ocrx_word' id='word_1_41' title='bbox 994 1104 1180 1168; x_wconf 80' lang='lat' dir='ltr'>Her-bertus</span> <span class='ocrx_word' id='word_1_42' title='bbox 1204 1101 1384 1185; x_wconf 75' lang='lat' dir='ltr'>DyaboluS,</span> <span class='ocrx_word' id='word_1_43' title='bbox 1414 1100 1533 1166; x_wconf 86' lang='lat' dir='ltr'>iratres</span> <span class='ocrx_word' id='word_1_44' title='bbox 1558 1099 1637 1166; x_wconf 91' lang='lat' dir='ltr'>dicti</span> <span class='ocrx_word' id='word_1_45' title='bbox 1659 1102 1702 1166; x_wconf 91' lang='lat' dir='ltr'>de</span> <span class='ocrx_word' id='word_1_46' title='bbox 1726 1101 1930 1188; x_wconf 84' lang='lat' dir='ltr'>Spenthove,</span> <span class='ocrx_word' id='word_1_47' title='bbox 1954 1101 2142 1167; x_wconf 78' lang='lat' dir='ltr'>Florentius</span> <span class='ocrx_word' id='word_1_48' title='bbox 2166 1102 2208 1166; x_wconf 92' lang='lat' dir='ltr'>de</span> <span class='ocrx_word' id='word_1_49' title='bbox 2231 1103 2466 1186; x_wconf 79' lang='lat' dir='ltr'>Dungherden,</span> 
     </span>
     <span class='ocr_line' id='line_1_7' title="bbox 440 1207 1052 1296; baseline -0.01 -18"><span class='ocrx_word' id='word_1_50' title='bbox 440 1212 581 1293; x_wconf 81' lang='lat' dir='ltr'>milites3</span> <span class='ocrx_word' id='word_1_51' title='bbox 606 1207 1052 1296; x_wconf 83' lang='lat' dir='ltr'>H(einricus)lloneta1ius.</span> 
     </span>
    </p>
   </div>
   <div class='ocr_carea' id='block_1_5' title="bbox 578 1327 2466 1522">
    <p class='ocr_par' dir='ltr' id='par_1_5' title="bbox 578 1327 2466 1522">
     <span class='ocr_line' id='line_1_8' title="bbox 578 1327 2466 1417; baseline -0.003 -19"><span class='ocrx_word' id='word_1_52' title='bbox 578 1334 632 1400; x_wconf 87' lang='lat' dir='ltr'>Or.</span> <span class='ocrx_word' id='word_1_53' title='bbox 655 1337 699 1397; x_wconf 82' lang='lat' dir='ltr'>im</span> <span class='ocrx_word' id='word_1_54' title='bbox 723 1332 797 1417; x_wconf 78' lang='lat' dir='ltr'>Kpl.</span> <span class='ocrx_word' id='word_1_55' title='bbox 824 1330 930 1396; x_wconf 74' lang='lat' dir='ltr'>Se-A.</span> <span class='ocrx_word' id='word_1_56' title='bbox 953 1354 993 1394; x_wconf 84' lang='lat' dir='ltr'>zu</span> <span class='ocrx_word' id='word_1_57' title='bbox 1016 1329 1194 1409; x_wconf 67' lang='lat' dir='ltr'>Hannone,</span> <span class='ocrx_word' id='word_1_58' title='bbox 1228 1328 1408 1416; x_wconf 78' lang='lat' dir='ltr'>Wenm‘psen</span> <span class='ocrx_word' id='word_1_59' title='bbox 1431 1327 1491 1396; x_wconf 86' lang='lat' dir='ltr'>Nr.</span> <span class='ocrx_word' id='word_1_60' title='bbox 1518 1328 1559 1394; x_wconf 77' lang='lat'>75</span> <span class='ocrx_word' id='word_1_61' title='bbox 1592 1333 1651 1394; x_wconf 75' lang='lat' dir='ltr'>vnit</span> <span class='ocrx_word' id='word_1_62' title='bbox 1673 1331 1731 1394; x_wconf 76' lang='lat' dir='ltr'>den</span> <span class='ocrx_word' id='word_1_63' title='bbox 1752 1331 1913 1396; x_wconf 76' lang='lat' dir='ltr'>verletzten</span> <span class='ocrx_word' id='word_1_64' title='bbox 1935 1329 2056 1417; x_wconf 79' lang='lat' dir='ltr'>Stepelu</span> <span class='ocrx_word' id='word_1_65' title='bbox 2079 1332 2133 1396; x_wconf 74' lang='lat' dir='ltr'>dea</span> <span class='ocrx_word' id='word_1_66' title='bbox 2156 1329 2303 1408; x_wconf 73' lang='lat' dir='ltr'>Biscdots</span> <span class='ocrx_word' id='word_1_67' title='bbox 2325 1331 2396 1394; x_wconf 76' lang='lat' dir='ltr'>mid</span> <span class='ocrx_word' id='word_1_68' title='bbox 2418 1332 2466 1395; x_wconf 66' lang='lat' dir='ltr'>des</span> 
     </span>
     <span class='ocr_line' id='line_1_9' title="bbox 661 1433 2285 1522; baseline -0.001 -21"><span class='ocrx_word' id='word_1_69' title='bbox 661 1436 744 1502; x_wconf 80' lang='lat' dir='ltr'>Voss.</span> <span class='ocrx_word' id='word_1_70' title='bbox 795 1436 892 1503; x_wconf 79' lang='lat' dir='ltr'>Gedr.</span> <span class='ocrx_word' id='word_1_71' title='bbox 915 1437 997 1502; x_wconf 76' lang='lat' dir='ltr'>noch</span> <span class='ocrx_word' id='word_1_72' title='bbox 1020 1438 1089 1501; x_wconf 83' lang='lat' dir='ltr'>dem</span> <span class='ocrx_word' id='word_1_73' title='bbox 1116 1435 1169 1501; x_wconf 84' lang='lat' dir='ltr'>Or.</span> <span class='ocrx_word' id='word_1_74' title='bbox 1193 1461 1220 1503; x_wconf 86' lang='grc'>0.</span> <span class='ocrx_word' id='word_1_75' title='bbox 1246 1434 1442 1522; x_wconf 75' lang='lat' dir='ltr'>Hodenberp,</span> <span class='ocrx_word' id='word_1_76' title='bbox 1470 1433 1676 1520; x_wconf 76' lang='lat' dir='ltr'>Calmberper</span> <span class='ocrx_word' id='word_1_77' title='bbox 1702 1433 1773 1502; x_wconf 81' lang='grc' dir='ltr'>ΠΒ.</span> <span class='ocrx_word' id='word_1_78' title='bbox 1799 1435 1896 1501; x_wconf 70' lang='lat' dir='ltr'>Abel.</span> <span class='ocrx_word' id='word_1_79' title='bbox 1926 1434 1997 1515; x_wconf 89' lang='lat' dir='ltr'>VII,</span> <span class='ocrx_word' id='word_1_80' title='bbox 2023 1435 2057 1502; x_wconf 79' lang='lat' dir='ltr'>S.</span> <span class='ocrx_word' id='word_1_81' title='bbox 2082 1436 2124 1500; x_wconf 73' lang='lat'>45</span> <span class='ocrx_word' id='word_1_82' title='bbox 2148 1434 2207 1501; x_wconf 78' lang='lat' dir='ltr'>Nr.</span> <span class='ocrx_word' id='word_1_83' title='bbox 2233 1436 2285 1502; x_wconf 79' lang='lat'>75.</span> 
     </span>
    </p>
   </div>
   <div class='ocr_carea' id='block_1_6' title="bbox 1396 1703 1509 1782">
    <p class='ocr_par' dir='ltr' id='par_1_6' title="bbox 1396 1703 1509 1782">
     <span class='ocr_line' id='line_1_10' title="bbox 1396 1703 1509 1782; baseline 0.018 -2"><span class='ocrx_word' id='word_1_84' title='bbox 1396 1703 1509 1782; x_wconf 88' lang='grc'><strong>1401.</strong></span> 
     </span>
    </p>
   </div>
   <div class='ocr_carea' id='block_1_7' title="bbox 435 1830 2466 2026">
    <p class='ocr_par' dir='ltr' id='par_1_7' title="bbox 435 1830 2466 2026">
     <span class='ocr_line' id='line_1_11' title="bbox 435 1830 2466 1927; baseline -0.002 -19"><span class='ocrx_word' id='word_1_85' title='bbox 435 1835 590 1927; x_wconf 78' lang='lat' dir='ltr'>Bisclof</span> <span class='ocrx_word' id='word_1_86' title='bbox 619 1835 764 1926; x_wconf 82' lang='lat' dir='ltr'>Volquiu</span> <span class='ocrx_word' id='word_1_87' title='bbox 790 1855 856 1906; x_wconf 81' lang='grc'>000</span> <span class='ocrx_word' id='word_1_88' title='bbox 885 1832 1035 1904; x_wconf 73' lang='lat' dir='ltr'>Mindon</span> <span class='ocrx_word' id='word_1_89' title='bbox 1062 1831 1226 1903; x_wconf 79' lang='lat' dir='ltr'>belundct</span> <span class='ocrx_word' id='word_1_90' title='bbox 1253 1831 1319 1901; x_wconf 83' lang='lat' dir='ltr'>den</span> <span class='ocrx_word' id='word_1_91' title='bbox 1354 1830 1514 1918; x_wconf 79' lang='lat' dir='ltr'>Vcrlcauf</span> <span class='ocrx_word' id='word_1_92' title='bbox 1535 1831 1628 1903; x_wconf 73' lang='lat' dir='ltr'>cium</span> <span class='ocrx_word' id='word_1_93' title='bbox 1650 1832 1762 1919; x_wconf 73' lang='lat' dir='ltr'>Hofes</span> <span class='ocrx_word' id='word_1_94' title='bbox 1788 1833 1826 1903; x_wconf 79' lang='lat' dir='ltr'>iu</span> <span class='ocrx_word' id='word_1_95' title='bbox 1844 1831 2126 1904; x_wconf 74' lang='lat' dir='ltr'>Haddenlvausen</span> <span class='ocrx_word' id='word_1_96' title='bbox 2152 1855 2198 1903; x_wconf 81' lang='grc'>00</span> <span class='ocrx_word' id='word_1_97' title='bbox 2225 1833 2291 1904; x_wconf 84' lang='lat' dir='ltr'>das</span> <span class='ocrx_word' id='word_1_98' title='bbox 2312 1833 2466 1904; x_wconf 79' lang='lat' dir='ltr'>Martin-</span> 
     </span>
     <span class='ocr_line' id='line_1_12' title="bbox 991 1934 1914 2026; baseline -0.001 -17"><span class='ocrx_word' id='word_1_99' title='bbox 991 1939 1068 2026; x_wconf 69' lang='grc'>000</span> <span class='ocrx_word' id='word_1_100' title='bbox 1094 1939 1133 2009; x_wconf 80' lang='lat' dir='ltr'>iu</span> <span class='ocrx_word' id='word_1_101' title='bbox 1162 1934 1320 2008; x_wconf 77' lang='lat' dir='ltr'>Mindon.</span> <span class='ocrx_word' id='word_1_102' title='bbox 1375 1936 1526 2008; x_wconf 78' lang='lat' dir='ltr'>Mindeu</span> <span class='ocrx_word' id='word_1_103' title='bbox 1554 1936 1659 2011; x_wconf 84' lang='grc'><em>1288</em></span> <span class='ocrx_word' id='word_1_104' title='bbox 1687 1938 1829 2010; x_wconf 75' lang='lat' dir='ltr'>Olotobcr</span> <span class='ocrx_word' id='word_1_105' title='bbox 1856 1936 1914 2010; x_wconf 85' lang='lat'>13.</span> 
     </span>
    </p>
   </div>
   <div class='ocr_carea' id='block_1_8' title="bbox 437 2071 2465 4370">
    <p class='ocr_par' dir='ltr' id='par_1_8' title="bbox 437 2071 2465 4370">
     <span class='ocr_line' id='line_1_13' title="bbox 550 2071 2464 2161; baseline -0.002 -18"><span class='ocrx_word' id='word_1_106' title='bbox 550 2077 737 2161; x_wconf 91' lang='lat' dir='ltr'>Volquinus</span> <span class='ocrx_word' id='word_1_107' title='bbox 761 2075 822 2140; x_wconf 90' lang='lat' dir='ltr'>Dei</span> <span class='ocrx_word' id='word_1_108' title='bbox 844 2075 952 2158; x_wconf 82' lang='lat' dir='ltr'>gracia</span> <span class='ocrx_word' id='word_1_109' title='bbox 976 2073 1161 2139; x_wconf 86' lang='lat' dir='ltr'>Mindensis</span> <span class='ocrx_word' id='word_1_110' title='bbox 1192 2072 1329 2138; x_wconf 82' lang='lat' dir='ltr'>ecclesie</span> <span class='ocrx_word' id='word_1_111' title='bbox 1362 2071 1540 2157; x_wconf 87' lang='lat' dir='ltr'>episcopus</span> <span class='ocrx_word' id='word_1_112' title='bbox 1569 2073 1724 2139; x_wconf 91' lang='lat' dir='ltr'>omnibus</span> <span class='ocrx_word' id='word_1_113' title='bbox 1754 2075 1818 2139; x_wconf 90' lang='lat' dir='ltr'>hoc</span> <span class='ocrx_word' id='word_1_114' title='bbox 1847 2074 2007 2156; x_wconf 90' lang='lat' dir='ltr'>scriptum</span> <span class='ocrx_word' id='word_1_115' title='bbox 2030 2073 2152 2139; x_wconf 90' lang='lat' dir='ltr'>visuris</span> <span class='ocrx_word' id='word_1_116' title='bbox 2176 2078 2293 2140; x_wconf 91' lang='lat' dir='ltr'>notum</span> <span class='ocrx_word' id='word_1_117' title='bbox 2316 2075 2464 2153; x_wconf 84' lang='lat' dir='ltr'>facimus,</span> 
     </span>
     <span class='ocr_line' id='line_1_14' title="bbox 439 2180 2464 2269; baseline -0.002 -18"><span class='ocrx_word' id='word_1_118' title='bbox 439 2186 531 2269; x_wconf 93' lang='lat' dir='ltr'>quod</span> <span class='ocrx_word' id='word_1_119' title='bbox 559 2183 748 2248; x_wconf 86' lang='lat' dir='ltr'>constitutis</span> <span class='ocrx_word' id='word_1_120' title='bbox 776 2202 887 2248; x_wconf 89' lang='lat' dir='ltr'>coram</span> <span class='ocrx_word' id='word_1_121' title='bbox 919 2181 1014 2246; x_wconf 91' lang='lat' dir='ltr'>uobis</span> <span class='ocrx_word' id='word_1_122' title='bbox 1046 2180 1173 2244; x_wconf 91' lang='lat' dir='ltr'>decano</span> <span class='ocrx_word' id='word_1_123' title='bbox 1204 2184 1238 2245; x_wconf 91' lang='lat' dir='ltr'>et</span> <span class='ocrx_word' id='word_1_124' title='bbox 1267 2180 1416 2262; x_wconf 86' lang='lat' dir='ltr'>capitulo</span> <span class='ocrx_word' id='word_1_125' title='bbox 1446 2181 1552 2244; x_wconf 88' lang='lat' dir='ltr'>sancti</span> <span class='ocrx_word' id='word_1_126' title='bbox 1576 2180 1708 2245; x_wconf 86' lang='lat' dir='ltr'>Martini</span> <span class='ocrx_word' id='word_1_127' title='bbox 1730 2180 1914 2246; x_wconf 89' lang='lat' dir='ltr'>Mindensis</span> <span class='ocrx_word' id='word_1_128' title='bbox 1945 2183 2103 2266; x_wconf 82' lang='lat' dir='ltr'>exparte</span> <span class='ocrx_word' id='word_1_129' title='bbox 2127 2182 2464 2246; x_wconf 87' lang='lat' dir='ltr'>unaetllechthildi</span> 
     </span>
     <span class='ocr_line' id='line_1_15' title="bbox 439 2285 2465 2370; baseline -0.003 -12"><span class='ocrx_word' id='word_1_130' title='bbox 439 2292 543 2358; x_wconf 88' lang='lat' dir='ltr'>vidua</span> <span class='ocrx_word' id='word_1_131' title='bbox 573 2290 690 2355; x_wconf 85' lang='lat' dir='ltr'>relicta</span> <span class='ocrx_word' id='word_1_132' title='bbox 713 2287 873 2354; x_wconf 85' lang='lat' dir='ltr'>Richardi</span> <span class='ocrx_word' id='word_1_133' title='bbox 903 2287 979 2351; x_wconf 85' lang='lat' dir='ltr'>laici</span> <span class='ocrx_word' id='word_1_134' title='bbox 1008 2288 1050 2351; x_wconf 91' lang='lat' dir='ltr'>de</span> <span class='ocrx_word' id='word_1_135' title='bbox 1075 2285 1285 2369; x_wconf 85' lang='lat' dir='ltr'>Gripeshope</span> <span class='ocrx_word' id='word_1_136' title='bbox 1315 2288 1347 2350; x_wconf 88' lang='lat' dir='ltr'>et</span> <span class='ocrx_word' id='word_1_137' title='bbox 1378 2286 1447 2351; x_wconf 92' lang='lat' dir='ltr'>suis</span> <span class='ocrx_word' id='word_1_138' title='bbox 1478 2286 1658 2352; x_wconf 87' lang='lat' dir='ltr'>heredibus</span> <span class='ocrx_word' id='word_1_139' title='bbox 1682 2286 1836 2352; x_wconf 83' lang='lat' dir='ltr'>Conrado</span> <span class='ocrx_word' id='word_1_140' title='bbox 1864 2287 2018 2353; x_wconf 89' lang='lat' dir='ltr'>videlicet</span> <span class='ocrx_word' id='word_1_141' title='bbox 2040 2290 2073 2352; x_wconf 91' lang='lat' dir='ltr'>et</span> <span class='ocrx_word' id='word_1_142' title='bbox 2096 2286 2287 2353; x_wconf 84' lang='lat' dir='ltr'>Alexandra</span> <span class='ocrx_word' id='word_1_143' title='bbox 2309 2307 2351 2352; x_wconf 87' lang='lat' dir='ltr'>ex</span> <span class='ocrx_word' id='word_1_144' title='bbox 2375 2291 2465 2370; x_wconf 87' lang='lat' dir='ltr'>parte</span> 
     </span>
     <span class='ocr_line' id='line_1_16' title="bbox 437 2391 2464 2477; baseline -0.002 -14"><span class='ocrx_word' id='word_1_145' title='bbox 437 2398 544 2463; x_wconf 82' lang='lat' dir='ltr'>altera</span> <span class='ocrx_word' id='word_1_146' title='bbox 568 2396 684 2461; x_wconf 90' lang='lat' dir='ltr'>eadem</span> <span class='ocrx_word' id='word_1_147' title='bbox 707 2394 808 2460; x_wconf 87' lang='lat' dir='ltr'>vidua</span> <span class='ocrx_word' id='word_1_148' title='bbox 831 2397 865 2458; x_wconf 87' lang='lat' dir='ltr'>et</span> <span class='ocrx_word' id='word_1_149' title='bbox 888 2393 939 2456; x_wconf 93' lang='lat' dir='ltr'>sui</span> <span class='ocrx_word' id='word_1_150' title='bbox 963 2393 1104 2458; x_wconf 88' lang='lat' dir='ltr'>heredes</span> <span class='ocrx_word' id='word_1_151' title='bbox 1127 2391 1285 2476; x_wconf 75' lang='lat' dir='ltr'>predictis</span> <span class='ocrx_word' id='word_1_152' title='bbox 1311 2392 1459 2457; x_wconf 87' lang='lat' dir='ltr'>..decano</span> <span class='ocrx_word' id='word_1_153' title='bbox 1483 2395 1517 2457; x_wconf 91' lang='lat' dir='ltr'>et</span> <span class='ocrx_word' id='word_1_154' title='bbox 1541 2393 1686 2475; x_wconf 84' lang='lat' dir='ltr'>capitulo</span> <span class='ocrx_word' id='word_1_155' title='bbox 1711 2393 1818 2459; x_wconf 82' lang='lat' dir='ltr'>sancti</span> <span class='ocrx_word' id='word_1_156' title='bbox 1833 2394 1965 2460; x_wconf 85' lang='lat' dir='ltr'>Martini</span> <span class='ocrx_word' id='word_1_157' title='bbox 1989 2393 2110 2458; x_wconf 90' lang='lat' dir='ltr'>curtim</span> <span class='ocrx_word' id='word_1_158' title='bbox 2131 2395 2300 2477; x_wconf 87' lang='lat' dir='ltr'>quandam</span> <span class='ocrx_word' id='word_1_159' title='bbox 2316 2395 2419 2460; x_wconf 87' lang='lat' dir='ltr'>sitam</span> <span class='ocrx_word' id='word_1_160' title='bbox 2433 2396 2464 2458; x_wconf 91' lang='lat' dir='ltr'>in</span> 
     </span>
     <span class='ocr_line' id='line_1_17' title="bbox 439 2498 2464 2584; baseline -0.001 -16"><span class='ocrx_word' id='word_1_161' title='bbox 439 2504 517 2568; x_wconf 91' lang='lat' dir='ltr'>villa</span> <span class='ocrx_word' id='word_1_162' title='bbox 541 2501 804 2576; x_wconf 86' lang='lat' dir='ltr'>Haddenhusen,</span> <span class='ocrx_word' id='word_1_163' title='bbox 828 2520 894 2583; x_wconf 91' lang='lat' dir='ltr'>que</span> <span class='ocrx_word' id='word_1_164' title='bbox 918 2498 1040 2565; x_wconf 89' lang='lat' dir='ltr'>dicitur</span> <span class='ocrx_word' id='word_1_165' title='bbox 1063 2498 1182 2562; x_wconf 91' lang='lat' dir='ltr'>domus</span> <span class='ocrx_word' id='word_1_166' title='bbox 1207 2498 1428 2581; x_wconf 89' lang='lat' dir='ltr'>Ostendorpe,</span> <span class='ocrx_word' id='word_1_167' title='bbox 1453 2518 1518 2581; x_wconf 89' lang='lat' dir='ltr'>que</span> <span class='ocrx_word' id='word_1_168' title='bbox 1542 2498 1678 2580; x_wconf 90' lang='lat' dir='ltr'>quidem</span> <span class='ocrx_word' id='word_1_169' title='bbox 1701 2499 1779 2564; x_wconf 85' lang='lat' dir='ltr'>villa</span> <span class='ocrx_word' id='word_1_170' title='bbox 1802 2501 1853 2564; x_wconf 89' lang='lat' dir='ltr'>est</span> <span class='ocrx_word' id='word_1_171' title='bbox 1875 2499 1910 2563; x_wconf 93' lang='lat' dir='ltr'>in</span> <span class='ocrx_word' id='word_1_172' title='bbox 1932 2499 2108 2584; x_wconf 87' lang='lat' dir='ltr'>parrochia</span> <span class='ocrx_word' id='word_1_173' title='bbox 2131 2499 2270 2566; x_wconf 83' lang='lat' dir='ltr'>ecclesie</span> <span class='ocrx_word' id='word_1_174' title='bbox 2293 2500 2330 2566; x_wconf 93' lang='lat' dir='ltr'>in</span> <span class='ocrx_word' id='word_1_175' title='bbox 2347 2502 2464 2566; x_wconf 89' lang='lat' dir='ltr'>Gelen-</span> 
     </span>
     <span class='ocr_line' id='line_1_18' title="bbox 440 2604 2464 2689; baseline -0.002 -14"><span class='ocrx_word' id='word_1_176' title='bbox 440 2611 525 2676; x_wconf 85' lang='lat' dir='ltr'>belre</span> <span class='ocrx_word' id='word_1_177' title='bbox 549 2629 624 2674; x_wconf 91' lang='lat' dir='ltr'>cum</span> <span class='ocrx_word' id='word_1_178' title='bbox 648 2606 745 2689; x_wconf 85' lang='lat' dir='ltr'>agris,</span> <span class='ocrx_word' id='word_1_179' title='bbox 775 2606 877 2685; x_wconf 91' lang='lat' dir='ltr'>silvis,</span> <span class='ocrx_word' id='word_1_180' title='bbox 906 2605 1022 2688; x_wconf 89' lang='lat' dir='ltr'>pratis,</span> <span class='ocrx_word' id='word_1_181' title='bbox 1054 2605 1199 2688; x_wconf 86' lang='lat' dir='ltr'>pascuis,</span> <span class='ocrx_word' id='word_1_182' title='bbox 1228 2605 1301 2686; x_wconf 86' lang='lat' dir='ltr'>viis,</span> <span class='ocrx_word' id='word_1_183' title='bbox 1326 2604 1435 2686; x_wconf 91' lang='lat' dir='ltr'>inviis,</span> <span class='ocrx_word' id='word_1_184' title='bbox 1460 2604 1601 2687; x_wconf 91' lang='lat' dir='ltr'>iuribus,</span> <span class='ocrx_word' id='word_1_185' title='bbox 1632 2604 1858 2686; x_wconf 69' lang='lat' dir='ltr'>servitutibus,</span> <span class='ocrx_word' id='word_1_186' title='bbox 1884 2605 2083 2671; x_wconf 75' lang='lat' dir='ltr'>utilitatibus</span> <span class='ocrx_word' id='word_1_187' title='bbox 2106 2609 2139 2670; x_wconf 90' lang='lat' dir='ltr'>et</span> <span class='ocrx_word' id='word_1_188' title='bbox 2162 2625 2239 2671; x_wconf 92' lang='lat' dir='ltr'>cum</span> <span class='ocrx_word' id='word_1_189' title='bbox 2261 2607 2464 2689; x_wconf 82' lang='lat' dir='ltr'>proprietate</span> 
     </span>
     <span class='ocr_line' id='line_1_19' title="bbox 441 2710 2463 2798; baseline -0.002 -16"><span class='ocrx_word' id='word_1_190' title='bbox 441 2716 591 2782; x_wconf 92' lang='lat' dir='ltr'>omnium</span> <span class='ocrx_word' id='word_1_191' title='bbox 621 2713 872 2798; x_wconf 87' lang='lat' dir='ltr'>premissorum,</span> <span class='ocrx_word' id='word_1_192' title='bbox 907 2731 1008 2794; x_wconf 86' lang='lat' dir='ltr'>quarn</span> <span class='ocrx_word' id='word_1_193' title='bbox 1039 2711 1278 2795; x_wconf 85' lang='lat' dir='ltr'>proprietatem</span> <span class='ocrx_word' id='word_1_194' title='bbox 1302 2730 1323 2774; x_wconf 87' lang='lat' dir='ltr'>a</span> <span class='ocrx_word' id='word_1_195' title='bbox 1345 2710 1542 2776; x_wconf 88' lang='lat' dir='ltr'>Bernhardo</span> <span class='ocrx_word' id='word_1_196' title='bbox 1572 2711 1677 2777; x_wconf 90' lang='lat' dir='ltr'>milite</span> <span class='ocrx_word' id='word_1_197' title='bbox 1701 2715 1734 2776; x_wconf 87' lang='lat' dir='ltr'>et</span> <span class='ocrx_word' id='word_1_198' title='bbox 1757 2711 1827 2777; x_wconf 91' lang='lat' dir='ltr'>suis</span> <span class='ocrx_word' id='word_1_199' title='bbox 1850 2711 1927 2776; x_wconf 90' lang='lat' dir='ltr'>filiis</span> <span class='ocrx_word' id='word_1_200' title='bbox 1950 2712 2075 2778; x_wconf 92' lang='lat' dir='ltr'>scilicet</span> <span class='ocrx_word' id='word_1_201' title='bbox 2096 2712 2246 2794; x_wconf 87' lang='lat' dir='ltr'>Alberto,</span> <span class='ocrx_word' id='word_1_202' title='bbox 2269 2713 2463 2778; x_wconf 87' lang='lat' dir='ltr'>Bernhardo</span> 
     </span>
     <span class='ocr_line' id='line_1_20' title="bbox 440 2815 2463 2901; baseline -0.001 -15"><span class='ocrx_word' id='word_1_203' title='bbox 440 2827 476 2888; x_wconf 88' lang='lat' dir='ltr'>et</span> <span class='ocrx_word' id='word_1_204' title='bbox 498 2820 697 2887; x_wconf 85' lang='lat' dir='ltr'>Rothhardo</span> <span class='ocrx_word' id='word_1_205' title='bbox 729 2819 824 2884; x_wconf 88' lang='lat' dir='ltr'>dictis</span> <span class='ocrx_word' id='word_1_206' title='bbox 853 2818 895 2884; x_wconf 92' lang='lat' dir='ltr'>de</span> <span class='ocrx_word' id='word_1_207' title='bbox 918 2818 1051 2884; x_wconf 87' lang='lat' dir='ltr'>Varlere</span> <span class='ocrx_word' id='word_1_208' title='bbox 1080 2820 1330 2901; x_wconf 87' lang='lat' dir='ltr'>compararunt,</span> <span class='ocrx_word' id='word_1_209' title='bbox 1364 2817 1407 2882; x_wconf 91' lang='lat' dir='ltr'>ad</span> <span class='ocrx_word' id='word_1_210' title='bbox 1435 2837 1516 2882; x_wconf 89' lang='lat' dir='ltr'>usus</span> <span class='ocrx_word' id='word_1_211' title='bbox 1545 2815 1659 2883; x_wconf 75' lang='lat' dir='ltr'>altaris</span> <span class='ocrx_word' id='word_1_212' title='bbox 1690 2819 1797 2884; x_wconf 89' lang='lat' dir='ltr'>sancti</span> <span class='ocrx_word' id='word_1_213' title='bbox 1821 2817 1950 2883; x_wconf 87' lang='lat' dir='ltr'>Nicolai</span> <span class='ocrx_word' id='word_1_214' title='bbox 1979 2819 2014 2883; x_wconf 94' lang='lat' dir='ltr'>in</span> <span class='ocrx_word' id='word_1_215' title='bbox 2042 2818 2181 2884; x_wconf 86' lang='lat' dir='ltr'>ecclesia</span> <span class='ocrx_word' id='word_1_216' title='bbox 2203 2820 2313 2884; x_wconf 86' lang='lat' dir='ltr'>sancti</span> <span class='ocrx_word' id='word_1_217' title='bbox 2334 2819 2463 2884; x_wconf 83' lang='lat' dir='ltr'>Martini</span> 
     </span>
     <span class='ocr_line' id='line_1_21' title="bbox 442 2923 2463 3009; baseline -0.001 -17"><span class='ocrx_word' id='word_1_218' title='bbox 442 2927 665 2992; x_wconf 90' lang='lat' dir='ltr'>vendiderunt</span> <span class='ocrx_word' id='word_1_219' title='bbox 692 2945 777 3009; x_wconf 91' lang='lat' dir='ltr'>pure</span> <span class='ocrx_word' id='word_1_220' title='bbox 801 2928 835 2989; x_wconf 90' lang='lat' dir='ltr'>et</span> <span class='ocrx_word' id='word_1_221' title='bbox 858 2923 1050 3008; x_wconf 87' lang='lat' dir='ltr'>simpliciter</span> <span class='ocrx_word' id='word_1_222' title='bbox 1073 2941 1134 3007; x_wconf 89' lang='lat' dir='ltr'>pro</span> <span class='ocrx_word' id='word_1_223' title='bbox 1157 2923 1400 3008; x_wconf 82' lang='lat' dir='ltr'>quinquaginta</span> <span class='ocrx_word' id='word_1_224' title='bbox 1423 2925 1568 3006; x_wconf 90' lang='lat' dir='ltr'>quatuor</span> <span class='ocrx_word' id='word_1_225' title='bbox 1591 2924 1710 2989; x_wconf 86' lang='lat' dir='ltr'>marcis</span> <span class='ocrx_word' id='word_1_226' title='bbox 1733 2924 1922 2990; x_wconf 90' lang='lat' dir='ltr'>Bremensis</span> <span class='ocrx_word' id='word_1_227' title='bbox 1946 2924 2084 3006; x_wconf 81' lang='lat' dir='ltr'>argenti,</span> <span class='ocrx_word' id='word_1_228' title='bbox 2116 2927 2352 2992; x_wconf 80' lang='lat' dir='ltr'>renunciantes</span> <span class='ocrx_word' id='word_1_229' title='bbox 2376 2927 2463 2990; x_wconf 87' lang='lat' dir='ltr'>omni</span> 
     </span>
     <span class='ocr_line' id='line_1_22' title="bbox 443 3028 2463 3114; baseline -0.001 -15"><span class='ocrx_word' id='word_1_230' title='bbox 443 3034 514 3099; x_wconf 90' lang='lat' dir='ltr'>iure</span> <span class='ocrx_word' id='word_1_231' title='bbox 544 3031 703 3098; x_wconf 87' lang='lat' dir='ltr'>canonico</span> <span class='ocrx_word' id='word_1_232' title='bbox 726 3033 760 3096; x_wconf 89' lang='lat' dir='ltr'>et</span> <span class='ocrx_word' id='word_1_233' title='bbox 783 3030 881 3110; x_wconf 90' lang='lat' dir='ltr'>civili,</span> <span class='ocrx_word' id='word_1_234' title='bbox 905 3028 1052 3114; x_wconf 85' lang='lat' dir='ltr'>generali</span> <span class='ocrx_word' id='word_1_235' title='bbox 1074 3037 1108 3094; x_wconf 89' lang='lat' dir='ltr'>et</span> <span class='ocrx_word' id='word_1_236' title='bbox 1130 3029 1268 3114; x_wconf 90' lang='lat' dir='ltr'>speciali</span> <span class='ocrx_word' id='word_1_237' title='bbox 1291 3032 1325 3094; x_wconf 90' lang='lat' dir='ltr'>et</span> <span class='ocrx_word' id='word_1_238' title='bbox 1346 3029 1438 3094; x_wconf 91' lang='lat' dir='ltr'>omni</span> <span class='ocrx_word' id='word_1_239' title='bbox 1462 3030 1643 3113; x_wconf 84' lang='lat' dir='ltr'>privilegiu,</span> <span class='ocrx_word' id='word_1_240' title='bbox 1664 3050 1724 3112; x_wconf 91' lang='lat' dir='ltr'>per</span> <span class='ocrx_word' id='word_1_241' title='bbox 1747 3030 1838 3114; x_wconf 93' lang='lat' dir='ltr'>quod</span> <span class='ocrx_word' id='word_1_242' title='bbox 1860 3031 2029 3114; x_wconf 89' lang='lat' dir='ltr'>predictus</span> <span class='ocrx_word' id='word_1_243' title='bbox 2051 3030 2252 3097; x_wconf 88' lang='lat' dir='ltr'>venditionis</span> <span class='ocrx_word' id='word_1_244' title='bbox 2274 3035 2463 3098; x_wconf 82' lang='lat' dir='ltr'>contractus</span> 
     </span>
     <span class='ocr_line' id='line_1_23' title="bbox 442 3136 2462 3222; baseline -0 -18"><span class='ocrx_word' id='word_1_245' title='bbox 442 3140 661 3222; x_wconf 87' lang='lat' dir='ltr'>imposterum</span> <span class='ocrx_word' id='word_1_246' title='bbox 691 3137 846 3221; x_wconf 90' lang='lat' dir='ltr'>impediri</span> <span class='ocrx_word' id='word_1_247' title='bbox 878 3136 930 3201; x_wconf 90' lang='lat' dir='ltr'>vel</span> <span class='ocrx_word' id='word_1_248' title='bbox 959 3136 1102 3202; x_wconf 87' lang='lat' dir='ltr'>rescindi</span> <span class='ocrx_word' id='word_1_249' title='bbox 1133 3136 1271 3216; x_wconf 88' lang='lat' dir='ltr'>valeret,</span> <span class='ocrx_word' id='word_1_250' title='bbox 1306 3138 1491 3202; x_wconf 88' lang='lat' dir='ltr'>statuentes</span> <span class='ocrx_word' id='word_1_251' title='bbox 1522 3137 1699 3203; x_wconf 88' lang='lat' dir='ltr'>duodecim</span> <span class='ocrx_word' id='word_1_252' title='bbox 1730 3137 1953 3219; x_wconf 90' lang='lat' dir='ltr'>fideiussores,</span> <span class='ocrx_word' id='word_1_253' title='bbox 1987 3137 2047 3220; x_wconf 95' lang='lat' dir='ltr'>qui</span> <span class='ocrx_word' id='word_1_254' title='bbox 2075 3137 2110 3202; x_wconf 93' lang='lat' dir='ltr'>in</span> <span class='ocrx_word' id='word_1_255' title='bbox 2140 3142 2284 3218; x_wconf 87' lang='lat' dir='ltr'>nostras,</span> <span class='ocrx_word' id='word_1_256' title='bbox 2321 3139 2462 3203; x_wconf 85' lang='lat' dir='ltr'>Conmdi</span> 
     </span>
     <span class='ocr_line' id='line_1_24' title="bbox 440 3241 2462 3329; baseline 0 -20"><span class='ocrx_word' id='word_1_257' title='bbox 440 3243 559 3310; x_wconf 89' lang='lat' dir='ltr'>decani</span> <span class='ocrx_word' id='word_1_258' title='bbox 582 3243 715 3308; x_wconf 85' lang='lat' dir='ltr'>maioris</span> <span class='ocrx_word' id='word_1_259' title='bbox 740 3242 878 3307; x_wconf 88' lang='lat' dir='ltr'>ecclesie</span> <span class='ocrx_word' id='word_1_260' title='bbox 901 3245 1023 3322; x_wconf 88' lang='lat' dir='ltr'>nostre,</span> <span class='ocrx_word' id='word_1_261' title='bbox 1048 3244 1082 3307; x_wconf 91' lang='lat' dir='ltr'>et</span> <span class='ocrx_word' id='word_1_262' title='bbox 1105 3241 1311 3324; x_wconf 84' lang='lat' dir='ltr'>singulorum</span> <span class='ocrx_word' id='word_1_263' title='bbox 1335 3242 1571 3308; x_wconf 89' lang='lat' dir='ltr'>canonicorum</span> <span class='ocrx_word' id='word_1_264' title='bbox 1588 3243 1693 3308; x_wconf 87' lang='lat' dir='ltr'>sancti</span> <span class='ocrx_word' id='word_1_265' title='bbox 1708 3243 1841 3308; x_wconf 87' lang='lat' dir='ltr'>Martini</span> <span class='ocrx_word' id='word_1_266' title='bbox 1858 3264 1977 3309; x_wconf 90' lang='lat' dir='ltr'>manus</span> <span class='ocrx_word' id='word_1_267' title='bbox 1992 3243 2059 3309; x_wconf 89' lang='lat' dir='ltr'>fide</span> <span class='ocrx_word' id='word_1_268' title='bbox 2074 3246 2216 3327; x_wconf 88' lang='lat' dir='ltr'>prestita</span> <span class='ocrx_word' id='word_1_269' title='bbox 2231 3246 2462 3329; x_wconf 81' lang='lat' dir='ltr'>promiserunt,</span> 
     </span>
     <span class='ocr_line' id='line_1_25' title="bbox 442 3348 2463 3434; baseline 0 -18"><span class='ocrx_word' id='word_1_270' title='bbox 442 3351 533 3434; x_wconf 93' lang='lat' dir='ltr'>quod</span> <span class='ocrx_word' id='word_1_271' title='bbox 569 3350 597 3414; x_wconf 93' lang='lat' dir='ltr'>si</span> <span class='ocrx_word' id='word_1_272' title='bbox 630 3348 766 3432; x_wconf 84' lang='lat' dir='ltr'>aliquod</span> <span class='ocrx_word' id='word_1_273' title='bbox 798 3349 1073 3433; x_wconf 90' lang='lat' dir='ltr'>impedimentum</span> <span class='ocrx_word' id='word_1_274' title='bbox 1110 3348 1310 3432; x_wconf 85' lang='lat' dir='ltr'>supradictis</span> <span class='ocrx_word' id='word_1_275' title='bbox 1340 3348 1507 3414; x_wconf 88' lang='lat' dir='ltr'>canonicis</span> <span class='ocrx_word' id='word_1_276' title='bbox 1539 3349 1746 3433; x_wconf 89' lang='lat' dir='ltr'>emptoribus</span> <span class='ocrx_word' id='word_1_277' title='bbox 1776 3350 1811 3415; x_wconf 91' lang='lat' dir='ltr'>in</span> <span class='ocrx_word' id='word_1_278' title='bbox 1841 3349 1960 3416; x_wconf 91' lang='lat' dir='ltr'>eodem</span> <span class='ocrx_word' id='word_1_279' title='bbox 1988 3349 2187 3416; x_wconf 90' lang='lat' dir='ltr'>venditionis</span> <span class='ocrx_word' id='word_1_280' title='bbox 2215 3353 2386 3418; x_wconf 81' lang='lat' dir='ltr'>contractu</span> <span class='ocrx_word' id='word_1_281' title='bbox 2413 3353 2463 3416; x_wconf 93' lang='lat' dir='ltr'>in-</span> 
     </span>
     <span class='ocr_line' id='line_1_26' title="bbox 440 3453 2463 3542; baseline 0 -20"><span class='ocrx_word' id='word_1_282' title='bbox 440 3459 613 3542; x_wconf 90' lang='lat' dir='ltr'>posterum</span> <span class='ocrx_word' id='word_1_283' title='bbox 644 3454 843 3539; x_wconf 88' lang='lat' dir='ltr'>proveniret,</span> <span class='ocrx_word' id='word_1_284' title='bbox 868 3453 971 3519; x_wconf 92' lang='lat' dir='ltr'>iidem</span> <span class='ocrx_word' id='word_1_285' title='bbox 994 3453 1210 3519; x_wconf 89' lang='lat' dir='ltr'>fideiussores</span> <span class='ocrx_word' id='word_1_286' title='bbox 1233 3455 1269 3520; x_wconf 92' lang='lat' dir='ltr'>in</span> <span class='ocrx_word' id='word_1_287' title='bbox 1292 3453 1462 3520; x_wconf 88' lang='lat' dir='ltr'>civitatem</span> <span class='ocrx_word' id='word_1_288' title='bbox 1485 3455 1693 3520; x_wconf 90' lang='lat' dir='ltr'>Mindensem</span> <span class='ocrx_word' id='word_1_289' title='bbox 1716 3456 1752 3520; x_wconf 93' lang='lat' dir='ltr'>in</span> <span class='ocrx_word' id='word_1_290' title='bbox 1775 3456 1963 3540; x_wconf 80' lang='lat' dir='ltr'>obstagium</span> <span class='ocrx_word' id='word_1_291' title='bbox 1986 3458 2159 3522; x_wconf 89' lang='lat' dir='ltr'>venientes</span> <span class='ocrx_word' id='word_1_292' title='bbox 2182 3477 2364 3542; x_wconf 86' lang='lat' dir='ltr'>numquam</span> <span class='ocrx_word' id='word_1_293' title='bbox 2387 3459 2463 3522; x_wconf 87' lang='lat' dir='ltr'>inde</span> 
     </span>
     <span class='ocr_line' id='line_1_27' title="bbox 442 3560 2463 3648; baseline 0 -20"><span class='ocrx_word' id='word_1_294' title='bbox 442 3563 574 3640; x_wconf 80' lang='lat' dir='ltr'>exituri,</span> <span class='ocrx_word' id='word_1_295' title='bbox 610 3562 716 3626; x_wconf 88' lang='lat' dir='ltr'>donec</span> <span class='ocrx_word' id='word_1_296' title='bbox 750 3561 817 3625; x_wconf 89' lang='lat' dir='ltr'>tale</span> <span class='ocrx_word' id='word_1_297' title='bbox 852 3560 1128 3644; x_wconf 91' lang='lat' dir='ltr'>impedimentum</span> <span class='ocrx_word' id='word_1_298' title='bbox 1164 3565 1197 3627; x_wconf 95' lang='lat' dir='ltr'>et</span> <span class='ocrx_word' id='word_1_299' title='bbox 1232 3560 1379 3644; x_wconf 84' lang='lat' dir='ltr'>dampna</span> <span class='ocrx_word' id='word_1_300' title='bbox 1413 3581 1453 3626; x_wconf 88' lang='lat' dir='ltr'>ex</span> <span class='ocrx_word' id='word_1_301' title='bbox 1487 3563 1562 3644; x_wconf 93' lang='lat' dir='ltr'>ipso</span> <span class='ocrx_word' id='word_1_302' title='bbox 1596 3563 1835 3646; x_wconf 88' lang='lat' dir='ltr'>impedimento</span> <span class='ocrx_word' id='word_1_303' title='bbox 1867 3563 2102 3648; x_wconf 88' lang='lat' dir='ltr'>proveniencia</span> <span class='ocrx_word' id='word_1_304' title='bbox 2128 3563 2290 3628; x_wconf 86' lang='lat' dir='ltr'>tollantur</span> <span class='ocrx_word' id='word_1_305' title='bbox 2320 3564 2463 3648; x_wconf 86' lang='lat' dir='ltr'>dictique</span> 
     </span>
     <span class='ocr_line' id='line_1_28' title="bbox 440 3666 2463 3754; baseline 0.001 -21"><span class='ocrx_word' id='word_1_306' title='bbox 440 3669 592 3734; x_wconf 90' lang='lat' dir='ltr'>canonici</span> <span class='ocrx_word' id='word_1_307' title='bbox 623 3667 739 3731; x_wconf 90' lang='lat' dir='ltr'>eadem</span> <span class='ocrx_word' id='word_1_308' title='bbox 763 3667 852 3731; x_wconf 88' lang='lat' dir='ltr'>bona</span> <span class='ocrx_word' id='word_1_309' title='bbox 873 3667 1066 3750; x_wconf 87' lang='lat' dir='ltr'>possideant</span> <span class='ocrx_word' id='word_1_310' title='bbox 1090 3666 1229 3750; x_wconf 87' lang='lat' dir='ltr'>pacifice</span> <span class='ocrx_word' id='word_1_311' title='bbox 1252 3668 1286 3730; x_wconf 88' lang='lat' dir='ltr'>et</span> <span class='ocrx_word' id='word_1_312' title='bbox 1308 3667 1430 3750; x_wconf 91' lang='lat' dir='ltr'>quiete.</span> <span class='ocrx_word' id='word_1_313' title='bbox 1478 3668 1624 3734; x_wconf 88' lang='lat' dir='ltr'>Nomina</span> <span class='ocrx_word' id='word_1_314' title='bbox 1646 3668 1879 3734; x_wconf 88' lang='lat' dir='ltr'>fideiussorum</span> <span class='ocrx_word' id='word_1_315' title='bbox 1903 3673 1981 3734; x_wconf 89' lang='lat' dir='ltr'>sunt</span> <span class='ocrx_word' id='word_1_316' title='bbox 2003 3669 2081 3735; x_wconf 91' lang='lat' dir='ltr'>hec:</span> <span class='ocrx_word' id='word_1_317' title='bbox 2111 3670 2271 3735; x_wconf 85' lang='lat' dir='ltr'>Amollus</span> <span class='ocrx_word' id='word_1_318' title='bbox 2294 3671 2422 3754; x_wconf 83' lang='lat' dir='ltr'>Kuigge</span> <span class='ocrx_word' id='word_1_319' title='bbox 2430 3673 2463 3754; x_wconf 84' lang='lat'>¹),</span> 
     </span>
     <span class='ocr_line' id='line_1_29' title="bbox 442 3771 2464 3860; baseline 0.001 -21"><span class='ocrx_word' id='word_1_320' title='bbox 442 3775 521 3839; x_wconf 91' lang='lat' dir='ltr'>Giso</span> <span class='ocrx_word' id='word_1_321' title='bbox 550 3776 626 3856; x_wconf 87' lang='lat' dir='ltr'>vos,</span> <span class='ocrx_word' id='word_1_322' title='bbox 657 3773 808 3838; x_wconf 85' lang='lat' dir='ltr'>canonici</span> <span class='ocrx_word' id='word_1_323' title='bbox 840 3772 975 3837; x_wconf 87' lang='lat' dir='ltr'>maioris</span> <span class='ocrx_word' id='word_1_324' title='bbox 1006 3773 1157 3854; x_wconf 88' lang='lat' dir='ltr'>ecclesie,</span> <span class='ocrx_word' id='word_1_325' title='bbox 1187 3771 1365 3837; x_wconf 90' lang='lat' dir='ltr'>Heinricus</span> <span class='ocrx_word' id='word_1_326' title='bbox 1397 3774 1439 3838; x_wconf 90' lang='lat' dir='ltr'>de</span> <span class='ocrx_word' id='word_1_327' title='bbox 1463 3773 1611 3840; x_wconf 87' lang='lat' dir='ltr'>Ratbere</span> <span class='ocrx_word' id='word_1_328' title='bbox 1640 3775 1833 3840; x_wconf 86' lang='lat' dir='ltr'>scolasticus</span> <span class='ocrx_word' id='word_1_329' title='bbox 1857 3775 1963 3840; x_wconf 86' lang='lat' dir='ltr'>sancti</span> <span class='ocrx_word' id='word_1_330' title='bbox 1984 3775 2126 3858; x_wconf 89' lang='lat' dir='ltr'>Martini,</span> <span class='ocrx_word' id='word_1_331' title='bbox 2157 3776 2349 3842; x_wconf 85' lang='lat' dir='ltr'>Gerhardus</span> <span class='ocrx_word' id='word_1_332' title='bbox 2372 3779 2464 3860; x_wconf 84' lang='lat' dir='ltr'>Span</span> 
     </span>
     <span class='ocr_line' id='line_1_30' title="bbox 441 3878 2464 3966; baseline 0.002 -22"><span class='ocrx_word' id='word_1_333' title='bbox 441 3880 547 3960; x_wconf 93' lang='lat' dir='ltr'>miles,</span> <span class='ocrx_word' id='word_1_334' title='bbox 572 3879 759 3945; x_wconf 85' lang='lat' dir='ltr'>Richardus</span> <span class='ocrx_word' id='word_1_335' title='bbox 783 3879 859 3960; x_wconf 89' lang='lat' dir='ltr'>Vos,</span> <span class='ocrx_word' id='word_1_336' title='bbox 883 3878 1073 3944; x_wconf 88' lang='lat' dir='ltr'>Richardus</span> <span class='ocrx_word' id='word_1_337' title='bbox 1097 3879 1138 3943; x_wconf 92' lang='lat' dir='ltr'>de</span> <span class='ocrx_word' id='word_1_338' title='bbox 1162 3878 1421 3963; x_wconf 77' lang='lat' dir='ltr'>Oldendorpe2)‚</span> <span class='ocrx_word' id='word_1_339' title='bbox 1445 3879 1505 3945; x_wconf 84' lang='lat' dir='ltr'>All</span> <span class='ocrx_word' id='word_1_340' title='bbox 1517 3880 1655 3964; x_wconf 77' lang='lat' dir='ltr'>Knigge,</span> <span class='ocrx_word' id='word_1_341' title='bbox 1679 3881 1838 3947; x_wconf 87' lang='lat' dir='ltr'>Amollus</span> <span class='ocrx_word' id='word_1_342' title='bbox 1855 3880 1975 3961; x_wconf 87' lang='lat' dir='ltr'>Girike,</span> <span class='ocrx_word' id='word_1_343' title='bbox 1999 3881 2077 3947; x_wconf 87' lang='lat' dir='ltr'>Otto</span> <span class='ocrx_word' id='word_1_344' title='bbox 2093 3882 2224 3966; x_wconf 90' lang='lat' dir='ltr'>Trepel,</span> <span class='ocrx_word' id='word_1_345' title='bbox 2249 3883 2400 3949; x_wconf 89' lang='lat' dir='ltr'>Gerollus</span> <span class='ocrx_word' id='word_1_346' title='bbox 2424 3885 2464 3949; x_wconf 90' lang='lat' dir='ltr'>de</span> 
     </span>
     <span class='ocr_line' id='line_1_31' title="bbox 443 3983 2465 4071; baseline 0 -19"><span class='ocrx_word' id='word_1_347' title='bbox 443 3986 567 4066; x_wconf 85' lang='lat' dir='ltr'>Ufllen,</span> <span class='ocrx_word' id='word_1_348' title='bbox 591 3985 764 4050; x_wconf 87' lang='lat' dir='ltr'>Conradus</span> <span class='ocrx_word' id='word_1_349' title='bbox 788 3985 830 4050; x_wconf 91' lang='lat' dir='ltr'>de</span> <span class='ocrx_word' id='word_1_350' title='bbox 854 3983 1064 4068; x_wconf 88' lang='lat' dir='ltr'>Gripeshope</span> <span class='ocrx_word' id='word_1_351' title='bbox 1088 3987 1122 4049; x_wconf 91' lang='lat' dir='ltr'>et</span> <span class='ocrx_word' id='word_1_352' title='bbox 1144 3984 1341 4049; x_wconf 91' lang='lat' dir='ltr'>Thidericus</span> <span class='ocrx_word' id='word_1_353' title='bbox 1364 3985 1437 4051; x_wconf 89' lang='lat' dir='ltr'>eius</span> <span class='ocrx_word' id='word_1_354' title='bbox 1459 3985 1558 4068; x_wconf 88' lang='lat' dir='ltr'>lilius,</span> <span class='ocrx_word' id='word_1_355' title='bbox 1583 3987 1709 4052; x_wconf 87' lang='lat' dir='ltr'>famuli.</span> <span class='ocrx_word' id='word_1_356' title='bbox 1757 3988 1895 4071; x_wconf 90' lang='lat' dir='ltr'>Nosque</span> <span class='ocrx_word' id='word_1_357' title='bbox 1919 3987 2131 4054; x_wconf 87' lang='lat' dir='ltr'>fideiussores</span> <span class='ocrx_word' id='word_1_358' title='bbox 2154 3989 2331 4054; x_wconf 86' lang='lat' dir='ltr'>memorati</span> <span class='ocrx_word' id='word_1_359' title='bbox 2354 3992 2465 4056; x_wconf 83' lang='lat' dir='ltr'>omnia</span> 
     </span>
     <span class='ocr_line' id='line_1_32' title="bbox 441 4090 2461 4177; baseline 0.002 -21"><span class='ocrx_word' id='word_1_360' title='bbox 441 4092 606 4175; x_wconf 87' lang='lat' dir='ltr'>premissa</span> <span class='ocrx_word' id='word_1_361' title='bbox 650 4110 712 4155; x_wconf 92' lang='lat' dir='ltr'>nos</span> <span class='ocrx_word' id='word_1_362' title='bbox 750 4091 1015 4174; x_wconf 83' lang='lat' dir='ltr'>recognoscimus</span> <span class='ocrx_word' id='word_1_363' title='bbox 1054 4090 1246 4173; x_wconf 88' lang='lat' dir='ltr'>promisisse</span> <span class='ocrx_word' id='word_1_364' title='bbox 1285 4094 1318 4156; x_wconf 91' lang='lat' dir='ltr'>et</span> <span class='ocrx_word' id='word_1_365' title='bbox 1355 4092 1398 4157; x_wconf 86' lang='lat' dir='ltr'>ad</span> <span class='ocrx_word' id='word_1_366' title='bbox 1437 4093 1721 4158; x_wconf 85' lang='lat' dir='ltr'>evidentissimam</span> <span class='ocrx_word' id='word_1_367' title='bbox 1763 4094 1912 4160; x_wconf 90' lang='lat' dir='ltr'>omnium</span> <span class='ocrx_word' id='word_1_368' title='bbox 1950 4094 2188 4177; x_wconf 89' lang='lat' dir='ltr'>premissorum</span> <span class='ocrx_word' id='word_1_369' title='bbox 2231 4096 2461 4161; x_wconf 87' lang='lat' dir='ltr'>certitudinem</span> 
     </span>
     <span class='ocr_line' id='line_1_33' title="bbox 440 4198 2464 4282; baseline 0.001 -18"><span class='ocrx_word' id='word_1_370' title='bbox 440 4199 585 4282; x_wconf 84' lang='lat' dir='ltr'>sigillum</span> <span class='ocrx_word' id='word_1_371' title='bbox 615 4200 768 4263; x_wconf 91' lang='lat' dir='ltr'>nostrum</span> <span class='ocrx_word' id='word_1_372' title='bbox 798 4198 1011 4280; x_wconf 91' lang='lat' dir='ltr'>presentibus</span> <span class='ocrx_word' id='word_1_373' title='bbox 1040 4198 1195 4262; x_wconf 81' lang='lat' dir='ltr'>duximus</span> <span class='ocrx_word' id='word_1_374' title='bbox 1229 4199 1478 4281; x_wconf 90' lang='lat' dir='ltr'>apponendum.</span> <span class='ocrx_word' id='word_1_375' title='bbox 1525 4199 1648 4265; x_wconf 89' lang='lat' dir='ltr'>Actum</span> <span class='ocrx_word' id='word_1_376' title='bbox 1679 4200 1791 4265; x_wconf 90' lang='lat' dir='ltr'>Minde</span> <span class='ocrx_word' id='word_1_377' title='bbox 1821 4200 1892 4266; x_wconf 91' lang='lat'>111⁰.</span> <span class='ocrx_word' id='word_1_378' title='bbox 1941 4201 2020 4265; x_wconf 90' lang='lat' dir='ltr'>ldus</span> <span class='ocrx_word' id='word_1_379' title='bbox 2044 4200 2199 4267; x_wconf 87' lang='lat' dir='ltr'>Octobris</span> <span class='ocrx_word' id='word_1_380' title='bbox 2223 4221 2312 4268; x_wconf 84' lang='lat' dir='ltr'>ormo</span> <span class='ocrx_word' id='word_1_381' title='bbox 2333 4201 2464 4268; x_wconf 83' lang='lat' dir='ltr'>Dondni</span> 
     </span>
     <span class='ocr_line' id='line_1_34' title="bbox 444 4304 876 4370; baseline -0.005 0"><span class='ocrx_word' id='word_1_382' title='bbox 444 4304 724 4370; x_wconf 88' lang='lat' dir='ltr'><strong>M⁰.CC⁰.LXXX⁰.</strong></span> <span class='ocrx_word' id='word_1_383' title='bbox 749 4307 876 4369; x_wconf 90' lang='lat' dir='ltr'>octavo.</span> 
     </span>
    </p>
   </div>
   <div class='ocr_carea' id='block_1_9' title="bbox 657 4425 1185 4496">
    <p class='ocr_par' dir='ltr' id='par_1_9' title="bbox 657 4425 1185 4496">
     <span class='ocr_line' id='line_1_35' title="bbox 657 4425 1185 4496; baseline 0.004 -17"><span class='ocrx_word' id='word_1_384' title='bbox 657 4429 677 4493; x_wconf 90' lang='lat'>¹)</span> <span class='ocrx_word' id='word_1_385' title='bbox 695 4426 756 4479; x_wconf 78' lang='lat' dir='ltr'>Or„-</span> <span class='ocrx_word' id='word_1_386' title='bbox 774 4428 869 4496; x_wconf 74' lang='lat' dir='ltr'>Kigge.</span> <span class='ocrx_word' id='word_1_387' title='bbox 909 4428 929 4488; x_wconf 84' lang='lat'>¹)</span> <span class='ocrx_word' id='word_1_388' title='bbox 948 4425 1008 4482; x_wconf 88' lang='lat' dir='ltr'>Or..·</span> <span class='ocrx_word' id='word_1_389' title='bbox 1027 4426 1185 4495; x_wconf 84' lang='lat' dir='ltr'>Olendorpe.</span> 
     </span>
    </p>
   </div>
   <div class='ocr_carea' id='block_1_10' title="bbox 576 4532 2463 4705">
    <p class='ocr_par' dir='ltr' id='par_1_10' title="bbox 576 4532 2463 4705">
     <span class='ocr_line' id='line_1_36' title="bbox 576 4532 2463 4622; baseline -0.001 -24"><span class='ocrx_word' id='word_1_390' title='bbox 576 4533 631 4599; x_wconf 85' lang='lat' dir='ltr'>Or.</span> <span class='ocrx_word' id='word_1_391' title='bbox 655 4536 697 4596; x_wconf 80' lang='lat' dir='ltr'>im</span> <span class='ocrx_word' id='word_1_392' title='bbox 722 4533 795 4619; x_wconf 78' lang='lat' dir='ltr'>Kpl.</span> <span class='ocrx_word' id='word_1_393' title='bbox 819 4532 924 4599; x_wconf 75' lang='lat' dir='ltr'>Sc-A.</span> <span class='ocrx_word' id='word_1_394' title='bbox 955 4555 995 4597; x_wconf 83' lang='lat' dir='ltr'>zu</span> <span class='ocrx_word' id='word_1_395' title='bbox 1019 4534 1167 4612; x_wconf 74' lang='lat' dir='ltr'>Memor,</span> <span class='ocrx_word' id='word_1_396' title='bbox 1200 4556 1224 4598; x_wconf 84' lang='lat' dir='ltr'>s.</span> <span class='ocrx_word' id='word_1_397' title='bbox 1249 4534 1425 4596; x_wconf 73' lang='lat' dir='ltr'>Martium</span> <span class='ocrx_word' id='word_1_398' title='bbox 1448 4533 1577 4598; x_wconf 71' lang='lat' dir='ltr'>Mindon</span> <span class='ocrx_word' id='word_1_399' title='bbox 1606 4532 1665 4599; x_wconf 87' lang='lat' dir='ltr'>Nr.</span> <span class='ocrx_word' id='word_1_400' title='bbox 1689 4533 1742 4602; x_wconf 83' lang='lat'>31.</span> <span class='ocrx_word' id='word_1_401' title='bbox 1791 4533 1896 4622; x_wconf 80' lang='lat' dir='ltr'>Sicpel</span> <span class='ocrx_word' id='word_1_402' title='bbox 1924 4535 2012 4602; x_wconf 76' lang='lat' dir='ltr'>nebu</span> <span class='ocrx_word' id='word_1_403' title='bbox 2034 4535 2239 4622; x_wconf 68' lang='lat' dir='ltr'>Besantipunp</span> <span class='ocrx_word' id='word_1_404' title='bbox 2268 4537 2351 4602; x_wconf 76' lang='lat' dir='ltr'>nieht</span> <span class='ocrx_word' id='word_1_405' title='bbox 2374 4536 2463 4601; x_wconf 73' lang='lat' dir='ltr'>noelr</span> 
     </span>
     <span class='ocr_line' id='line_1_37' title="bbox 655 4640 841 4705; baseline 0.005 -1"><span class='ocrx_word' id='word_1_406' title='bbox 655 4640 841 4705; x_wconf 73' lang='lat' dir='ltr'>verbanden.</span> 
     </span>
    </p>
   </div>
   <div class='ocr_carea' id='block_1_11' title="bbox 438 4817 2459 5139">
    <p class='ocr_par' dir='ltr' id='par_1_11' title="bbox 438 4817 2459 5139">
     <span class='ocr_line' id='line_1_38' title="bbox 1398 4817 1515 4896; baseline 0 0"><span class='ocrx_word' id='word_1_407' title='bbox 1398 4817 1515 4896; x_wconf 77' lang='lat'>1402.</span> 
     </span>
     <span class='ocr_line' id='line_1_39' title="bbox 438 4945 2459 5040; baseline -0 -19"><span class='ocrx_word' id='word_1_408' title='bbox 438 4949 512 5021; x_wconf 82' lang='lat' dir='ltr'>Die</span> <span class='ocrx_word' id='word_1_409' title='bbox 545 4945 686 5019; x_wconf 76' lang='lat' dir='ltr'>Brt&#39;c&#39;der</span> <span class='ocrx_word' id='word_1_410' title='bbox 716 4970 781 5020; x_wconf 82' lang='grc'>000</span> <span class='ocrx_word' id='word_1_411' title='bbox 816 4946 956 5020; x_wconf 75' lang='lat' dir='ltr'>Goltern</span> <span class='ocrx_word' id='word_1_412' title='bbox 988 4947 1200 5036; x_wconf 80' lang='lat' dir='ltr'>vesipniercu</span> <span class='ocrx_word' id='word_1_413' title='bbox 1234 4945 1311 5016; x_wconf 80' lang='lat' dir='ltr'>dem</span> <span class='ocrx_word' id='word_1_414' title='bbox 1345 4945 1500 5034; x_wconf 76' lang='lat' dir='ltr'>Bisclvof</span> <span class='ocrx_word' id='word_1_415' title='bbox 1525 4967 1590 5018; x_wconf 77' lang='grc'>000</span> <span class='ocrx_word' id='word_1_416' title='bbox 1618 4946 1767 5019; x_wconf 80' lang='lat' dir='ltr'>Minden</span> <span class='ocrx_word' id='word_1_417' title='bbox 1799 4949 1999 5021; x_wconf 68' lang='grc'><strong>0000010010</strong></span> <span class='ocrx_word' id='word_1_418' title='bbox 2027 4949 2150 5040; x_wconf 76' lang='lat' dir='ltr'>Hufcn</span> <span class='ocrx_word' id='word_1_419' title='bbox 2181 4951 2221 5021; x_wconf 79' lang='lat' dir='ltr'>in</span> <span class='ocrx_word' id='word_1_420' title='bbox 2248 4951 2385 5024; x_wconf 76' lang='lat' dir='ltr'>Sursum</span> <span class='ocrx_word' id='word_1_421' title='bbox 2416 4971 2459 5020; x_wconf 73' lang='lat' dir='ltr'><em>u</em></span> 
     </span>
     <span class='ocr_line' id='line_1_40' title="bbox 940 5050 1958 5139; baseline 0.001 -13"><span class='ocrx_word' id='word_1_422' title='bbox 940 5053 1095 5126; x_wconf 78' lang='lat' dir='ltr'>Guustcu</span> <span class='ocrx_word' id='word_1_423' title='bbox 1123 5053 1182 5124; x_wconf 74' lang='lat' dir='ltr'>dee</span> <span class='ocrx_word' id='word_1_424' title='bbox 1211 5051 1269 5127; x_wconf 88' lang='lat' dir='ltr'>Kl.</span> <span class='ocrx_word' id='word_1_425' title='bbox 1305 5051 1522 5139; x_wconf 77' lang='lat' dir='ltr'>Wennipseu.</span> <span class='ocrx_word' id='word_1_426' title='bbox 1579 5050 1683 5126; x_wconf 78' lang='grc'><em>1288</em></span> <span class='ocrx_word' id='word_1_427' title='bbox 1711 5054 1899 5126; x_wconf 78' lang='lat' dir='ltr'>November</span> <span class='ocrx_word' id='word_1_428' title='bbox 1925 5059 1958 5129; x_wconf 80' lang='lat'>4.</span> 
     </span>
    </p>
   </div>
   <div class='ocr_carea' id='block_1_12' title="bbox 576 5157 2529 5379">
    <p class='ocr_par' dir='ltr' id='par_1_12' title="bbox 576 5157 2529 5379">
     <span class='ocr_line' id='line_1_41' title="bbox 576 5157 2529 5276; baseline -0.001 -24"><span class='ocrx_word' id='word_1_429' title='bbox 576 5186 631 5254; x_wconf 84' lang='lat' dir='ltr'>Or.</span> <span class='ocrx_word' id='word_1_430' title='bbox 655 5192 698 5252; x_wconf 82' lang='lat' dir='ltr'>im</span> <span class='ocrx_word' id='word_1_431' title='bbox 721 5186 793 5273; x_wconf 78' lang='lat' dir='ltr'>Kpl.</span> <span class='ocrx_word' id='word_1_432' title='bbox 817 5184 920 5252; x_wconf 73' lang='lat' dir='ltr'>sc-A.</span> <span class='ocrx_word' id='word_1_433' title='bbox 944 5209 983 5250; x_wconf 83' lang='lat' dir='ltr'>zu</span> <span class='ocrx_word' id='word_1_434' title='bbox 1007 5184 1182 5264; x_wconf 81' lang='lat' dir='ltr'>Hannover,</span> <span class='ocrx_word' id='word_1_435' title='bbox 1215 5182 1398 5272; x_wconf 75' lang='lat' dir='ltr'>Wennipaen</span> <span class='ocrx_word' id='word_1_436' title='bbox 1420 5184 1482 5250; x_wconf 80' lang='lat' dir='ltr'>Nr.</span> <span class='ocrx_word' id='word_1_437' title='bbox 1499 5183 1552 5251; x_wconf 86' lang='lat'>76.</span> <span class='ocrx_word' id='word_1_438' title='bbox 1599 5186 1695 5253; x_wconf 77' lang='lat' dir='ltr'>Gedr.</span> <span class='ocrx_word' id='word_1_439' title='bbox 1719 5189 1802 5253; x_wconf 76' lang='lat' dir='ltr'>noel</span> <span class='ocrx_word' id='word_1_440' title='bbox 1824 5191 1893 5254; x_wconf 67' lang='grc'><strong>0000</strong></span> <span class='ocrx_word' id='word_1_441' title='bbox 1913 5187 1967 5255; x_wconf 82' lang='lat' dir='ltr'>Or.</span> <span class='ocrx_word' id='word_1_442' title='bbox 1990 5213 2017 5257; x_wconf 86' lang='lat' dir='ltr'>o.</span> <span class='ocrx_word' id='word_1_443' title='bbox 2035 5187 2232 5276; x_wconf 80' lang='lat' dir='ltr'>Hodenberp,</span> <span class='ocrx_word' id='word_1_444' title='bbox 2258 5187 2457 5274; x_wconf 79' lang='lat' dir='ltr'>Celenderper</span> <span class='ocrx_word' id='word_1_445' title='bbox 2528 5157 2529 5184; x_wconf 35' lang='lat'>¹</span> 
     </span>
     <span class='ocr_line' id='line_1_42' title="bbox 660 5289 1705 5379; baseline 0.003 -21"><span class='ocrx_word' id='word_1_446' title='bbox 660 5291 730 5359; x_wconf 85' lang='lat' dir='ltr'>UB.</span> <span class='ocrx_word' id='word_1_447' title='bbox 755 5293 850 5358; x_wconf 70' lang='lat' dir='ltr'>Ain.</span> <span class='ocrx_word' id='word_1_448' title='bbox 883 5291 952 5372; x_wconf 86' lang='lat' dir='ltr'>VII,</span> <span class='ocrx_word' id='word_1_449' title='bbox 979 5291 1013 5358; x_wconf 83' lang='lat' dir='ltr'>S.</span> <span class='ocrx_word' id='word_1_450' title='bbox 1038 5289 1081 5356; x_wconf 80' lang='lat'>46</span> <span class='ocrx_word' id='word_1_451' title='bbox 1107 5290 1163 5358; x_wconf 77' lang='lat' dir='ltr'>Nr.</span> <span class='ocrx_word' id='word_1_452' title='bbox 1189 5289 1241 5357; x_wconf 86' lang='lat'>76.</span> <span class='ocrx_word' id='word_1_453' title='bbox 1287 5290 1415 5358; x_wconf 66' lang='grc'><strong>800000</strong></span> <span class='ocrx_word' id='word_1_454' title='bbox 1437 5290 1485 5357; x_wconf 78' lang='lat' dir='ltr'>bei</span> <span class='ocrx_word' id='word_1_455' title='bbox 1513 5289 1705 5379; x_wconf 75' lang='lat' dir='ltr'>Wetmipsm.</span> 
     </span>
    </p>
   </div>
   <div class='ocr_carea' id='block_1_13' title="bbox 0 0 2550 6768">
    <p class='ocr_par' dir='ltr' id='par_1_13' title="bbox 0 0 2550 6768">
     <span class='ocr_line' id='line_1_43' title="bbox 0 0 2550 6768; baseline 0 0"><span class='ocrx_word' id='word_1_456' title='bbox 0 0 2550 6768; x_wconf 95' lang='lat' dir='ltr'> </span> 
     </span>
    </p>
   </div>
  </div>
 </body>
</html>
