5062 6776
1128 423 1197 478 me
1758 487 1761 493 ,
2114 409 2177 474 355

151 625 308 692 Lutbeke
332 625 545 708 postmodum
568 622 856 705 comparuissetis,
887 621 999 704 ipsum
1021 619 1107 704 ius¹)
1129 622 1327 702 patronatus
1354 618 1391 682 in
1420 638 1535 684 eorum
1565 619 1720 684 manibus
1744 618 1836 684 nulla
1863 619 1998 702 penitus
2026 620 2179 704 apposita

150 732 347 799 conditione
362 732 432 795 sive
448 728 669 812 promissione
691 728 787 793 vobis
809 727 899 794 facta
920 727 1023 792 libere
1046 725 1248 809 resignastis,
1273 730 1307 792 et
1329 725 1454 808 audito,
1478 745 1579 808 quam
1602 727 1744 808 graviter·
1767 745 1827 808 per
1849 725 1930 791 iuris
1952 726 2178 810 ignoranciam

151 838 352 919 excessistis,
376 838 536 903 exeuntes
560 835 603 900 ab
626 832 765 900 ecclesia
787 833 951 916 Lutbeke,
982 832 1040 898 ubi
1064 853 1084 896 a
1105 833 1201 897 vobis
1229 831 1408 916 resignatio
1432 832 1520 897 facta
1546 830 1626 914 tuit,
1660 831 1743 914 quid
1774 833 1859 898 circa
1887 853 1947 898 vos
1976 836 2009 920 et
2031 837 2179 900 vestrum

150 936 400 1012 monasterium
427 942 514 1007 toret
546 940 771 1006 ordinandum
804 942 837 1006 et
872 939 1035 1023 agendum
1069 939 1245 1022 ignorastis
1279 939 1425 1004 omnino.
1474 937 1692 1004 Postmodum
1727 943 1840 1004 autem
1874 940 1986 1022 spacio
2020 941 2178 1024 temporis

152 1051 330 1117 interiecto
352 1069 413 1114 vos
437 1049 480 1114 ad
503 1048 667 1113 dictorum
690 1047 850 1130 prepositi
874 1049 907 1110 et
930 1046 1051 1129 prioris
1076 1044 1283 1128 presenciam
1307 1046 1503 1110 accedentes
1527 1045 1753 1127 penitenciam
1776 1046 1975 1129 acceptastis
1998 1047 2178 1131 humiliter,

152 1177 258 1240 quam
280 1156 381 1221 iidem
402 1154 497 1220 vobis
520 1154 693 1237 iniungere
716 1153 902 1218 voluerunt.
949 1151 1102 1217 iniuncta
1130 1172 1207 1217 vero
1229 1151 1420 1234 penitencia
1448 1151 1523 1217 talis
1548 1151 1620 1233 luit,
1654 1151 1743 1234 quod
1772 1153 1863 1216 omni
1893 1156 1986 1217 sexta
2013 1153 2095 1219 teria
2118 1175 2179 1238 per

151 1265 319 1346 integrum
343 1281 467 1327 annum
491 1259 640 1342 quelibet
662 1279 757 1323 soror
781 1260 822 1324 de
845 1261 955 1324 vestro
979 1259 1145 1324 conventu
1175 1257 1382 1340 corporalem
1410 1277 1511 1322 unam
1540 1257 1703 1340 acciperet
1735 1257 1945 1340 disciplinam
1973 1260 2103 1344 etipsa
2127 1261 2181 1327 die

152 1371 227 1435 solo
255 1368 379 1435 ferculo
414 1367 477 1432 cibi
512 1365 806 1450 quadragesimalis
841 1367 998 1429 contenta
1024 1366 1176 1428 maneret
1205 1363 1240 1428 in
1264 1383 1395 1445 mensa,
1430 1364 1512 1428 item
1536 1364 1627 1446 quod
1659 1383 1718 1447 per
1753 1384 1880 1430 annum
1914 1385 2015 1432 unam
2043 1368 2180 1434 missam

152 1475 300 1542 votivam
325 1495 385 1558 per
400 1473 607 1556 spiritualem
630 1471 799 1537 decantari
815 1470 966 1536 faceretis
990 1469 1209 1553 capellanum,
1233 1469 1313 1534 item
1329 1471 1421 1553 quod
1444 1469 1582 1552 singulis
1606 1470 1701 1534 annis
1725 1470 1761 1535 in
1784 1472 1869 1537 festo
1884 1474 2020 1554 patroni
2042 1474 2182 1540 ecclesie

152 1583 190 1647 in
206 1582 423 1664 Risenb(elre)
447 1581 697 1661 imperpetuum
712 1596 817 1641 unum
839 1595 973 1641 cereum
988 1576 1069 1659 poni
1090 1575 1242 1642 faceretis
1266 1575 1301 1640 in
1319 1576 1457 1641 ecclesia
1472 1581 1657 1641 memorata
1664 1575 1703 1658 ²),
1728 1578 1781 1642 cui
1796 1598 1857 1660 per
1873 1577 2021 1645 illicitam
2038 1581 2177 1664 emptio·

152 1708 232 1754 nem
255 1688 376 1752 iniuria
399 1687 508 1751 luerat
523 1685 677 1767 irrogata,
699 1684 801 1749 trium
816 1703 895 1749 vero
911 1683 1071 1747 librarum
1087 1683 1199 1766 cerel)
1223 1682 1324 1748 debet
1347 1702 1462 1748 cereus
1487 1703 1571 1763 esse,
1595 1683 1653 1766 qui
1677 1685 1719 1748 ab
1743 1684 1882 1750 ecclesia
1906 1706 1973 1752 non
1996 1688 2182 1753 tolleretur.

153 1797 240 1861 Post
272 1795 334 1858 hec
364 1792 578 1878 presentibus
607 1791 770 1857 Gerberto
801 1791 922 1855 abbate
958 1790 1000 1854 de
1029 1790 1153 1854 Soinna
1187 1792 1221 1854 et
1243 1789 1439 1855 Wilbrando
1467 1789 1639 1872 preposito
1674 1790 1870 1857 monialium
1898 1792 1933 1856 in
1964 1793 2181 1878 Neyntborpe

154 1921 289 1967 necnon
313 1902 347 1964 et
363 1900 556 1964 Hermanno
578 1898 725 1980 plebano
749 1897 790 1961 de
808 1897 957 1962 Lutbeke
980 1895 1212 1979 disquisitione
1234 1895 1322 1960 facta
1336 1895 1486 1978 visoque,
1503 1897 1594 1978 quod
1610 1899 1800 1962 contractus
1823 1896 2017 1963 huiusmodi
2039 1899 2183 1967 rescindi

152 2028 224 2073 non
246 2008 379 2089 poterat
402 2005 475 2070 sine
498 2003 692 2086 gravissima
718 2001 909 2068 monasterii
932 2001 1034 2066 vestri
1057 2001 1193 2083 lesione,
1218 2000 1425 2082 memorant)
1449 2002 1640 2086 prepositus
1669 2005 1702 2067 et
1724 2003 1817 2087 prior
1839 2024 1914 2069 cum
1938 2007 2183 2089 approbatione

152 2112 366 2196 presencium
390 2115 471 2176 tunc
493 2109 620 2174 ibidem
641 2111 711 2173 tam
734 2108 864 2174 abbatis
888 2127 991 2191 quam
1014 2108 1155 2172 aliorum
1181 2108 1293 2191 ipsum
1316 2108 1368 2172 ius
1392 2111 1590 2191 patronatus
1614 2109 1710 2173 vobis
1734 2113 1767 2174 et
1791 2111 1929 2176 ecclesie
1952 2115 2061 2178 vestre
2086 2113 2183 2179 resti-

151 2223 291 2285 tuerunt
316 2220 356 2283 de
380 2217 488 2302 gracia
511 2214 663 2300 speciali,
687 2235 789 2298 quam
817 2214 987 2278 habeth
1017 2234 1058 2278 ex
1081 2217 1269 2278 nostrarum
1298 2213 1463 2279 beneficio
1486 2215 1686 2293 litterarum,
1721 2219 1759 2280 ut
1782 2236 1841 2280 vos
1865 2217 1953 2283 idem
1976 2219 2029 2283 ius
2053 2239 2122 2284 non
2146 2223 2184 2284 ut

152 2329 306 2410 emptum
329 2325 389 2390 sed
413 2326 451 2388 ut
474 2324 636 2388 donatum
659 2322 754 2386 vobis
777 2322 820 2386 ab
843 2320 1092 2402 Osnaburgensi
1122 2320 1261 2384 ecclesia
1283 2323 1449 2403 perpetuo
1472 2321 1623 2386 teneatis.
1678 2321 1765 2400 Quia
1788 2323 1887 2406 igitur
1909 2344 1930 2389 a
1952 2325 2050 2390 nobis
2074 2326 2183 2390 humi-

152 2433 231 2498 liter
263 2431 452 2514 postulatis,
482 2429 643 2511 quatinus
671 2426 863 2493 huiusmodi
892 2446 1087 2509 processum
1121 2427 1316 2491 confirmare
1352 2427 1462 2493 denuo
1498 2447 1704 2510 curaremus,
1739 2448 1799 2493 nos
1830 2431 2059 2510 attendentes,
2091 2433 2183 2515 quod

150 2541 329 2604 voluntate
353 2557 391 2602 ac
413 2537 588 2620 proposito
613 2533 774 2599 maleficia
804 2533 1039 2616 distinguntur,
1063 2553 1137 2598 cum
1167 2553 1236 2596 non
1264 2552 1305 2596 ex
1333 2531 1465 2598 malicia
1494 2535 1555 2598 sed
1581 2535 1697 2617 pocius
1726 2555 1766 2600 ex
1788 2534 1868 2600 iuris
1890 2536 2082 2618 ignorancia
2104 2558 2182 2621 pec-

152 2645 307 2711 caveritis
335 2645 372 2710 in
402 2643 573 2724 emptione
601 2640 742 2724 prelata,
769 2658 967 2722 processum
994 2638 1197 2704 antedictum
1232 2639 1441 2723 graciamque
1470 2641 1696 2724 dispensative
1725 2641 1820 2706 vobis
1855 2645 1889 2707 et
1911 2643 2049 2709 ecclesie
2072 2648 2183 2708 vestre

150 2751 277 2816 factam
300 2750 525 2833 approbamus
547 2750 589 2835 let
611 2751 720 2811 ratam
742 2765 818 2810 eam
842 2765 975 2810 manere
998 2745 1148 2811 volentes
1172 2747 1288 2810 tenore
1311 2746 1521 2828 presencium
1544 2746 1790 2812 confirmamus.
1835 2747 1875 2812 ln
1898 2749 1993 2814 cuius
2016 2750 2064 2814 rei
2089 2751 2182 2816 testi-

150 2859 306 2925 monium
328 2856 473 2939 sigillum
495 2857 647 2919 nostrum
673 2852 887 2935 presentibus
908 2853 959 2917 est
975 2870 1169 2933 appensum.
1209 2852 1330 2916 Datum
1346 2852 1592 2938 Osen(brugge)
1609 2872 1696 2917 anno
1713 2853 1845 2919 Domini
1861 2854 2181 2938 M⁰CC⁰LXX⁰VIII⁰‚
2250 2876 2258 2890 ·

150 2963 191 3028 in
213 2962 324 3046 vigilia
347 2960 621 3026 annuntiationis,

375 3068 396 3134 ¹)
414 3065 475 3120 Oa:
494 3067 569 3121 iuris.
607 3065 629 3126 ²)
647 3064 708 3117 Or..·
727 3079 834 3117 memor.
873 3062 896 3133 ⁸)
915 3079 973 3116 cere
991 3062 1057 3116 iiber
1076 3063 1124 3115 der
1142 3061 1228 3114 Zeila.

294 3154 348 3218 Or.
372 3159 415 3218 im
438 3152 511 3240 qu.
538 3153 642 3220 sc-A.
667 3175 707 3216 zu
729 3153 879 3230 Mirator,
905 3150 1113 3217 Gravealcorat
1134 3149 1195 3217 Nr.
1219 3149 1273 3217 27.
1312 3152 1361 3214 An
1387 3150 1702 3238 Perpamentrtreifen
1724 3159 1759 3218 in
1781 3157 1917 3219 werasem
1949 3153 2055 3219 Waclrs
2081 3154 2185 3242 δέομαί

369 3262 423 3327 dea
447 3260 595 3340 Biaclofa
617 3262 674 3323 mit
699 3256 892 3343 Rdcksiepal.

1116 3457 1221 3534 1123.

149 3587 302 3676 Bisclrof
336 3584 482 3677 Volqain
517 3607 582 3656 ooo
611 3585 761 3656 Mindon
794 3583 950 3672 emkoaft
984 3584 1051 3655 deo
1083 3584 1235 3655 Zabulon
1268 3585 1306 3655 io
1334 3585 1484 3656 Holdam
1516 3587 1593 3657 dem
1620 3583 1741 3658 Braao
1770 3587 1928 3661 Gratisob
1961 3591 2032 3662 und
2066 3592 2185 3664 dassen

585 3691 685 3762 Fron
713 3690 785 3762 aad
811 3689 903 3761 Solo
931 3691 1001 3778 aas
1021 3690 1227 3766 Leaenseeu.
1283 3690 1431 3762 Mindon
1459 3688 1563 3764 1278
1592 3694 1673 3763 Mai
1695 3691 1756 3768 15.

263 3809 449 3893 Volquinus
472 3809 532 3874 Dei
560 3809 664 3891 gratia
687 3807 868 3874 Mindensis
899 3809 1038 3873 ecclesie
1066 3809 1244 3892 episcopus
1267 3809 1422 3872 omnibus
1452 3810 1495 3875 ad
1518 3830 1604 3892 quos
1634 3831 1773 3894 presens
1805 3814 1966 3896 scriptum
1997 3817 2185 3897 pervenerit

150 3918 298 3982 salutem
320 3917 355 3980 in
379 3916 521 3981 Domino
546 3916 797 3997 sempiternam.
844 3914 895 3978 Ne
927 3915 1093 3979 derebus
1122 3914 1225 3998 gestis
1255 3915 1383 3979 oriatur
1410 3917 1549 3980 materia
1578 3917 1776 3999 questionis,
1805 3918 1979 3984 hominum
2012 3921 2186 3986 consuevit

149 4023 320 4088 industria
348 4042 405 4088 eas
440 4022 475 4086 in
507 4021 618 4104 lingua
649 4020 784 4084 testium
812 4039 973 4102 reponere
1008 4039 1068 4085 seu
1102 4021 1268 4102 scripture
1298 4021 1490 4085 testimonio
1522 4022 1745 4105 perhennare.
1792 4024 1880 4090 Hine
1903 4028 1964 4106 est,
1993 4027 2084 4108 quod
2114 4031 2184 4092 tam

149 4131 334 4212 presentes
370 4148 471 4212 quam
495 4127 622 4212 posteri
645 4146 744 4192 nosse
768 4127 902 4205 debent,
936 4128 1026 4210 quod
1050 4146 1111 4191 nos
1134 4125 1286 4191 Bruuoni
1309 4127 1398 4191 dicto
1423 4128 1464 4192 de
1492 4127 1643 4193 Gretizch
1670 4130 1704 4192 et
1728 4130 1827 4195 Grete
1852 4132 1945 4196 uxori
1969 4152 2030 4196 sue
2054 4151 2186 4198 necnon

149 4234 298 4300 lohanni
313 4234 382 4300 lilio
404 4234 597 4300 eorumdem
620 4233 662 4298 de
685 4233 834 4299 unanimi
858 4233 995 4298 oonsilio
1019 4234 1127 4298 nostri
1152 4233 1289 4316 capituli
1313 4235 1346 4298 et
1369 4252 1535 4299 consensu
1558 4234 1687 4299 fructus
1713 4235 1839 4301 decime
1862 4239 1898 4302 in
1915 4237 2082 4303 Haledum
2108 4259 2184 4304 cum

152 4341 249 4408 omni
272 4341 416 4406 utilitate
440 4341 577 4406 eiusad
600 4343 752 4424 tempora
774 4341 842 4405 vite
870 4359 983 4404 eorum
1005 4338 1216 4404 vendidimus
1248 4339 1384 4424 pacifice
1413 4339 1644 4422 possidendos.
1693 4342 1768 4407 Hiis
1791 4361 1871 4406 vero
1901 4344 2009 4408 tribus
2031 4345 2183 4427 personis

149 4449 222 4512 iarn
245 4447 405 4530 predictis
429 4447 517 4512 viam
540 4447 695 4512 universe
718 4445 826 4510 carnis
849 4447 1007 4529 ingressis
1030 4448 1064 4511 et
1085 4465 1153 4511 non
1177 4447 1271 4530 prius
1294 4446 1420 4511 fructus
1444 4446 1596 4510 eiusdem
1622 4449 1748 4513 decime
1773 4449 1816 4515 ad
1839 4469 1920 4515 usus
1937 4470 2051 4516 mense
2069 4455 2183 4517 nostre

150 4554 260 4620 iibere
284 4556 501 4632 revertentur,
525 4573 587 4618 nec
611 4553 749 4618 heredes
772 4552 945 4618 hominum
966 4551 1170 4636 prelatorum
1194 4555 1433 4636 postmortem
1458 4571 1572 4617 eorum
1595 4554 1659 4618 sibi
1676 4555 1729 4619 ius
1747 4555 1883 4638 aliquod
1897 4556 1933 4620 in
1949 4556 2039 4622 dicta
2057 4557 2184 4624 decima

151 4660 328 4727 debebunt
351 4663 410 4726 aut
432 4661 592 4743 potarunt
616 4658 802 4724 vendicare.
849 4659 888 4723 In
913 4659 1007 4724 cuius
1030 4659 1077 4723 rei
1099 4659 1326 4724 testimonium
1349 4678 1487 4743 presens
1511 4659 1671 4743 scriptum
1698 4660 1850 4726 dedimus
1873 4660 1989 4744 sigillis
2013 4665 2126 4727 nostro
2150 4667 2185 4729 et

151 4765 292 4848 capituli
316 4765 518 4832 roboratum.
564 4766 686 4831 Actum
716 4767 750 4829 et
773 4765 889 4829 datum
911 4765 1023 4830 Minde
1052 4785 1140 4830 anno
1165 4765 1297 4830 Domini
1322 4765 1496 4830 millesimo
1525 4767 1755 4832 ducentesimo
1783 4769 2029 4851 septuagesimo
2054 4771 2184 4853 octavo,

150 4872 237 4938 Idus
258 4872 352 4950 Maii,
386 4872 600 4955 presentibus
628 4871 761 4937 domino
792 4871 964 4937 Gherardo
993 4872 1118 4936 decano
1153 4871 1293 4936 ecclesie
1322 4876 1451 4950 nostre,
1488 4872 1643 4937 Conrado
1676 4873 1847 4956 preposito
1880 4874 1986 4938 sancti
2007 4873 2182 4960 Johannis,

148 4977 362 5061 Wythegone
384 4977 553 5062 preposito
577 4978 683 5042 sancti
698 4978 844 5059 Martini,
866 4977 1015 5042 Arnoldo
1037 4978 1246 5042 thesaurario
1270 4978 1410 5043 ecclesie
1433 4981 1557 5058 nostre,
1581 4979 1776 5044 Hermanno
1799 4980 1943 5062 plebano
1963 4981 2006 5045 de
2022 4981 2185 5082 Lutbeke,

147 5084 291 5150 Artusio
315 5084 488 5166 capellano
513 5087 638 5163 nostro,
662 5083 793 5166 Syfrido
817 5084 945 5150 notario
969 5085 1096 5165 nostro,
1120 5083 1292 5149 Gherardo
1316 5084 1423 5149 Lusco
1450 5087 1485 5149 et
1508 5085 1668 5151 Wernero
1693 5086 1735 5150 de
1757 5085 1982 5168 Neghenborn
2004 5087 2182 5168 militibus3

146 5191 353 5272 Marquardo
377 5191 418 5256 de
442 5189 605 5271 Oltleteu,
628 5189 775 5256 Justacio
799 5191 841 5255 de
864 5190 1131 5271 Haddeuhusen,
1155 5189 1331 5257 Tbiderico
1355 5192 1398 5257 de
1420 5191 1558 5271 Redhe,
1582 5191 1706 5256 Ottone
1731 5191 1854 5275 Trepel
1878 5195 1912 5258 et
1933 5193 2086 5276 pluribus
2110 5194 2186 5262 aliis

143 5301 224 5363 tam
247 5295 373 5361 clericis
396 5316 498 5379 quarn
521 5297 613 5362 laicis
636 5295 702 5362 fide
726 5295 843 5380 dignis.

288 5399 381 5466 Nocl
403 5404 471 5468 dem
494 5399 604 5466 Druck
637 5399 849 5480 Wrirdrwea'ns,
875 5399 965 5467 subs.
988 5402 1062 5486 dipl.
1087 5398 1148 5479 XI,
1174 5399 1207 5466 S.
1232 5399 1275 5468 87
1299 5402 1485 5468 ωὲεάινὴοίε.
1535 5401 1648 5488 Regem
1671 5403 1747 5470 Mac.
1773 5400 1818 5482 ll,
1844 5401 1935 5469 1890
1958 5400 2020 5469 Nr.
2044 5403 2122 5470 941.

1902 5513 1968 5577 45⁸
