5168 6798
1089 464 1158 520 1254
2083 447 2152 514 177

117 664 223 735 Marie
246 683 287 730 ac
308 665 399 732 totus
423 663 496 730 eius
520 666 704 730 conventus
727 660 824 730 nobis
847 659 1083 743 conquerendo
1106 657 1346 741 significarunt,
1370 659 1462 742 qnod
1484 655 1651 740 sigebodo
1668 660 1701 726 et
1718 656 1897 724 Bertoldus
1914 657 2014 725 villici
2031 680 2149 731 earum

117 772 319 854 pensionem
354 770 403 836 eis
434 770 585 837 debitam
615 767 669 834 die
701 767 744 832 ad
766 769 831 834 hoc
860 769 985 834 statuto
1015 765 1141 832 scilicet
1173 764 1319 832 crastino
1343 765 1433 830 Luce
1456 762 1669 846 ewangeliste
1692 763 1814 830 nuncio
1838 784 1899 832 suo
1922 768 2060 849 propter
2083 768 2156 838 hoc„

118 877 319 946 nasmisso
339 875 475 942 minime
499 875 672 941 solverunt
693 892 756 938 nec
779 873 901 938 nuncio
924 891 986 938 suo
1009 871 1130 938 iterato
1154 871 1352 941 transmisso
1375 872 1410 938 in
1432 872 1589 937 cathedra
1610 870 1701 938 Petri
1723 871 1853 936 solvere
1875 875 2044 954 curarunt,
2068 873 2148 940 licet

119 983 327 1052 sufficienter
361 981 535 1048 ammoniti
565 1000 585 1046 a
616 980 814 1046 Gevehardo
847 979 888 1045 de
916 979 1192 1062 Werniggerothe
1219 983 1252 1042 et
1281 977 1393 1044 Olrico
1428 978 1470 1044 de
1499 978 1711 1061 Regenstene
1746 977 1924 1045 comitibus
1955 980 1990 1044 et
2012 979 2148 1046 domino

120 1091 277 1173 Clononi)
301 1089 476 1156 scolastico
493 1085 657 1154 Mindensi
681 1085 815 1154 arbitris
838 1086 882 1151 ad
903 1086 967 1152 hoc
990 1105 1030 1150 ex
1046 1089 1188 1170 utraque
1204 1087 1300 1167 parte
1316 1085 1461 1167 statutis,
1478 1085 1563 1150 sicut
1579 1085 1642 1150 sub
1658 1103 1747 1167 pena
1762 1085 1963 1167 perdicionis
1981 1085 2149 1154 dictorum

119 1199 287 1264 bonorum
321 1215 359 1262 se
388 1195 557 1266 soluturos
592 1195 647 1259 die
681 1193 832 1276 predicto
865 1190 1100 1274 promiserant.
1147 1191 1216 1256 Nos
1244 1190 1343 1274 igitur
1373 1189 1503 1256 inim-iis
1526 1209 1641 1256 earum
1665 1192 1908 1276 compatientes
1932 1193 1964 1258 et
1988 1192 2150 1278 precibus.

118 1302 303 1370 earundem
325 1300 478 1368 inclinati
500 1299 685 1368 venditioni
707 1297 921 1364 villicationis
945 1317 1006 1364 sue
1029 1297 1065 1363 in
1088 1298 1297 1381 Nienthorpe
1320 1316 1496 1363 assensum
1518 1299 1552 1364 et
1574 1296 1846 1364 ratihabitionem
1869 1301 2008 1384 propter
2032 1318 2151 1366 earum

118 1409 357 1474 necessitatem
380 1406 535 1473 duximus
558 1405 796 1484 adhibendum,
820 1404 1048 1488 supplicantes
1071 1405 1167 1470 vobis
1190 1424 1252 1488 pro
1276 1403 1411 1486 eisdem,
1435 1404 1595 1487 quatinus
1617 1404 1741 1470 intuitu
1763 1405 1862 1470 beate
1885 1405 1988 1471 Maris
2010 1404 2148 1490 virginis

118 1535 158 1581 ao
181 1514 289 1581 nostri
317 1513 444 1578 servitii
477 1532 534 1580 eas
557 1514 593 1577 in
617 1513 709 1578 dicta
730 1510 925 1578 venditione
955 1513 1056 1594 prout
1079 1509 1172 1576 scitis
1196 1510 1319 1576 utiliter
1341 1511 1574 1594 promoveatis.
1621 1512 1744 1578 Datum
1767 1511 1878 1578 Minde
1901 1531 1990 1578 anno
2014 1511 2150 1584 Domini

116 1619 392 1700 ll⁰.CC⁰.L⁰Illl.,
415 1620 452 1683 V.
477 1618 560 1687 feria
583 1621 662 1685 ante
686 1616 807 1686 Letare
830 1617 1026 1684 Jerusalem.

259 1723 313 1792 Or.
337 1729 382 1788 ivn
403 1723 476 1810 Καὶ.
502 1722 609 1791 sc-A.
632 1745 673 1789 an
696 1724 846 1802 Mindon,
869 1746 895 1787 a.
912 1723 1021 1788 Maria
1042 1726 1076 1787 in
1093 1723 1221 1788 Mindon
1242 1721 1304 1789 Nr.
1320 1723 1353 1788 5.
1399 1722 1462 1788 Dia
1486 1722 1593 1788 beiden
1614 1721 1718 1809 Sieqel
1739 1745 1797 1788 von
1819 1724 1878 1788 den
1900 1723 2151 1810 Bafeatc'pnnqen

339 1830 522 1918 adpefallan.
572 1828 666 1896 θεάν.
695 1827 799 1909 Troas,
831 1827 996 1914 Weatfalio
1019 1827 1062 1905 II,
1085 1828 1119 1894 S.
1142 1827 1218 1894 343.
1266 1827 1453 1909 Neuendorf
1467 1828 1525 1896 Kr.
1552 1828 1732 1896 Salzwcdel.

1090 1974 1187 2051 609.

116 2104 198 2176 Das
227 2105 447 2191 Morienstilt
479 2104 518 2174 in
550 2103 700 2174 Minden
730 2102 803 2193 gibt
837 2103 913 2173 dem
946 2102 1192 2174 halberstddter
1220 2098 1424 2172 Kononilccr
1452 2100 1614 2172 Gerlard
1656 2101 1842 2173 Vollmccbt
1873 2124 1951 2172 anm
1995 2101 2151 2192 Verlvcnt

602 2209 664 2280 der
692 2208 802 2281 (latter
827 2209 865 2280 in
894 2207 1109 2297 Nenendcrf.
1166 2208 1315 2279 Minden
1344 2205 1446 2279 1254
1475 2207 1581 2278 Mr‘r'rz
1608 2211 1667 2280 20.

226 2327 311 2393 Vivis
335 2329 486 2394 discretis
510 2331 544 2392 et
566 2327 815 2394 venerabilibus
839 2327 983 2394 dominis
1007 2326 1207 2412 G(erhardo)
1232 2329 1267 2392 et
1290 2326 1452 2411 C(ononi)
1483 2325 1653 2392 canonicis
1679 2327 2022 2392 Halberstadensibus
2046 2329 2151 2412 M(ar·

115 2435 248 2519 garcia)
272 2435 334 2500 Dei
356 2434 466 2519 gracia
488 2434 668 2515 abbatissa,
692 2435 727 2499 F.
752 2434 888 2516 decana,
910 2433 1105 2499 Wolbertus
1129 2431 1308 2498 canonicus
1324 2434 1498 2516 totumque
1513 2432 1692 2518 collegium
1708 2433 1848 2498 ecclesie
1864 2436 1978 2500 sancte
1995 2435 2097 2500 Maria
2112 2435 2148 2500 in

115 2541 233 2608 ltlinda
254 2540 419 2606 sinceram
441 2542 478 2605 in
494 2540 636 2606 Domino
661 2541 830 2608 caritatem
854 2560 930 2605 cum
953 2538 1170 2607 orationibus.
1217 2538 1304 2617 Quia
1326 2541 1465 2622 propter
1488 2538 1682 2604 discrimina
1706 2539 1836 2606 viarum
1860 2560 1899 2605 ac
1915 2540 1989 2606 aliis
2006 2541 2147 2624 negotiis

115 2667 181 2714 nos
208 2647 468 2731 impedientibus
502 2647 545 2712 ad
575 2667 635 2712 vos
663 2646 883 2731 personaliter
919 2665 980 2728 pro
1009 2644 1203 2710 venditione
1237 2643 1448 2722 villicationis
1484 2647 1596 2711 nostre
1623 2645 1658 2710 in
1681 2645 1887 2731 Nienthorpe
1910 2648 2054 2712 transire
2078 2667 2147 2712 non

114 2773 309 2840 possumus,
332 2756 441 2818 vestre
457 2751 622 2831 fidelitati,
638 2754 773 2820 domine
789 2753 948 2834 Gerarde,
971 2751 1079 2816 vicem
1103 2753 1251 2817 nostram
1274 2751 1515 2818 committimus
1539 2755 1650 2816 ratum
1671 2752 1844 2833 habentes,
1868 2753 2030 2836 quioquid
2046 2774 2150 2838 super

114 2859 208 2926 dicta
241 2859 431 2926 venditione
463 2878 539 2924 cum
566 2858 706 2926 consilio
730 2857 856 2925 domini
880 2859 1028 2924 Cononis
1052 2855 1285 2924 ordinaveritis
1309 2859 1371 2924 sub
1395 2857 1659 2940 (reconditione,
1695 2861 1732 2923 ut
1756 2859 1844 2923 dicta
1867 2879 1997 2925 summa
2020 2860 2147 2926 scilicet
2225 2897 2230 2908 ·

110 2966 333 3049 septuaginta
365 2985 554 3032 marcarum
582 2966 712 3048 argenti
741 2965 920 3031 examinati
950 2964 1136 3030 secundum
1170 2964 1260 3048 quod
1283 2965 1319 3029 in
1343 2963 1454 3031 littera
1476 2967 1588 3030 vestra
1611 2964 1710 3030 nobis
1734 2963 1928 3048 scripsistis
1963 2968 2148 3032 secundum

108 3074 251 3156 pondus
278 3071 535 3138 Brunswicense
561 3072 597 3137 in
623 3070 910 3155 Reddageshusen
944 3069 1066 3136 nuncio
1102 3073 1216 3136 nostro
1251 3073 1465 3155 presentetur
1499 3072 1571 3136 sine
1594 3069 1816 3153 protelatione
1840 3072 1882 3135 ad
1906 3071 1995 3136 diem
2019 3073 2148 3137 adhoc

109 3179 215 3244 nobis
238 3199 259 3244 a
280 3177 376 3245 vobis
403 3177 645 3261 prefigendum‚
675 3179 757 3262 quia
784 3177 931 3244 diversos
954 3177 1092 3243 nuncios
1123 3177 1166 3242 ad
1193 3179 1258 3242 hoc
1286 3177 1513 3244 transmittere
1542 3178 1730 3260 nequimus.
1778 3179 1900 3243 Datum
1922 3178 2035 3245 llinde
2059 3199 2147 3246 anno

109 3284 253 3351 Domini
276 3284 559 3365 M⁰.GC⁰.L⁰.IIII.‚
583 3284 636 3350 VI.
660 3283 742 3349 feria
764 3285 842 3349 ante
866 3284 996 3349 Letare.

252 3388 308 3457 Or.
331 3392 376 3454 im
397 3388 471 3477 Καὶ.
498 3387 602 3456 St-A.
630 3412 671 3454 zu
692 3389 844 3468 Minnica
875 3412 900 3454 a.
925 3389 1035 3454 Mario
1060 3393 1095 3454 in
1117 3389 1245 3455 Mindon
1276 3387 1333 3455 Nr.
1357 3387 1389 3456 6.
1435 3387 1508 3453 Dua
1532 3387 1637 3474 Sieqel
1662 3412 1721 3454 oon
1744 3391 1812 3455 darn
1834 3412 1891 3455 oon
1913 3390 1970 3456 der
1997 3389 2150 3457 Urlrnnda

332 3498 465 3583 geldam
488 3495 804 3582 Perpamentvtreifen
827 3494 873 3560 ab.

108 3735 227 3826 Popst
258 3734 429 3806 Innocens
456 3731 526 3810 IV.
558 3731 756 3824 bennftrapl
794 3732 862 3804 den
893 3732 1046 3821 Bisclvof
1072 3606 1301 3824 (malind)
1341 3755 1406 3804 oon
1442 3733 1601 3824 blindan,
1641 3733 1697 3805 dte
1729 3730 1840 3823 Klopc
1883 3733 1944 3805 des
1983 3732 2150 3823 Bisclvofs

176 3839 381 3932 (Heinrich)
408 3861 473 3912 von
500 3839 716 3912 Hildeslvcim
741 3861 847 3930 pepon
874 3841 940 3912 den
966 3839 1037 3912 Aba
1062 3863 1126 3912 von
1154 3839 1227 3911 Zell
1252 3862 1297 3912 an
1322 3840 1557 3912 nntersnclven.
1613 3839 1770 3911 Lateran
1796 3838 1894 3910 1254
1920 3840 2027 3932 April
2058 3843 2092 3912 8.

250 3955 348 4024 (leur.
371 3953 482 4035 Finlce,
506 3955 581 4024 PU.
612 3955 719 4040 Weetf.
744 3955 779 4022 S.
801 3954 867 4019 244
891 3954 951 4023 Nr.
974 3956 1052 4021 534.
1103 3955 1202 4023 Under
1224 3957 1293 4022 dem
1311 3954 1343 4020 9.
1360 3957 1458 4043 April
1480 3957 1579 4023 erteilt
1601 3979 1635 4022 er·
1658 3979 1700 4021 an
1722 3956 1880 4023 denselben
1903 3957 1953 4022 die
1974 3957 2148 4043 Aust-raige,

332 4064 382 4128 die
406 4062 636 4149 Sarcitiglceiten
658 4062 815 4128 desselben
839 4062 987 4148 Biacbofa
1007 4086 1104 4150 pepon
1127 4064 1186 4128 den
1209 4063 1424 4128 hildesheimer
1444 4062 1620 4128 Dondverrn
1643 4061 1826 4128 Harnnann
1849 4063 1911 4129 bez,
1935 4063 1994 4128 dus
2017 4061 2148 4150 Kapitel

331 4191 389 4234 von
413 4167 521 4234 Simon
542 4169 610 4233 and
630 4168 734 4234 Judaa
755 4173 790 4235 in
816 4167 932 4234 Gestar
953 4191 994 4232 zu
1015 4169 1215 4248 mtacleiden,
1241 4193 1270 4233 α.
1296 4193 1325 4235 α.
1354 4167 1389 4234 0.
1413 4167 1473 4234 Nr.
1496 4167 1565 4233 535
1586 4169 1653 4234 nnd
1672 4167 1750 4235 536.

1093 4297 1176 4376 611.

108 4413 278 4496 Ᾰὸίὶεεὶα
307 4423 376 4494 Ida
403 4446 468 4495 uon
495 4422 657 4513 Herford
688 4421 879 4513 diercignet
912 4421 975 4494 der
1001 4422 1133 4496 Kirobo
1166 4425 1205 4495 in
1238 4423 1361 4514 Enper
1394 4424 1450 4494 cin
1481 4422 1538 4493 ilar
1570 4422 1659 4496 noob
1687 4421 1896 4496 Meierreolvt
1927 4424 2147 4496 anslehendca
2230 4477 2233 4486 .
2271 4399 2272 4402 ¹

108 4531 221 4604 Hans
248 4533 286 4602 in
314 4529 488 4602 samael
516 4526 729 4623 (Stenbike)
755 4551 862 4622 pepen
888 4529 963 4602 eine
988 4551 1053 4601 von
1071 4529 1250 4602 Altcrslver
1276 4529 1408 4619 doram
1423 4529 1613 4602 banniendo
1635 4529 1781 4602 Frnclct-
1799 4530 1873 4601 und
1890 4529 2145 4622 Honc'pobpcbe.

874 4636 1032 4725 Herford
1060 4635 1162 4709 1254
1191 4635 1297 4729 April
1324 4635 1382 4713 16.

253 4751 348 4820 θεάν.
378 4751 484 4834 Weatf.
514 4751 585 4818 ΠΒ.
610 4749 669 4831 IV,
696 4751 731 4819 S.
753 4750 818 4816 331
843 4751 905 4818 Nr.
928 4752 1004 4819 557.
1053 4751 1214 4820 Steinbeck
1238 4753 1285 4820 ba·
1305 4751 1420 4840 Enqer.

1089 4882 1176 4960 612.

107 5008 235 5097 Kdnig
270 5005 430 5080 Willvcln
464 5006 593 5079 belabat
623 5007 690 5078 den
715 5003 863 5096 Bisclmf
891 5008 1076 5084 cheldnd
1102 5031 1166 5082 von
1196 5009 1347 5082 Mindon
1379 5010 1442 5082 nn't
1475 5007 1538 5081 der
1570 5009 1640 5080 dm
1675 5030 1740 5080 oon
1766 5008 1902 5100 Herzog
1929 5007 2050 5082 albert
2078 5031 2146 5082 aon

107 5113 269 5188 Sochscn
298 5114 522 5204 rcaignierten
556 5113 839 5205 Freiprofsclrnft
872 5115 912 5186 in
945 5113 1163 5206 Stemwede,
1199 5115 1483 5188 Hoddenlvnnaen
1513 5115 1587 5188 and
1621 5113 1818 5188 Borthere.
1874 5116 1932 5186 In
1959 5115 2076 5207 Luper
2105 5118 2143 5188 in

846 5220 1109 5311 Westfriaalond
1134 5221 1233 5294 1254
1262 5223 1344 5295 Mai
1371 5227 1427 5296 18.

221 5335 421 5406 Wilhelmus
444 5339 506 5403 Dei
526 5338 635 5422 gratia
657 5339 889 5406 Romanorum
912 5359 970 5405 rex
990 5360 1123 5425 semper
1138 5341 1311 5427 Augustus
1334 5341 1497 5408 universis
1521 5341 1607 5407 sacri
1630 5340 1763 5423 imperii
1785 5340 1940 5408 fidelibus
1963 5346 2141 5425 presentes

106 5449 244 5514 litteras
278 5445 480 5529 inspecturis
514 5444 654 5529 gratiam
688 5465 785 5512 suam
815 5449 849 5512 et
878 5466 976 5512 omne
1006 5448 1142 5514 bonum.
1190 5448 1333 5513 (lumin
1356 5448 1505 5530 precelse
1529 5447 1702 5532 dignitatis
1725 5449 1942 5533 honorenos
1966 5449 2144 5532 pretulerit

221 5583 310 5629 Westl.
323 5583 464 5629 Urk·lluclr
479 5583 518 5626 VI.
1884 5577 1928 5642 23
