5062 6806
1026 513 1028 518 -
1064 485 1132 542 raas
2061 483 2105 551 85

91 681 131 746 de
147 677 400 746 Himmedesdor
421 677 493 760 lege
517 676 788 743 commutationis
812 679 971 745 donatum
995 681 1093 746 nobis
1115 683 1250 751 nomine
1271 683 1409 750 ecclesie
1426 685 1714 754 Hildensemensis
1730 708 1751 755 a
1766 691 1949 758 venerabili
1966 694 2102 761 domino
2233 755 2236 766 .

91 785 295 851 willehelmo
311 783 475 850 Mindensi
497 783 657 868 episcopo
678 782 752 850 iure
771 784 1038 852 ministerialium
1053 789 1240 880 recepimus
1256 790 1343 858 iuter
1358 793 1490 858 nostros
1506 795 1540 858 et
1553 811 1615 858 nos
1631 795 1817 878 iohannem
1832 795 1940 866 filium
1955 799 2106 868 Heinrici

94 893 131 958 de
152 891 277 958 Seinne
297 892 361 956 sub
383 891 615 974 prenomiuate
637 888 721 974 legis
744 892 845 957 modo
868 892 1104 960 redonavimus
1132 896 1271 964 ecclesie
1293 897 1470 979 Mindensi,
1506 901 1539 964 et
1560 900 1626 966 hoc
1648 900 1772 984 scripto
1795 903 1960 986 presentis
1984 906 2104 989 pagine

93 999 198 1084 palam
220 997 376 1064 omnibus
397 999 633 1081 protestamur.
679 998 801 1064 Datum
824 1016 913 1064 anno
936 999 1042 1082 gratie
1065 999 1417 1086 M⁰.CC⁰.XXX⁰.VIII⁰,
1440 1003 1558 1072 vn110,
1581 1006 1751 1074 Kalendas
1773 1008 1862 1091 Maii,
1891 1009 2106 1094 pontificatus

90 1104 187 1171 nostri
209 1123 296 1172 anno
319 1104 432 1171 xvir.
827 1139 829 1144 ,

219 1225 276 1292 Or.
301 1231 345 1293 im
371 1227 446 1313 Kpt.
471 1226 575 1294 ›Sc-A.
603 1251 644 1294 zu
670 1226 847 1308 Haanooer,
882 1229 936 1297 Kl.
959 1228 1115 1298 macerae
1138 1230 1200 1298 Nr.
1224 1231 1267 1298 13
1298 1237 1358 1300 mit
1381 1247 1438 1320 pat
1464 1235 1650 1304 eritaltcnem
1675 1234 1778 1323 seper
1804 1239 1857 1304 dea
1886 1237 2034 1324 Biaciofr
2061 1263 2105 1304 an

294 1334 619 1421 Pergamentatreifm.

134 1641 290 1732 Biachos
318 1643 476 1716 Witlrelm
501 1665 566 1716 ooo
596 1643 744 1716 Mindon
771 1643 1029 1824 bcstdtipffqgedm
1053 1517 1288 1828 {gaeson
1308 1646 1375 1720 dea
1402 1648 1519 1722 Beira
1545 1649 1607 1722 der
1634 1650 1765 1724 Kirclce
1792 1651 1830 1723 in
1857 1651 2048 1742 Dialiapcrc

936 1776 952 1823 a
1001 1774 1043 1826 ea
1225 1776 1298 1826 aar.

185 1883 420 1952 willehelmus
443 1886 505 1952 Dei
527 1886 633 1970 gratia
655 1887 839 1952 Mindensis
862 1888 1041 1972 episcopus
1064 1889 1228 1955 universis
1251 1889 1373 1956 Christi
1396 1890 1552 1957 fidelibus
1582 1896 1774 1976 presentem
1796 1893 1951 1977 paginam
1973 1893 2105 1978 inspec-

89 1991 166 2058 turis
188 1993 335 2058 salutern
358 1992 394 2058 in
417 1991 568 2059 Domino.
616 1983 809 2059 Petentium
832 1993 997 2061 desideria
1019 1995 1140 2062 merito
1164 1997 1398 2080 adimplentur,
1422 2019 1497 2064 cum
1521 1999 1613 2082 quod
1636 1999 1762 2082 petitur
1777 2020 1797 2065 a
1812 1999 1950 2066 rationis
1973 1999 2105 2066 tramite

88 2119 149 2166 non
172 2099 353 2166 discordat.
400 2099 565 2178 Quoniam
589 2099 689 2182 igitur
711 2119 731 2164 a
754 2100 915 2165 memoria
938 2102 1054 2166 nostra
1085 2121 1152 2168 non
1180 2103 1310 2184 excidit,
1345 2105 1488 2186 qualiter
1522 2105 1576 2188 pie
1610 2105 1786 2188 me(mon'e
1809 2104 1998 2192 (lonra)dus
2028 2125 2105 2190 pre-

87 2208 235 2273 decessor
259 2209 375 2273 noster
397 2207 495 2272 nobis
519 2207 629 2273 adhuc
649 2204 686 2271 in
709 2205 830 2272 minori
852 2206 962 2273 officio
985 2208 1174 2276 constitutis
1197 2209 1370 2282 ecclesiam
1392 2209 1427 2274 in
1450 2211 1581 2293 Dilinge
1604 2230 1681 2278 cum
1703 2213 1858 2278 omnibus
1882 2211 2105 2296 pertinemus

88 2313 163 2396 sulis
197 2313 343 2379 contulit
377 2314 517 2379 cenobio
541 2313 720 2380 Leverensi
754 2314 862 2382 tocius
886 2315 1023 2398 capituli
1047 2315 1154 2382 nostri
1177 2317 1355 2382 accedente
1376 2335 1554 2399 consensu,
1590 2317 1676 2384 sicut
1698 2317 1733 2382 in
1755 2319 1980 2385 instrumento
2003 2338 2105 2403 super

85 2421 142 2485 hoc
174 2421 331 2486 coniecto
365 2419 499 2505 plenius
532 2419 732 2502 continetur,
766 2439 828 2486 nos
860 2421 1076 2486 donationem
1098 2422 1191 2488 illam
1213 2425 1321 2489 ratam
1343 2423 1518 2505 habentes,
1553 2444 1619 2507 que
1642 2425 1780 2508 provide
1804 2445 1843 2490 ac
1866 2424 2106 2490 rationabiliter

87 2527 179 2611 iact(a
203 2530 267 2608 est,
292 2529 418 2612 i)psa1n
452 2526 607 2592 duximus
642 2525 915 2592 confirmandam.
962 2527 1060 2606 Quod
1083 2530 1123 2593 ut
1144 2529 1227 2594 nulli
1250 2529 1347 2594 cedat
1372 2531 1409 2594 in
1431 2529 1580 2611 dubium,
1615 2533 1807 2614 presentem
1829 2532 1985 2616 paginam
2007 2529 2106 2613 sigilli

86 2635 183 2699 nostri
219 2634 410 2700 munimine
445 2631 600 2698 duximus
629 2633 861 2699 roborandam.
920 2635 1043 2699 Datum
1071 2633 1183 2700 Minde
1218 2654 1306 2701 anno
1334 2635 1468 2700 Domini
1495 2635 1816 2720 M⁰CC⁰XXX⁰VIII⁰,
1851 2657 1966 2704 mense
1993 2637 2104 2720 lunio,

85 2737 295 2824 pontificatus
319 2741 426 2806 nostri
449 2759 538 2806 anno
560 2739 678 2824 primo.

213 2863 271 2930 Or.
295 2867 341 2928 im
362 2863 436 2949 Kpl.
462 2863 562 2931 sc-A.
588 2886 628 2928 zu
650 2863 801 2943 Mamor,
826 2861 945 2930 Leocrn
967 2861 1028 2928 Nr.
1052 2863 1105 2932 43.
1150 2864 1214 2930 Die
1240 2862 1319 2929 Urlc.
1344 2887 1387 2928 an
1408 2868 1485 2930 zwei
1508 2864 1622 2930 Stellen
1645 2867 1864 2935 durcildclrert.
1909 2867 1982 2932 Dos
2003 2871 2103 2953 wcnip

296 2969 488 3055 bacchidigte
514 2968 617 3055 Siepel
639 2970 693 3035 dea
715 2969 865 3049 Bisekofa
887 2972 963 3057 liept
984 2971 1047 3036 loce
1071 2971 1127 3050 ber,
1160 2970 1346 3056 Abbildunp
1364 2994 1389 3036 s.
1418 2968 1525 3053 Weatf.
1545 2970 1649 3059 Siegel
1670 2972 1747 3054 Hefl
1766 2971 1810 3054 II,
1838 2973 1911 3060 Taf.
1927 2974 1970 3039 54
1994 2972 2054 3040 Nr.
2070 2971 2102 3042 6.

1051 3203 1138 3282 314.

84 3329 261 3427 Magister
285 3329 470 3404 Geroldus
489 3335 528 3404 et
545 3329 735 3422 Nicotaus,
763 3329 933 3403 canonici
961 3331 1082 3403 sancti
1102 3330 1261 3404 Martini
1288 3332 1328 3404 in
1347 3332 1479 3406 Minde
1506 3333 1585 3406 sind
1612 3335 1750 3424 Zeupen
1768 3335 1830 3406 dor
1856 3336 2018 3408 Urkcede
2045 3337 2105 3409 des

81 3434 236 3528 Biscbofs
267 3437 421 3510 Koarod
447 3460 511 3510 ooo
537 3437 754 3510 Hitdoslceim
779 3437 841 3526 {atr
868 3437 933 3510 dos
952 3437 1012 3509 Kl.
1040 3437 1330 3528 Wctlfiophousca.
1383 3440 1614 3531 Wiozcaburp
1633 3439 1738 3514 1238
1756 3441 1942 3514 December
1960 3443 2102 3534 (1-6).

206 3571 264 3640 Or.
292 3577 338 3638 im
359 3572 435 3659 Kpl.
458 3571 566 3638 se-A.
596 3595 636 3638 zu
658 3571 835 3652 Hannone,
870 3573 923 3638 Kt.
954 3570 1203 3658 Wrilfinplrouam
1230 3572 1290 3639 Nr.
1314 3573 1345 3640 6.
1393 3574 1488 3642 deor.
1516 3601 1544 3645 o.
1568 3574 1765 3663 docento-9,
1803 3575 2004 3663 carmeyo·
2030 3576 2102 3646 ΗΒ.

294 3678 387 3747 Abel.
418 3678 507 3759 VIII,
533 3679 568 3745 S.
591 3679 614 3742 5
637 3677 697 3745 Nr.
720 3681 753 3759 5,
777 3702 824 3746 roo
846 3681 906 3743 das
927 3680 1043 3745 adicere
1064 3678 1137 3745 cbo
1159 3681 1219 3744 dae
1241 3680 1370 3746 Datum.

1051 3896 1138 3976 315.

82 4021 220 4115 Biccbol
261 4021 437 4098 Wilbelm.
456 4045 518 4094 oon
555 4023 706 4096 Mindon
738 4021 931 4115 steropas
962 4024 1039 4096 dan
1066 4021 1290 4097 Kiboreia
1321 4024 1441 4097 Erbca
1474 4027 1512 4097 in
1537 4027 1845 4119 ·Hdrdicpbouscn‚
1879 4029 1998 4101 ‚Deslel
2030 4031 2105 4102 aad

775 4130 827 4202 bai
854 4130 1060 4202 beremae.
1117 4129 1268 4204 Mindon
1296 4129 1405 4204 1238.

178 4264 419 4333 Willehelmus
448 4265 509 4331 Dei
536 4266 644 4350 gratia
671 4267 853 4333 Mindensis
887 4268 1067 4352 episcopus
1101 4268 1267 4333 universis
1301 4287 1441 4350 presens
1470 4269 1629 4352 scriptum
1657 4269 1856 4354 inspecturis
1891 4271 2034 4338 salutem
2068 4274 2104 4338 in

81 4371 224 4440 Domino.
272 4371 402 4438 Notum
425 4373 469 4436 sit
492 4373 660 4456 omnibus,
684 4375 774 4457 quod
797 4373 955 4440 Albanus
980 4375 1022 4440 de
1037 4374 1289 4459 Seringeworde
1312 4374 1450 4439 domum
1472 4377 1642 4459 quandam
1658 4377 1694 4441 in
1710 4376 1977 4460 Hordincbusen,
2002 4399 2104 4463 quam

80 4480 212 4546 anobis
248 4479 392 4544 tenebat
425 4479 463 4544 in
492 4479 601 4560 feodo,
637 4481 773 4563 accepta
808 4480 952 4564 quadam
982 4480 1124 4564 pecunie
1148 4467 1279 4545 summa
1302 4500 1321 4544 a
1345 4484 1514 4546 conventu
1538 4481 1717 4548 Leverensi
1741 4481 1776 4546 in
1799 4483 1954 4549 manibus
1978 4487 2102 4554 nostris

81 4584 227 4651 absolute
264 4585 459 4668 resignavit,
494 4585 647 4652 similiter
676 4588 712 4651 et
735 4605 819 4652 uxor
842 4606 903 4652 sua
927 4587 1100 4654 Gertrudis
1135 4588 1249 4653 multis
1280 4586 1419 4652 ecclesie
1442 4589 1557 4652 nostre
1581 4588 1749 4653 canonicis
1773 4591 1806 4653 et
1828 4590 2102 4660 ministerialibus

81 4693 291 4774 presentibus
325 4695 359 4756 et
387 4692 588 4758 videntibus.
636 4692 705 4757 Nos
737 4713 873 4776 quoque
907 4713 969 4778 pro
1006 4692 1157 4760 remedio
1192 4695 1302 4759 anime
1337 4696 1449 4758 nostre
1485 4695 1621 4759 domum
1655 4695 1763 4779 ipsam
1796 4696 1926 4780 prefato
1963 4698 2101 4766 cenobio

81 4793 255 4864 Leverensi
280 4797 485 4864 contulimus
508 4797 605 4864 firma
628 4801 663 4863 et
687 4801 852 4884 perpetua
875 4800 1071 4880 donacione‚
1106 4800 1244 4885 capituli
1271 4820 1309 4866 ac
1333 4801 1599 4866 ministerialium
1628 4803 1765 4868 ecclesie
1789 4807 1901 4870 nostre
1924 4806 2102 4872 accedente

80 4922 252 4972 consensu.
302 4906 462 4970 Preterea
484 4906 622 4971 domum
643 4905 678 4970 in
702 4905 801 4971 Desle
825 4908 859 4971 et
882 4908 1019 4974 domum
1041 4925 1148 4990 prope
1173 4907 1354 4973 Leverdike
1378 4927 1453 4972 curn
1475 4908 1620 4992 piscaria
1643 4912 1676 4974 et
1699 4908 1772 4974 aliis
1795 4909 2008 4994 pertinenciis
2031 4912 2102 4977 suis

81 5009 124 5074 eis
146 5011 387 5077 confirmamus
411 5011 530 5076 eodem
552 5012 636 5092 iure,
660 5033 727 5096 quo
751 5013 881 5078 abone
904 5011 1063 5078 memorie
1085 5012 1272 5100 C(onrad0)
1296 5017 1507 5080 antecessore
1530 5018 1646 5080 nostro
1662 5016 1752 5100 ipsas
1769 5017 1886 5081 domos
1902 5017 2101 5084 habuerunt.

80 5115 120 5178 Ut
140 5120 253 5183 autem
279 5137 385 5201 super
408 5118 472 5182 hiis
494 5117 530 5183 in
552 5120 724 5200 posterum
747 5118 892 5185 dubitari
908 5139 977 5185 non
992 5120 1112 5200 valeat,
1135 5121 1324 5204 presentem
1340 5121 1495 5205 paginam
1512 5121 1610 5206 sigilli
1626 5123 1732 5189 nostri
1747 5122 1931 5188 munimine
1947 5123 2101 5189 duximus

80 5221 313 5290 roborandam.
360 5225 483 5290 Datum
505 5225 617 5292 Minde
640 5245 729 5290 anno
753 5225 885 5290 Domini
907 5224 1241 5308 M⁰.CC⁰xxx0vl11⁰,
1264 5225 1480 5312 pontificatus
1503 5229 1609 5295 nostri
1632 5249 1720 5295 anno
1743 5228 1861 5313 primo.

204 5347 263 5413 Or.
289 5349 337 5412 inc
358 5345 431 5433 Kpl.
458 5346 563 5414 sc-A.
590 5369 632 5413 au
651 5349 804 5430 Mutuom,
838 5347 959 5415 Lenos
988 5347 1052 5416 Nr.
1076 5347 1130 5416 42.
1179 5347 1284 5436 Siepcl
1311 5351 1365 5414 dea
1394 5349 1539 5430 Babokofc
1572 5374 1629 5416 oon
1655 5356 1792 5416 weissen
1821 5350 1933 5418 Woeka
1965 5352 2014 5416 bie
2041 5361 2102 5433 aut
2176 5313 2177 5318 η

288 5453 388 5519 klcirre
411 5453 624 5534 Bmcolatr’ioke
645 5477 713 5520 corn
735 5453 1052 5541 Porpornmtctraifm
1075 5457 1127 5523 ab.
1172 5455 1437 5541 Hordinphamen
1459 5455 1492 5524 S.
1515 5456 1638 5524 Leccam
1659 5461 1703 5522 im
1726 5456 1821 5523 Krea'c
1843 5459 1941 5526 Melle.
