5062 6776
1092 431 1159 486 1277
2092 417 2157 484 339

135 633 220 712 post
243 627 522 694 ammonicionem
545 626 721 691 ostendere
744 624 863 706 valeat,
887 623 1011 690 scilicet
1033 624 1215 708 grandinis,
1238 625 1324 708 ignis
1340 628 1373 690 et
1392 624 1508 711 rapine
1524 626 1720 704 communis,
1744 646 1784 692 eo
1807 625 1882 709 ipso
1906 645 1926 690 a
1946 627 2161 711 prepositura

133 735 235 799 cadat
257 736 292 799 et
313 734 450 817 insuper
471 733 506 798 in
529 731 681 815 eligendo
703 732 755 797 uel
777 731 990 816 impediendo
1013 751 1204 798 successore
1227 751 1289 798 suo
1312 751 1427 796 vocem
1455 731 1490 797 in
1514 725 1660 814 capitulo
1689 751 1757 796 non
1780 732 1902 798 habeat
1925 753 1964 798 ea
1986 732 2068 798 vice.
2114 734 2183 799 Ut

133 843 249 905 autem
272 841 336 906 hoc
357 839 582 906 iuramentum
606 838 800 904 amemoria
823 858 890 905 non
913 839 1046 903 recedat
1067 841 1100 904 et
1123 839 1212 904 idem
1229 838 1431 921 prepositus,
1455 838 1484 902 si
1508 857 1644 902 necesse
1667 838 1776 920 tuerit,
1800 858 1862 903 suo
1885 837 2035 905 convinci
2051 838 2160 905 valeat

132 945 337 1024 iuramento,
360 945 447 1010 hanc
468 944 649 1010 testimonii
672 944 814 1009 litteram
837 943 986 1028 episcopi
1010 944 1113 1010 nostri
1137 945 1170 1008 et
1192 943 1298 1025 ipsius
1321 943 1484 1027 prepositi
1507 942 1623 1026 sigillis
1647 943 1933 1010 communivimus.

271 1049 439 1131 Abacirift
460 1049 514 1113 dcc
538 1049 590 1115 14.
613 1047 726 1114 Jatrt.
754 1052 789 1112 in
813 1047 882 1134 Ccp.
909 1046 986 1127 XII,
1009 1049 1052 1112 5!
1074 1049 1131 1128 fot.
1155 1046 1200 1112 lv
1228 1052 1272 1112 im
1300 1046 1372 1133 Kpl.
1406 1045 1511 1112 sa-A.
1541 1070 1580 1112 zu
1608 1047 1784 1114 Hanncocr.
1837 1048 1932 1116 θεῶν.
1965 1047 2159 1129 Wurdnoeta,

354 1153 441 1222 Suos.
466 1155 541 1240 dipl.
567 1151 626 1234 IX,
654 1153 687 1218 S.
703 1152 779 1219 398.
817 1153 946 1219 Zeitliclr
969 1154 1045 1219 olim
1065 1153 1153 1233 jadau
1178 1152 1418 1240 Anbaltspunkt,
1442 1153 1519 1217 aber
1542 1176 1643 1238 wcqcn
1666 1155 1721 1218 der
1748 1153 1824 1218 Ura
1848 1177 1904 1220 von
1924 1153 2010 1220 1279
2033 1156 2103 1220 Mai
2118 1154 2161 1218 13

351 1260 502 1326 cicllcicltt
523 1283 576 1324 om
604 1261 706 1326 beaten
732 1273 822 1325 ποιων
853 1259 891 1325 B.
923 1257 1051 1345 Volqnin
1078 1260 1280 1326 cinzurcibcn.
1327 1257 1446 1324 Hieran
1471 1259 1580 1344 gebira
1607 1260 1666 1324 das
1698 1259 1811 1345 Regcst
1837 1264 1870 1325 in
1894 1262 1970 1325 Mac.
1995 1258 2039 1340 II,
2074 1260 2162 1326 1890

352 1363 411 1432 Nr.
435 1365 503 1430 549
523 1369 568 1430 im
591 1365 666 1452 Kpl.
691 1366 796 1432 sc-A.
829 1389 870 1430 zu
892 1366 1049 1431 Mamor:
1086 1367 1184 1432 Certa
1218 1368 1411 1431 statuuntur
1446 1385 1466 1430 a
1500 1366 1647 1449 capitulo
1682 1366 1845 1433 Mindensi
1883 1369 2092 1434 observanda
2126 1369 2160 1432 in

352 1473 512 1539 electione
535 1472 698 1556 prepositi
721 1472 904 1539 Mindensis
927 1477 962 1539 et
984 1474 1026 1538 ab
1050 1473 1156 1538 electo
1180 1472 1351 1558 preposito
1374 1473 1526 1553 iuranda,
1553 1473 1680 1558 absque
1705 1494 1801 1540 anno.

1093 1670 1205 1749 1081.

135 1795 290 1886 Bonos
325 1795 399 1869 ono
426 1818 490 1868 von
517 1796 733 1869 Hildcsbeim
766 1797 839 1868 und
869 1797 1023 1885 Bisclrcf
1052 1796 1197 1888 Volqnin
1231 1818 1292 1867 corr
1322 1797 1470 1868 Mindcn
1505 1797 1605 1868 sowic
1638 1797 1694 1867 dic
1727 1797 1871 1887 Prepsn
1903 1797 2068 1869 Bertlrold
2100 1821 2163 1870 uon

135 1925 162 1978 s.
193 1902 435 1993 Gccrpcrsbcrg,
464 1904 632 1975 Heinrich
659 1925 723 1974 von
751 1902 921 1974 Ncuwcrk
953 1903 1026 1974 ann
1052 1903 1222 1974 Heinrich
1253 1925 1315 1973 uon
1343 1902 1587 1993 Frcnlcenbcrp
1613 1904 1884 1974 transsumicrcn
1911 1905 1967 1975 dic
2001 1904 2163 1978 Urlcnndc

135 2005 265 2080 Kaisar
307 2008 508 2080 Friedriclrs
543 2009 573 2080 Ι.
617 2009 649 2080 d.
683 2011 714 2080 d.
752 2007 857 2080 1188
896 2008 1032 2100 August
1069 2012 1094 2080 8
1134 2009 1196 2097 fiir
1235 2009 1301 2079 dus
1343 2007 1428 2096 Satn
1467 2031 1494 2078 s.
1529 2008 1678 2080 Simonis
1719 2015 1750 2080 ct
1789 2008 1905 2081 duduc
1945 2011 1983 2081 in
2029 2010 2163 2086 Gcslur.

983 2117 1080 2187 1277
1105 2115 1246 2186 Jannor
1274 2113 1333 2189 28.

275 2230 330 2298 Or.
353 2234 397 2295 im
422 2230 622 2296 Stodturcbiu
644 2254 683 2296 zu
706 2231 831 2310 Goslar,
854 2243 944 2296 untes
966 2232 1025 2296 den
1037 2231 1124 2315 sins
1145 2229 1269 2316 Sicpeln
1290 2230 1350 2294 dac
1381 2227 1524 2316 Vclquins
1551 2234 1696 2300 verlorcn.
1744 2231 1838 2300 (leur.
1870 2231 1973 2313 Bodc,
2007 2231 2036 2297 U
2040 2233 2077 2299 B.
2109 2235 2165 2300 der

357 2336 451 2402 Studt
473 2336 590 2403 Gosiur·
612 2334 656 2400 ΙΙ.
682 2335 768 2420 (uQ.
791 2338 847 2402 der
871 2336 1003 2401 Prooinz
1025 2335 1162 2402 Sachscn
1187 2336 1224 2402 B.
1248 2334 1306 2422 30)
1330 2335 1363 2401 8.
1388 2335 1453 2400 264
1477 2335 1536 2402 Nr.
1560 2336 1636 2404 232.
1684 2336 1838 2404 urucam
1866 2339 2062 2425 Asscburpcr
2089 2338 2162 2406 UB.

355 2442 382 2522 I,
415 2443 449 2510 S.
480 2442 525 2506 23
555 2441 614 2508 Νν.
645 2441 687 2506 24
716 2440 802 2508 Note.
855 2442 918 2508 Dic
954 2441 1030 2508 Urlc.
1059 2441 1241 2508 Praeda-icles
1267 2467 1298 2507 n.
1323 2468 1352 2508 a.
1387 2444 1537 2529 qedruckt
1563 2469 1592 2509 a.
1617 2470 1646 2511 a.
1672 2444 1709 2510 O.
1738 2446 1804 2509 und
1832 2445 1926 2524 Bodc,
1960 2470 1989 2511 a.
2015 2469 2044 2510 a.
2073 2444 2108 2512 O.
2136 2444 2163 2525 l,

358 2548 391 2615 S.
413 2547 481 2613 348
504 2547 564 2615 Nr.
587 2547 662 2614 315.

1100 2694 1215 2773 1082.

134 2821 212 2893 Dic
240 2821 364 2909 Stitlcr
389 2821 541 2893 Mindcn
569 2820 640 2892 und
667 2820 824 2908 Heriord
855 2821 928 2893 unci
955 2821 1011 2892 dic
1036 2821 1259 2912 snpcbdripcn
1287 2821 1405 2893 sicne
1438 2844 1605 2892 crnencrn
1631 2823 1689 2892 ilrr
1715 2819 1895 2894 Bnndniss
1922 2823 1995 2895 und
2022 2825 2165 2896 nebmcn

238 2927 305 2998 den
334 2927 469 3015 Grcfcn
499 2927 571 2998 Otto
599 2949 663 2998 non
691 2926 907 3017 Raccnsbcrp
933 2927 1005 2999 und
1032 2927 1088 2999 dic
1116 2927 1217 3000 Sindi
1243 2924 1411 3017 Biclcfcld
1440 2927 1544 2998 dorin
1571 2928 1644 3016 anf.
1698 2931 1798 3001 1277
1826 2928 1985 3000 Febrnar
2012 2933 2066 3006 13.

277 3042 373 3109 θεάν.
395 3044 475 3108 nach
497 3045 565 3109 dem
589 3043 644 3107 Or.
668 3048 712 3108 im
734 3043 806 3130 Kpt.
828 3042 932 3109 st.-A.
956 3067 995 3108 zu
1019 3045 1167 3121 Minctcr,
1192 3043 1339 3128 Grofcclr.
1364 3043 1565 3128 Racnrshcrg
1588 3040 1650 3108 Nr.
1669 3043 1710 3110 17
1741 3042 1845 3126 Wcsts.
1868 3044 1941 3108 UB.
1959 3045 1982 3109 I
1985 3043 2018 3124 V,
2045 3045 2078 3111 S.
2096 3045 2163 3112 697

354 3148 416 3217 Nr.
435 3148 531 3228 1458,
555 3150 635 3214 ancli
666 3147 861 3228 Wirdtwcin,
889 3149 981 3218 Saba.
1006 3151 1080 3238 dipl.
1106 3148 1166 3227 XI,
1193 3149 1227 3216 8.
1249 3149 1301 3229 72,
1328 3147 1431 3228 lteeee,
1462 3147 1531 3214 UB.
1555 3150 1585 3214 d.
1613 3149 1707 3214 stads
1729 3149 1882 3230 Bielescld
1907 3151 1941 3216 8.
1963 3151 2007 3215 25
2031 3149 2093 3218 Nr.
2108 3150 2163 3216 33.

355 3254 402 3320 Im
425 3269 525 3322 cram
546 3257 613 3320 und
634 3258 741 3322 letzten
763 3255 890 3320 Dmclce
916 3260 960 3320 ist
989 3279 1041 3320 am
1066 3255 1212 3322 scalmo
1240 3279 1280 3321 zu
1302 3257 1398 3322 Issen:
1427 3262 1462 3323 et
1486 3256 1627 3322 civitatis
1651 3257 1845 3339 MindensiS,
1878 3260 2001 3325 veteris
2033 3263 2065 3325 et
2087 3259 2165 3326 novi

355 3365 556 3447 oppidorum
581 3365 824 3428 Hervordcnsis
848 3375 902 3428 etc.
951 3361 1063 3448 Repect
1086 3363 1161 3428 Mac.
1187 3361 1231 3442 II,
1257 3361 1350 3427 1890
1373 3360 1433 3425 Nr.
1456 3359 1510 3427 99.

1100 3561 1215 3639 1083.

133 3689 219 3760 Das
254 3687 471 3778 Dmnlcnpitcl
504 3689 541 3758 in
574 3687 724 3759 Mindcn
758 3687 916 3775 vmkonst
949 3689 1307 3867 ssrfflfflcsma
1322 3689 1388 3760 den
1421 3688 1572 3760 chrnien
1604 3689 1642 3759 in
1669 3688 1960 3779 Harlinpbcnsen.
2016 3689 2166 3762 Minden

1235 3818 1256 3863 r
1310 3799 1341 3866 0.

249 3909 328 3977 Otto
352 3909 414 3976 Dei
437 3910 546 3993 gracia
569 3911 770 3993 prepositus,
795 3911 1015 3997 G(erhardus)
1040 3913 1185 3978 decanus
1212 3916 1388 3996 totumque
1411 3911 1593 3977 Mindensis
1622 3911 1760 3977 ecclesie
1790 3912 1971 3994 capitulum
2000 3911 2165 3978 universis

137 4016 265 4081 Christi
288 4015 443 4082 fidelibus
465 4020 654 4100 presentem
677 4018 835 4099 paginam
857 4017 1054 4100 inspecturis
1078 4020 1226 4084 eternam
1249 4019 1284 4082 in
1300 4018 1442 4084 Domino
1468 4017 1618 4082 salutern.
1655 4016 1821 4094 Quoniam
1845 4019 1953 4082 status
1974 4019 2166 4083 mortalium

135 4122 369 4187 indesinenter
391 4124 433 4188 ad
457 4122 616 4188 ulteriora
638 4123 825 4204 descendit,
852 4142 894 4188 ea
915 4142 979 4206 que
1003 4123 1090 4188 inter
1113 4123 1268 4189 mortales
1297 4124 1494 4190 ordinantur
1524 4123 1612 4188 iuste
1641 4121 1771 4205 scriptis
1807 4125 2024 4204 annotantur,
2056 4127 2104 4205 ut,
2137 4125 2166 4189 si

138 4228 321 4310 aliquando
352 4232 468 4294 contra
498 4248 569 4293 rem
597 4231 724 4312 gestam
753 4247 931 4312 pravorum
962 4230 1112 4312 insurgat
1139 4229 1281 4309 invidia,
1313 4229 1361 4293 rei
1387 4231 1561 4294 veritatem
1593 4247 1784 4311 expressam
1819 4228 2004 4294 litterarum
2033 4229 2166 4313 eloquia

136 4336 378 4418 protestentur.
426 4334 512 4400 Hinc
539 4337 599 4407 est.
623 4335 714 4416 quod
737 4335 779 4399 ad
803 4333 959 4400 noticiam
983 4337 1062 4400 tarn·
1080 4335 1269 4399 futurorum
1299 4354 1400 4417 quam
1428 4333 1640 4418 presencium
1670 4333 1820 4417 cupimus
1851 4335 2041 4417 pervenire,
2074 4336 2165 4418 quod

138 4459 205 4505 nos
229 4441 270 4505 ad
295 4439 498 4505 solucionem
521 4442 656 4505 centum
680 4459 875 4521 marcarum,
901 4460 960 4523 pro
984 4440 1106 4524 quibus
1131 4441 1291 4505 decimam
1315 4443 1349 4506 in
1375 4442 1509 4508 Rothen
1535 4461 1555 4506 a
1579 4439 1713 4506 domino
1736 4443 1850 4505 nostro
1874 4441 2058 4523 Volcquino
2080 4443 2165 4506 Min-

139 4544 238 4609 densi
261 4546 367 4610 electo
391 4547 656 4628 conparavimus‚
680 4545 841 4611 decimam
864 4549 1012 4611 nostram
1035 4547 1070 4611 in
1093 4547 1364 4613 Harlelreshusen
1389 4567 1462 4612 cum
1479 4547 1634 4612 omnibus
1658 4545 1729 4610 suis
1753 4546 1940 4612 attinenciis
1964 4548 2165 4613 monasterio

137 4652 239 4716 beate
262 4651 363 4716 Maria
386 4651 519 4734 virginis
548 4652 582 4716 in
607 4652 754 4718 Leveren
779 4653 928 4718 unanimi
956 4672 1122 4718 consensu
1146 4656 1179 4718 et
1202 4654 1376 4718 voluntate
1399 4652 1555 4718 benivola
1582 4672 1643 4736 pro
1674 4651 1883 4735 septuaginta
1906 4654 2025 4718 marcis
2049 4653 2166 4718 Mona-

138 4758 312 4823 steriensis
342 4760 377 4822 et
400 4758 665 4842 Osnaburgensis
695 4761 826 4824 monete
858 4759 971 4842 legalis
998 4759 1208 4824 vendidimus
1232 4759 1265 4823 in
1290 4759 1463 4843 proprium
1493 4758 1605 4842 quiete
1639 4761 1672 4822 et
1701 4756 1839 4841 pacifice
1867 4762 2029 4842 perpetuo
2057 4761 2165 4843 possi-

139 4864 296 4942 dendam,
320 4865 383 4928 hoc
407 4863 515 4928 solum
539 4863 676 4940 adiecto,
700 4868 747 4945 ut,
772 4865 800 4928 si
821 4863 910 4929 idem
934 4865 1087 4929 dominus
1118 4867 1232 4930 noster
1255 4866 1461 4949 Volcquinus
1484 4865 1609 4931 electus
1633 4863 1685 4928 vel
1714 4863 1785 4929 eius
1809 4883 2019 4930 successores
2042 4866 2165 4930 dictam

137 4969 303 5034 decimam
327 4969 363 5033 in
386 4970 520 5036 Rothen
544 4989 564 5034 a
586 4969 684 5034 nobis
707 4971 760 5035 vel
783 4970 939 5036 anostris
963 4971 1211 5046 successoribus
1235 4991 1296 5055 pro
1320 4975 1455 5037 centum
1472 4971 1593 5036 marcis
1609 4970 1801 5034 Bremensis
1825 4972 1952 5053 argenti
1976 4972 2164 5053 reemerint‚

136 5094 203 5140 nos
226 5074 279 5140 vel
301 5075 405 5139 nostri
428 5095 637 5140 successores
665 5076 788 5162 dictam
815 5077 975 5146 decimam
1007 5076 1042 5140 in
1066 5077 1336 5142 Harlekesbusen
1367 5097 1428 5160 pro
1452 5076 1663 5159 septuaginta
1695 5075 1813 5140 marcis
1837 5076 2107 5142 Monasteriensis
2131 5079 2165 5142 et

135 5181 409 5264 Osnaburgensis
431 5183 565 5247 monete
588 5181 703 5264 legalis
726 5184 894 5249 reemendi
917 5184 1108 5248 facultatem
1130 5184 1164 5248 in
1188 5184 1250 5246 hoc
1273 5203 1353 5248 casu
1376 5183 1513 5248 liberam
1534 5182 1725 5248 habeamus
1764 5182 1807 5246 Ut
1830 5184 1942 5247 autern
1964 5183 2026 5247 hec
2049 5185 2164 5248 nostra

131 5287 293 5356 vendicio
317 5290 390 5352 rata
414 5290 447 5352 et
469 5289 666 5354 inconvulsa
689 5292 897 5371 permaneat,
921 5291 1110 5372 presentem
1138 5289 1293 5372 paginam
1321 5288 1485 5353 conscribi
1513 5294 1547 5354 et
1578 5293 1646 5353 tam
1675 5287 1811 5370 capituli
1840 5307 1941 5370 quam
1973 5291 2164 5352 nostrorum

129 5395 327 5478 sigillorum
343 5393 527 5460 munimine
551 5393 687 5459 lecimus
703 5394 862 5459 roborari.
897 5395 1006 5460 Huius
1022 5395 1068 5460 rei
1083 5397 1187 5460 testes
1209 5398 1304 5461 sunt:
1327 5395 1474 5478 Wedego
1492 5393 1685 5478 prepositus
1701 5393 1806 5458 sancti
1823 5393 1964 5474 Martini,
1989 5393 2164 5459 Conradus

1879 5499 1950 5564 43·
