5062 6776
449 448 516 512 334
1433 461 1501 515 1276

449 661 541 742 quod
564 658 789 724 ordinavimus
814 677 873 740 ego
898 659 930 721 et
954 657 1209 722 archidiaconus
1233 657 1274 722 de
1298 659 1426 721 rectore
1449 655 1555 739 ipsius
1579 659 1718 723 ecclesie
1740 658 1859 724 litteris
1876 659 1998 724 nostris
2023 665 2057 725 et
2081 660 2265 744 sigillorum
2290 667 2464 728 nostrorum

450 767 666 849 appensione,
690 783 773 846 quas
796 763 902 827 dictus
926 766 1110 829 conventus
1134 764 1235 829 habet
1258 764 1300 828 de
1325 762 1433 826 nobis.
1473 763 1583 846 Super
1606 764 1671 829 biis
1694 765 1810 848 itaque
1831 765 1972 847 singulis
1988 769 2022 830 et
2037 767 2200 832 universis
2217 767 2366 850 plenarie
2382 771 2463 834 vobis

449 871 687 937 committimus
711 871 800 935 vices
824 873 956 944 nostras
978 871 1140 950 volentes,
1165 874 1201 936 ut
1224 889 1405 953 processus
1428 874 1539 934 vester
1548 867 1591 954 ¹⁷)
1614 873 1647 934 et
1671 871 1876 954 dispensatio
1899 873 2068 955 redigatur
2090 875 2126 938 in
2150 873 2282 956 scriptis
2308 877 2340 938 et
2362 876 2463 958 sigillis

450 978 624 1044 autenticis
634 975 672 1060 ¹⁸)
697 977 884 1042 roboretur.
928 976 1097 1060 Datum19)
1122 997 1199 1041 vero
1223 996 1312 1042 anno
1338 975 1471 1039 Domini
1494 975 1850 1058 ll⁰.CC⁰.LXXVl⁰.²⁰),
1875 979 1910 1042 in
1934 979 1987 1043 die
2010 982 2124 1043 sancte
2148 980 2249 1045 Marie
2273 981 2461 1062 hlagdalene.

666 1083 687 1151 ¹)
707 1081 939 1151 Auspeechrieheo
959 1081 989 1138 B.
1038 1082 1060 1152 ἰ)
1081 1083 1219 1135 Ramberto
1239 1081 1272 1136 B.
1316 1081 1339 1150 8)
1359 1081 1476 1150 Cysterc.
1497 1081 1527 1138 B.
1576 1083 1599 1152 ι)
1619 1083 1740 1151 dyocesis
1762 1083 1792 1140 B.
1842 1083 1865 1154 ⁶)
1885 1083 1964 1137 Fehlt
1981 1085 2013 1137 B.
2064 1085 2087 1156 ο)
2108 1086 2300 1156 Ravenlrberge
2319 1089 2364 1140 mit
2380 1105 2391 1140 s
2409 1088 2465 1141 riter

770 1171 827 1224 dem
847 1172 872 1226 h.
892 1172 925 1226 A.
966 1171 986 1240 ¹)
1006 1176 1225 1240 comparaverunt
1245 1170 1276 1226 B.
1323 1170 1346 1240 ⁸)
1367 1185 1476 1239 prorsus
1494 1170 1617 1224 illicitum
1636 1171 1786 1225 didicerunt
1805 1171 1837 1228 B.
1887 1173 1910 1242 ο)
1929 1174 1999 1229 bum.
2019 1189 2098 1243 supp.
2119 1173 2150 1230 B.
2200 1175 2236 1242 ¹⁰)
2255 1179 2345 1228 tamma
2363 1179 2421 1244 quia
2439 1177 2464 1228 B.

772 1260 807 1328 ¹¹)
827 1261 901 1313 vobis
922 1289 954 1299 -
975 1261 1092 1313 renuerit
1102 1259 1177 1328 fehlt
1195 1259 1227 1314 B.
1267 1259 1302 1328 η)
1322 1261 1368 1328 qui
1387 1275 1521 1312 assumere
1540 1261 1576 1316 A.
1625 1259 1659 1328 ιι)
1679 1260 1727 1313 bec
1745 1261 1923 1326 consulentes,
1943 1264 1966 1314 si
1979 1264 2054 1316 vobis
2078 1263 2217 1331 placuerit,
2240 1269 2272 1316 ut
2291 1269 2352 1332 post
2369 1265 2464 1318 liberam

770 1358 820 1402 etc.
846 1348 877 1404 B.
917 1349 952 1418 ²⁴)
972 1350 1146 1418 penitentiam
1165 1349 1312 1416 iniungatis
1332 1353 1523 1416 competentem
1544 1348 1576 1404 B.
1616 1347 1650 1418 ¹⁵)
1671 1348 1757 1402 adbuc
1777 1351 1928 1420 peragenda
1946 1350 1978 1407 B.
2027 1351 2062 1420 ι7)
2081 1353 2203 1420 cupimus
2222 1354 2343 1422 insuper,
2361 1355 2383 1406 si
2401 1357 2464 1406 vobis

770 1439 903 1491 videbitur
921 1439 1054 1507 expedire,
1074 1438 1144 1505 qnod
1163 1439 1233 1490 sicut
1256 1452 1305 1490 nos
1325 1443 1351 1489 et
1370 1437 1572 1490 archidiaconus
1601 1438 1634 1490 de
1652 1439 1826 1506 proventibus
1845 1440 1914 1492 inter
1937 1441 2101 1508 sepedictum
2125 1447 2285 1494 conventum
2311 1449 2337 1494 et
2354 1449 2465 1494 rectorem

771 1528 888 1580 eiusdem
908 1528 1018 1580 ecclesie
1036 1527 1132 1579 litteris
1151 1527 1250 1578 nostris
1276 1531 1302 1578 et
1321 1525 1470 1594 sigillorum
1494 1531 1645 1578 nostrorum
1665 1528 1829 1596 appensione
1848 1529 2041 1592 ordinavimus,
2066 1545 2132 1597 quas
2157 1529 2216 1598 ipse
2236 1535 2381 1582 conventus
2400 1531 2466 1582 habet

771 1617 803 1668 de
821 1617 898 1668 uobis
918 1619 1003 1668 ratum
1023 1615 1152 1669 habeatis.
1189 1615 1275 1683 Super
1294 1622 1344 1667 etc.
1364 1613 1395 1670 B.
1436 1615 1471 1684 ¹⁷)
1490 1620 1580 1668 noster
1599 1614 1630 1670 B.
1670 1615 1704 1684 ¹³)
1724 1618 1880 1670 auctenticis
1900 1617 1931 1672 B.
1970 1617 2005 1688 ¹⁹)
2025 1617 2115 1670 datum
2134 1618 2247 1688 Yburgh
2269 1617 2300 1684 B,
2319 1619 2366 1671 dos
2381 1617 2464 1670 Datum

693 1718 695 1722 ’
770 1721 821 1756 troo
839 1703 977 1756 derselben
998 1702 1079 1756 Hand
1095 1705 1141 1756 mit
1158 1703 1301 1756 clunklerer
1325 1702 1399 1756 linte
1419 1703 1617 1772 aochpetrapen
1636 1703 1670 1758 A.
1709 1703 1744 1773 ²⁰)
1765 1705 1836 1759 vlu.
1856 1705 1887 1761 B.

584 1793 640 1857 Or.
664 1797 698 1857 in
720 1793 880 1878 doppelter,
905 1793 1133 1857 ohweichender
1156 1793 1385 1877 Aues'ertipnnp
1409 1795 1453 1855 im
1476 1791 1550 1877 qu.
1577 1791 1679 1857 Sa-A.
1703 1815 1743 1856 zo
1767 1793 1916 1872 Mhnster,
1945 1793 2158 1860 Gravenhorat
2184 1793 2243 1858 Nr.
2267 1794 2312 1857 24
2338 1797 2392 1878 (Α)
2412 1797 2469 1858 und

666 1898 725 1962 Nr.
750 1897 820 1962 260
845 1898 903 1982 (B)
928 1922 967 1962 zu
991 1897 1087 1980 1277,
1122 1898 1199 1963 aher
1223 1897 1391 1976 jedeufolle
1414 1899 1584 1983 unrichti9‚
1622 1899 1664 1962 da
1695 1896 1782 1964 1276
1809 1898 1877 1966 Oht.
1904 1898 1946 1963 19
1982 1901 2093 1965 bereite
2116 1902 2166 1965 die
2189 1901 2396 1965 Kmnmission
2416 1902 2465 1964 dos

670 2005 768 2071 Urteit
789 2007 886 2087 frillte.
934 2005 988 2068 An
1011 2005 1039 2066 A
1066 2004 1169 2089 Steqel
1191 2027 1256 2067 omn
1273 2001 1591 2088 Peryomentetreisec
1613 2006 1758 2083 verterem,
1784 2028 1826 2070 on
1850 2005 1881 2068 B
1906 2005 2115 2091 heachddt'ptes
2135 2005 2240 2092 Sa'eqel
2262 2008 2317 2072 des
2335 2006 2466 2091 thhoJ'e

663 2116 697 2176 in
718 2118 848 2198 gainem
879 2109 988 2174 Wocha
1011 2133 1053 2173 oo
1075 2123 1160 2175 roten
1182 2111 1247 2174 und
1268 2110 1376 2195 pelben
1402 2108 1611 2190 Seideasiiden
1633 2112 1698 2174 uod
1723 2109 1907 2198 Richsiegel
1929 2111 2040 2197 (Rod).

1407 2291 1525 2370 1068.

449 2422 519 2493 Ati
547 2421 695 2493 Gerlach
723 2421 783 2491 des
812 2419 1042 2508 Mortash'ftes
1076 2441 1137 2489 vor
1166 2417 1316 2489 Mindon
1344 2418 1522 2508 detondet,
1557 2420 1862 2509 hoseumont,
1900 2421 2035 2492 Withoe
2062 2421 2121 2492 das
2146 2421 2300 2492 tumeler
2327 2421 2463 2510 Bhrpers

449 2529 633 2600 Hermann
661 2550 722 2597 voh
753 2525 944 2614 Fisehhech,
980 2526 1056 2596 dent
1085 2524 1368 2613 Bontsoct'asstist
1400 2525 1438 2596 in
1466 2526 1616 2597 Homeht
1650 2527 1749 2597 einen
1777 2526 1909 2598 Gortea
1941 2549 2002 2598 vor
2034 2528 2111 2598 dem
2142 2528 2298 2600 Osterter
2332 2527 2461 2598 ‹toseltst

1116 2632 1294 2720 gescheaht
1320 2631 1388 2702 hot.
1445 2630 1549 2703 1276
1575 2632 1712 2722 August
1740 2631 1801 2704 21.

556 2753 673 2816 Testes
690 2752 790 2816 huius
807 2751 856 2815 rei
872 2754 965 2815 sunt:
991 2751 1184 2832 Segewinus
1203 2749 1398 2816 monasterii
1414 2751 1518 2816 nostri
1536 2751 1705 2828 sacerdos3
1722 2748 1890 2815 lohannes
1907 2752 2065 2832 decanus,
2082 2753 2284 2818 Tlridericus
2302 2754 2343 2817 de
2360 2751 2460 2816 Reden

448 2859 692 2932 thesaurarius,
728 2859 894 2923 Henricus
922 2858 963 2921 de
987 2856 1087 2939 Biga,
1117 2856 1311 2940 Gregorius,
1348 2856 1497 2922 canonici
1522 2857 1758 2936 Hamelenses3
1794 2857 1959 2923 lordanus
1991 2859 2077 2938 Lise,
2108 2858 2319 2924 Wernherus
2342 2857 2464 2922 Honlrol

450 2965 538 3030 cives
563 2966 596 3029 in
618 2964 797 3041 Hamelen3
821 2966 1002 3029 Wernerus
1027 2963 1069 3026 de
1092 2963 1171 3028 Alta
1194 2964 1285 3028 curia
1309 2965 1462 3030 acolitus.

583 3068 673 3134 Nach
695 3071 762 3134 dem
789 3068 843 3134 Or.
866 3072 910 3133 im
934 3067 1006 3153 Kpl.
1034 3066 1137 3132 sc-A.
1161 3090 1200 3131 zu
1224 3064 1391 3133 Honoooer
1412 3070 1498 3152 pedr.
1527 3069 1719 3148 diethardus,
1750 3067 1817 3134 ΠΒ.
1841 3095 1868 3134 o.
1893 3069 2027 3134 Hamela
2051 3069 2084 3136 S.
2105 3070 2151 3133 55
2177 3068 2234 3135 Nr.
2260 3068 2312 3136 76'.

1407 3250 1526 3326 1069.

453 3380 567 3449 Ritter
594 3380 777 3451 Hermone
803 3399 867 3448 oon
895 3377 1038 3468 Langen
1070 3375 1265 3465 uhterwirft
1300 3377 1373 3448 sich
1406 3377 1481 3448 dem
1509 3373 1661 3467 Bisehos
1681 3377 1867 3449 Everhord
1895 3399 1958 3447 oon
1986 3378 2148 3448 010000
2181 3377 2255 3448 uod
2290 3373 2460 3466 versprirht

450 3509 483 3556 0.
512 3509 563 3555 a:
590 3508 702 3578 super
730 3484 832 3555 omni
860 3483 1018 3554 materia
1037 3482 1203 3554 rancoris
1231 3489 1269 3553 et
1288 3482 1482 3573 discordie,
1511 3506 1584 3575 que
1612 3482 1683 3554 fuit
1702 3483 1760 3554 vel
1780 3488 1837 3554 est
1856 3485 1954 3553 inter
1973 3482 2116 3554 nobiles
2144 3484 2245 3554 viros
2267 3479 2458 3568 Otttoneml

451 3592 627 3663 comitem
656 3591 701 3660 de
730 3589 1021 3684 Ravensbcrgho
1050 3595 1088 3659 et
1115 3589 1335 3661 Ludwicum
1363 3587 1518 3659 fratrem
1547 3612 1654 3660 suum
1690 3590 1924 3682 prepositum
1959 3589 2112 3660 ecclesie
2141 3590 2263 3660 sancti
2292 3585 2459 3662 Johannis

452 3697 750 3792 Osnaburgensis
784 3720 830 3766 ex
865 3720 940 3767 una
968 3700 1075 3789 parte
1111 3701 1150 3766 et
1181 3718 1249 3768 nos
1282 3719 1327 3766 ex
1362 3693 1491 3784 altera,
1525 3695 1564 3765 in
1598 3696 1741 3766 dictum
1775 3695 1966 3766 dominum
1995 3695 2256 3766 Everhardum
2286 3695 2459 3766 Monaste·

448 3804 607 3874 riensem
638 3802 854 3896 episcopum
883 3801 1206 3896 compromisimus
1234 3806 1358 3872 ratum
1387 3800 1570 3892 habituri,
1603 3802 1781 3895 quicquid
1817 3802 1897 3896 ipse
1932 3801 2163 3873 ordinaverit
2198 3809 2266 3872 ant
2301 3797 2459 3872 statuerit

964 3909 1064 3979 inter
1090 3931 1158 3978 nos
1186 3914 1224 3978 et
1251 3904 1362 4000 ipsos,
1425 3907 1579 3980 Wolheeh
1606 3911 1679 3980 127
1684 3913 1707 3979 6
1735 3909 1871 3998 August
1898 3907 1959 3978 21.

583 4026 678 4093 Gedr.
711 4024 815 4104 Westf.
845 4024 917 4089 UB.
942 4023 1007 4102 Ill,
1034 4025 1067 4090 S.
1091 4025 1157 4088 515
1181 4023 1242 4087 Nr.
1265 4023 1342 4089 991.

1406 4153 1518 4231 1070.

449 4281 599 4370 Bisthof
621 4281 807 4352 Eberhard
833 4302 896 4351 ooo
925 4281 1088 4351 Mamer
1114 4279 1291 4369 behandet,
1328 4280 1412 4351 dass
1446 4280 1502 4351 die
1535 4280 1635 4352 Stodt
1662 4281 1814 4352 Beatam
1847 4302 1911 4352 voh
1940 4280 2039 4367 Grof
2062 4281 2135 4352 Otto
2162 4302 2227 4350 von
2254 4277 2459 4362 Rooeusterg

790 4386 897 4458 Grtter
923 4388 960 4457 tn
990 4385 1142 4457 Elsnere
1170 4387 1241 4457 ond
1269 4384 1454 4457 Modewic
1478 4385 1621 4475 gahausi
1646 4387 1713 4461 irat.
1770 4385 1877 4458 1276
1908 4386 2050 4458 Ohtober
2077 4391 2127 4458 11.

555 4506 793 4588 E(verhardus)
811 4506 872 4572 Dei
895 4506 1003 4588 gracia
1019 4505 1309 4588 Monasterigensis
1326 4506 1502 4588 episcopus
1527 4505 1681 4570 omnibus
1705 4525 1845 4589 presens
1862 4505 2021 4589 scripturn
2045 4504 2261 4570 cernentibus
2278 4506 2313 4570 in
2330 4501 2457 4568 Domino

447 4615 599 4679 salutem.
646 4614 770 4678 Notum
794 4613 932 4677 iacimus
956 4612 1130 4692 universis,
1158 4612 1249 4695 quod
1273 4612 1408 4695 opidani
1433 4612 1468 4676 in
1492 4611 1658 4678 Bekehem
1683 4614 1725 4677 de
1748 4631 1911 4677 consensu
1934 4614 2049 4676 nostro
2074 4614 2107 4676 et
2130 4612 2302 4676 voluntate
2326 4610 2408 4673 bona
2427 4605 2455 4668 in

446 4720 585 4786 Elsnere
609 4723 641 4783 et
664 4719 833 4801 quendam
857 4738 1010 4783 mansum
1039 4719 1074 4782 in
1097 4718 1256 4783 Modewic
1285 4737 1304 4782 a
1327 4718 1430 4782 nobili
1459 4718 1531 4784 viro
1562 4719 1698 4784 domino
1722 4719 1845 4784 Ottone
1870 4717 1990 4783 comite
1999 4717 2023 4798 ¹)
2052 4719 2094 4783 de
2111 4718 2349 4799 Ravenesberg
2370 4717 2402 4778 et
2420 4710 2457 4775 ab

446 4827 627 4892 heredibus
656 4827 726 4890 suis
749 4825 813 4890 sibi
837 4825 1004 4907 emptione
1028 4828 1273 4908 compararunt,
1304 4826 1338 4889 et
1360 4825 1424 4890 hoc
1446 4825 1659 4906 presentibus
1682 4824 1919 4907 approbamus.
1974 4825 2010 4890 Si
2038 4826 2150 4889 autem
2180 4823 2288 4889 dictus
2318 4820 2455 4888 dominus

446 4954 557 5000 comes
584 4935 619 4998 in
647 4932 814 4998 solutione
849 4932 989 5015 pecunie
1024 4929 1281 5013 trecentamm2)
1315 4935 1348 4996 et
1371 4931 1429 4995 XX
1453 4950 1639 4996 marcarum
1663 4930 1816 4996 videlicet
1840 4932 1893 4996 die
1923 4936 1959 4997 et
1984 4932 2128 4996 termino
2151 4931 2195 4995 ad
2223 4931 2287 4994 hoc
2317 4927 2455 4994 ordinato

447 5039 612 5104 delectum
634 5042 822 5122 pateretur,
846 5058 944 5102 omne
968 5039 1166 5120 dampnum,
1198 5039 1287 5120 quod
1311 5040 1362 5103 vel
1387 5037 1459 5120 ipse
1488 5039 1540 5102 vel
1569 5037 1620 5102 sui
1648 5038 1789 5102 heredes
1821 5037 1900 5102 inde
1928 5037 2092 5118 facerent,
2123 5039 2192 5102 iam
2215 5037 2294 5101 dicti
2323 5028 2454 5117 opidani,

445 5148 532 5212 sicut
558 5145 624 5210 fide
648 5147 726 5212 data
747 5146 975 5228 promiserunt
997 5146 1031 5208 et
1054 5164 1114 5228 per
1137 5165 1214 5209 suas
1238 5147 1392 5226 patentes
1420 5145 1549 5208 litteras
1579 5164 1616 5207 se
1644 5145 1687 5208 ad
1710 5142 1773 5209 hoc
1796 5143 2037 5227 obligaverunt,
2067 5143 2227 5208 deberent
2255 5141 2327 5207 sine
2353 5139 2454 5204 nostro

444 5253 672 5336 inpedimento
703 5271 763 5334 per
789 5251 900 5318 omnia
929 5251 1122 5332 adimplere.
1169 5251 1209 5314 ln
1236 5251 1332 5315 cuius
1359 5249 1407 5314 rei
1437 5250 1665 5316 testimonium
1700 5251 1845 5333 sigillum
1879 5252 2033 5316 nostrum
2066 5249 2280 5334 presentibus
2315 5246 2453 5314 duximus

441 5361 691 5443 apponendum.
738 5359 860 5422 Datum
883 5377 972 5422 anno
996 5356 1128 5421 Domini
1152 5356 1461 5438 M⁰.CC⁰.LXXVI⁰.,
1485 5359 1523 5421 V.
1548 5358 1628 5423 ldus
1652 5356 1817 5422 Octobris

661 5463 682 5533 ¹)
701 5463 790 5516 comiti
809 5463 843 5514 im
861 5461 907 5514 Or.
946 5461 969 5532 ')
987 5467 1176 5515 trescentarum
1196 5461 1243 5514 Or.
