5112 6768
433 373 498 436 522
1428 381 1494 436 1299

432 601 492 646 seu
526 577 831 644 confederationem
865 597 925 661 per
959 580 1027 642 tres
1057 597 1163 642 annos
1192 577 1349 642 continue
1380 577 1574 642 duraturam
1602 577 1689 641 inter
1718 596 1779 640 nos
1807 576 1945 642 fecimus
1974 577 2037 641 sub
2065 578 2127 642 hac
2156 577 2272 659 forma,
2309 581 2460 646 videlicet

432 687 524 770 quod
552 684 692 768 quilibet
720 685 873 748 nostrum
904 684 999 748 alteri
1028 686 1142 750 contra
1172 684 1340 766 quoslibet
1371 683 1434 748 sibi
1462 683 1678 748 adversantes
1702 682 1863 748 auxilium
1886 683 2050 766 prestabit
2073 683 2216 750 fideliter
2239 689 2272 752 et
2295 686 2463 763 iuramen,

432 796 467 858 et
489 791 631 857 maxime
655 809 715 856 nos
739 789 935 872 Ludolphus
959 789 1143 854 Mindensis
1168 789 1347 872 episcopus
1370 788 1533 853 illustrem
1556 788 1744 871 principem
1768 788 1938 856 dominum
1962 789 2081 854 ducem
2104 791 2291 875 predictum
2316 797 2462 858 castrum

432 899 468 963 in
484 898 644 981 Ryclinge
668 914 857 981 expugnare
881 893 1070 960 iuvabimus
1094 893 1283 976 bonafide,
1307 914 1375 977 quo
1400 895 1497 978 capto
1520 893 1556 957 in
1579 895 1716 977 optione
1741 893 1867 960 domini
1883 894 1978 960 ducis
1994 897 2055 977 est,
2081 899 2193 962 utrum
2208 898 2296 962 idem
2315 903 2463 964 castrum

431 1006 484 1070 vel
511 1006 657 1069 castrum
686 1002 721 1066 in
749 1001 981 1066 Burdenouwe
1009 1001 1153 1066 voluerit
1182 1002 1343 1081 obtinere,
1379 1002 1412 1064 et
1442 1019 1510 1064 uno
1540 999 1678 1064 obtento
1708 1001 1851 1065 alterum
1881 1001 2052 1066 destruere
2082 1003 2251 1068 tenebitur
2274 1003 2349 1068 sine
2375 1007 2464 1070 dolo.

430 1111 606 1175 Adiectum
631 1110 683 1174 est
706 1108 818 1188 etiam,
850 1108 951 1190 quod,
975 1107 1003 1172 si
1028 1106 1126 1171 alicui
1150 1109 1302 1170 nostrum
1326 1105 1506 1171 necessitas
1530 1105 1730 1186 incubuerit,
1754 1105 1896 1171 alterum
1919 1106 2137 1190 perfidelem
2161 1110 2317 1175 nuntium
2340 1111 2408 1175 sibi
2432 1113 2463 1174 in

431 1216 591 1281 auxilium
624 1214 778 1280 evocabit
805 1215 839 1279 et
867 1216 1003 1278 vocatus
1035 1212 1130 1278 alteri
1159 1212 1318 1278 auxilium
1346 1213 1497 1295 prestare
1528 1210 1697 1276 tenebitur
1724 1211 1873 1276 vocantis
1897 1212 2086 1296 sumptibus
2109 1216 2142 1278 et
2166 1217 2335 1296 expensis,
2372 1221 2408 1281 et
2438 1219 2463 1280 si

430 1322 555 1388 bellum
590 1320 748 1404 ingruerit
775 1322 808 1384 et
839 1320 1001 1384 Dominus
1041 1319 1213 1384 victoriam
1247 1318 1387 1400 dederit,
1423 1317 1566 1400 spolium
1594 1319 1628 1381 et
1657 1317 1779 1400 captivi
1809 1317 1902 1382 iuxta
1938 1319 2191 1401 proportionem
2222 1325 2256 1385 et
2284 1341 2464 1387 munerum

430 1427 652 1512 pugnantium
686 1427 850 1509 equaliter
884 1425 1086 1490 dividantur.
1134 1425 1170 1489 Si
1199 1445 1278 1490 vero
1313 1444 1386 1489 sors
1415 1425 1554 1488 adversa
1582 1424 1741 1498 evenerit,
1777 1423 1918 1505 quilibet
1941 1425 2123 1506 dampnum
2147 1427 2338 1504 sustinebit,
2373 1430 2465 1510 quod

431 1536 595 1616 receperit
618 1533 653 1596 in
677 1533 813 1597 eisdem.
861 1533 1016 1596 Ceterum
1044 1531 1155 1596 taliter
1182 1530 1270 1597 inter
1302 1551 1362 1596 nos
1386 1531 1494 1596 extitit
1518 1529 1718 1608 ordinatum,
1747 1530 1848 1611 quod,
1877 1530 1904 1594 si
1929 1530 2030 1612 aliqui
2054 1531 2106 1596 vel
2129 1532 2250 1614 aliquis
2275 1535 2463 1614 predictum

431 1641 585 1706 comitem
621 1641 663 1704 de
691 1637 895 1720 Wunstorpe
929 1638 981 1701 vel
1011 1638 1082 1702 eius
1112 1637 1271 1701 heredem
1306 1657 1365 1701 seu
1395 1637 1533 1701 heredes
1562 1638 1676 1700 contra
1705 1655 1767 1700 nos
1798 1637 1849 1700 vel
1878 1636 2024 1718 aliquem
2051 1637 2093 1701 de
2117 1638 2239 1702 nostris
2262 1640 2379 1703 tenere
2403 1661 2463 1704 seu

431 1749 544 1813 fovere
560 1745 709 1824 voluerit,
734 1743 866 1808 illorum
892 1744 942 1808 vel
965 1742 1053 1808 illius
1077 1743 1201 1807 inimici
1225 1742 1350 1807 erimus
1374 1763 1436 1807 nec
1461 1761 1608 1824 unquam
1632 1741 1752 1824 aliquis
1777 1745 1929 1806 nostrum
1951 1743 2024 1806 sine
2047 1745 2151 1810 altero
2175 1745 2463 1828 compositionem,

430 1857 564 1934 treugas
589 1851 658 1916 sive
675 1869 791 1933 pacem
809 1849 1020 1931 aliquatenus
1037 1848 1232 1931 acceptabit.
1282 1849 1332 1913 Ab
1357 1850 1419 1913 hac
1443 1850 1548 1913 forma
1571 1849 1679 1912 mutui
1703 1847 1915 1932 iuvaminis³>
1939 1850 2101 1930 quosdam
2119 1849 2288 1915 hincinde
2305 1851 2463 1917 duximus

435 1959 658 2042 excipiendos,
689 1957 804 2020 contra
834 1975 919 2038 quos
949 1956 1060 2019 nullus
1085 1955 1180 2019 alteri
1209 1954 1376 2019 tenebitur
1399 1955 1558 2019 auxilium
1581 1954 1752 2036 impertiri,
1783 1975 1843 2018 nos
1867 1953 2031 2037 siquidem
2057 1956 2254 2039 Ludolphus
2279 1958 2464 2022 Mindensis

430 2067 609 2148 episcopus
637 2062 856 2126 reverendum
887 2061 1059 2125 dominum
1089 2060 1300 2126 Wicboldum
1340 2061 1627 2143 archiepiscopum
1658 2059 1903 2138 Coloniensem,
1940 2062 2109 2127 dominum
2137 2061 2340 2128 Lcdevicum
2374 2065 2463 2147 epis-

434 2191 554 2254 copum
572 2170 875 2250 Osnaburgenscm,
894 2168 934 2232 de
951 2167 1257 2248 Schouwenborgh‚
1282 2167 1323 2230 de
1339 2167 1589 2249 Ravensbergh,
1614 2167 1655 2230 de
1672 2167 1832 2231 Eversten
1849 2169 1881 2230 et
1899 2168 1941 2231 de
1956 2168 2075 2249 Welpa
2092 2169 2238 2248 comites,
2261 2171 2461 2235 advocatum

431 2279 473 2343 de
496 2278 608 2342 Monte
639 2280 673 2340 et
698 2275 983 2353 Hervordensem;
1020 2276 1053 2336 et
1082 2292 1143 2337 nos
1173 2273 1238 2336 dux
1269 2272 1452 2355 excipimus
1478 2273 1702 2336 venerabilem
1725 2273 1896 2336 dominum
1920 2273 2206 2356 archiepiscopum
2230 2275 2464 2356 Bremensem,

430 2381 651 2448 Hildesiensis
682 2383 715 2444 et
748 2379 925 2444 Verdensis
958 2380 1173 2444 ecclesiarum
1203 2378 1390 2461 episcopos,
1425 2376 1570 2444 illustres
1601 2377 1769 2460 principes
1799 2378 1979 2444 Henricum
2011 2383 2044 2444 et
2074 2379 2251 2445 Albertum
2272 2381 2391 2446 duces
2423 2385 2463 2446 de

430 2487 659 2568 Bruneswicb,
684 2487 725 2549 de
750 2485 976 2566 Oldeuborgh,
1002 2486 1044 2548 de
1067 2486 1185 2567 Welpa
1209 2489 1242 2549 et
1267 2486 1308 2549 de
1333 2485 1427 2566 Hoya
1460 2485 1607 2564 comites,
1654 2484 1702 2546 De
1726 2483 1826 2566 opido
1850 2488 1961 2548 autem
1985 2484 2148 2550 Mindeusi
2171 2487 2280 2550 taliter
2303 2488 2463 2552 duximus

433 2594 666 2672 ordinandum,
691 2593 791 2673 quod,
816 2610 890 2656 cum
919 2591 1064 2672 primum
1088 2591 1284 2673 compositio
1308 2591 1394 2654 sacta
1418 2590 1517 2654 fuerit
1539 2589 1626 2654 inter
1650 2609 1710 2652 uos
1735 2591 1852 2654 ducem
1877 2594 1911 2655 et
1935 2590 2087 2656 comitem
2112 2592 2153 2656 de
2177 2593 2463 2676 Schouvvenburg‚

432 2702 588 2766 dominus
620 2698 796 2781 episcopus
825 2696 1007 2761 Mindensis
1039 2699 1168 2778 partem
1197 2717 1292 2761 suam
1320 2697 1354 2760 in
1380 2699 1497 2760 eudem
1521 2695 1621 2777 opido
1645 2697 1733 2760 sicut
1757 2699 1855 2760 antea
1878 2696 2015 2779 pacifice
2039 2697 2234 2778 possidebit.
2281 2699 2463 2765 Adiectum

431 2811 484 2873 est
501 2807 610 2884 etiam,
635 2806 727 2886 quod
750 2803 906 2867 dominus
923 2803 1106 2867 Mindensis
1130 2803 1319 2885 episcopus,
1343 2804 1444 2884 prout
1468 2822 1508 2865 ex
1532 2801 1653 2865 virtute
1676 2803 1806 2884 prestiti
1830 2802 2010 2867 iuramenti
2034 2807 2178 2884 tenetur,
2202 2805 2351 2890 invare4)
2375 2807 2463 2869 licite

430 2913 553 2998 poterit
577 2911 728 2975 comitem
739 2910 767 2994 ⁵)
791 2910 832 2974 de
849 2909 1143 2990 Schuuweuborgh
1168 2909 1210 2973 de
1233 2908 1382 2972 eiusdem
1405 2907 1533 2971 comitis
1557 2907 1798 2972 munitionibus
1808 2907 1836 2991 ⁶)
1860 2907 1929 2972 sive
1954 2910 2070 2972 castris
2093 2929 2132 2973 ac
2156 2911 2304 2974 eiusdem
2331 2911 2462 2976 comitis

430 3019 620 3100 sumptibus
652 3020 685 3080 et
713 3017 879 3097 expensis,
915 3019 947 3080 el
981 3019 1061 3078 tunc
1092 3015 1168 3079 duci
1201 3014 1326 3078 domini
1357 3013 1505 3095 episcopi
1538 3014 1699 3078 satellites
1723 3015 1906 3096 dampnum
1930 3015 2051 3078 inferre
2074 3018 2233 3098 poterunt
2256 3020 2288 3079 et
2313 3019 2462 3100 recipere

430 3127 502 3190 sine
526 3125 633 3206 culpa,
658 3125 915 3204 verumptamen
940 3123 973 3184 in
999 3141 1134 3204 egressu
1159 3121 1199 3185 de
1224 3121 1341 3184 castris
1366 3119 1494 3183 domini
1518 3119 1667 3203 episcopi
1691 3139 1797 3203 usque
1821 3120 1863 3183 ad
1887 3121 2089 3184 munitiones
2113 3121 2243 3185 comitis
2258 3125 2292 3185 et
2307 3143 2462 3204 regressu

434 3233 475 3296 de
499 3232 623 3295 eisdem
648 3249 709 3292 nec
732 3230 878 3309 dampna
902 3227 1049 3309 recipere
1074 3225 1245 3291 debebunt
1269 3245 1331 3290 nec
1355 3225 1487 3304 inferre,
1521 3227 1553 3288 et
1577 3226 1604 3288 si
1629 3225 1809 3311 dampnal)
1840 3227 2025 3310 receperint
2048 3228 2117 3291 sive
2143 3227 2301 3310 captivati
2327 3231 2461 3302 luerint,

433 3338 594 3402 restitutis
611 3335 675 3399 sibi
691 3335 789 3398 bonis
814 3335 884 3398 suis
909 3334 1118 3398 dimittentur
1142 3333 1241 3397 liberi
1265 3336 1297 3396 et
1321 3333 1430 3412 soluti,
1456 3333 1637 3396 dummodo
1661 3334 1858 3413 capitaneus
1882 3333 2063 3414 prestiterit
2087 3336 2347 3412 sacramentum,
2371 3339 2461 3417 quod

315 3491 317 3498 >
429 3446 516 3508 inter
545 3445 689 3506 castrum
718 3443 751 3503 et
779 3443 924 3503 castrum
934 3439 960 3520 8)
989 3440 1123 3505 domino
1153 3439 1228 3503 duci
1261 3439 1385 3503 inferre
1416 3438 1561 3503 uoluerit
1591 3440 1838 3502 nocumentum.
1886 3439 1989 3502 Porro
2018 3439 2188 3520 predictus
2217 3440 2395 3522 episcopus
2420 3443 2461 3504 de

430 3551 547 3614 castris
571 3549 641 3612 suis
665 3549 697 3610 et
721 3545 875 3612 dominus
900 3546 965 3609 dux
990 3545 1031 3608 de
1055 3545 1124 3609 suis
1149 3545 1277 3608 nullum
1302 3545 1365 3608 sibi
1388 3543 1531 3608 invicem
1553 3543 1698 3608 inferant
1721 3547 1967 3624 nocumentum,
1991 3545 2051 3608 sed
2075 3544 2216 3627 quilibet
2239 3567 2355 3612 eorum
2381 3549 2460 3610 sub-

430 3657 519 3720 ditos
543 3655 678 3720 alterius
702 3652 736 3716 in
760 3653 828 3716 suis
851 3652 1094 3716 munitionibus
1116 3652 1183 3732 vel)
1205 3656 1299 3715 extra
1307 3649 1335 3733 ⁹)
1360 3651 1577 3730 mtunitioues
1593 3651 1645 3713 vel
1662 3650 1865 3732 ubicumque
1881 3650 2061 3714 honorabit
2077 3655 2109 3714 et
2126 3652 2234 3715 modis
2250 3657 2284 3715 et
2300 3653 2460 3734 mot)ibus

431 3763 555 3844 quibus
578 3760 700 3844 poterit
725 3758 943 3841 promovebit.
991 3759 1048 3839 (Et
1072 3757 1114 3820 ad
1139 3757 1200 3822 hec
1223 3757 1387 3839 premissa
1410 3760 1442 3820 et
1463 3756 1506 3819 ad
1522 3755 1697 3837 quodlibet
1706 3753 1748 3838 ¹⁰)
1771 3757 2010 3837 premissorum
2033 3754 2189 3838 firmiter)
2212 3759 2459 3822 observandum

430 3889 506 3933 cum
541 3867 664 3932 nostris
700 3864 872 3946 (militibus
909 3865 942 3926 et
978 3862 1159 3946 armigeriS,
1202 3882 1345 3946 quorum
1381 3862 1516 3926 nomina
1551 3861 1740 3944 subscripta
1774 3865 1863 3940 sunt,
1903 3860 2018 3943 tildem
2056 3862 2201 3926 invicem
2238 3865 2460 3946 presti(timu.-

429 3974 630 4040 manualem.
677 3970 903 4035 Fideiussores
928 3968 1053 4036 domini
1078 3969 1226 4052 episcopi
1249 3969 1348 4052 tales)
1372 3971 1465 4032 sunt:
1491 3967 1664 4032 Conradus
1689 3970 1807 4050 Poppo
1832 3970 1865 4031 et
1890 3968 2110 4033 Hermannus
2127 3969 2168 4033 de
2190 3969 2460 4052 Hardqnblerge

429 4080 597 4162 (canonici
621 4078 820 4155 Mindenses,
859 4075 1043 4159 Lippoldus
1068 4076 1109 4140 de
1133 4075 1353 4158 lla)ndeslen,
1388 4073 1559 4138 lohannes
1584 4075 1624 4140 de
1651 4073 1819 4154 Lubbeke,
1851 4073 2040 4138 Richardus
2065 4074 2167 4154 Lode,
2201 4075 2393 4140 Gerlrardus
2419 4078 2461 4140 de

430 4186 565 4268 Campe,
589 4183 773 4265 (lohannes
790 4182 1012 4262 Camerarius,
1038 4181 1222 4263 lohannes)
1248 4180 1289 4244 de
1305 4181 1520 4259 Bernewede,
1545 4180 1676 4258 milites,
1702 4180 1885 4244 Lodevicus
1911 4180 1952 4243 de
1976 4179 2317 4262 Egghelinborstelde,
2343 4183 2459 4260 (Hein-

431 4292 518 4356 ricus
535 4292 577 4354 de
594 4290 722 4373 Horst),
747 4289 949 4352 Hartbertus
973 4289 1014 4352 de
1038 4288 1231 4352 Mandeslen
1256 4291 1289 4350 et
1314 4285 1507 4351 Gerhardus
1531 4287 1572 4349 de
1589 4285 1737 4367 Eclrolte,
1762 4284 1886 4350 famuli.
1934 4285 2163 4350 Fideiussores
2187 4287 2342 4368 (dulmini
2366 4289 2460 4351 dur-is

430 4401 511 4461 sunt
538 4397 600 4461 hii:
637 4396 716 4460 Otto
741 4414 851 4458 comes
875 4395 917 4458 de
941 4393 1069 4476 Welpa,
1095 4393 1260 4456 Henricus
1285 4392 1475 4474 prepositus
1498 4393 1603 4457 sancti
1628 4391 1765 4473 Cyriaci,
1790 4392 1947 4456 Aswinus
1971 4393 2012 4456 de
2036 4392 2240 4475 (Salder)en,
2263 4393 2460 4458 'thidericus

431 4505 472 4568 de
501 4503 723 4581 Godenstede,
759 4500 954 4564 Wilhelmus
984 4500 1024 4564 de
1056 4499 1169 4577 Stade,
1203 4498 1371 4562 liutherus
1400 4499 1441 4562 de
1472 4498 1628 4576 Gustede‚
1665 4493 1831 4562 Henricus
1860 4498 1933 4581 (de)
1959 4496 2145 4574 Walmcde,
2181 4499 2381 4562 Wasmodus
2417 4501 2460 4562 de

429 4610 616 4688 Knesbeke,
641 4607 856 4672 Gevehardus
878 4606 919 4669 de
936 4606 1054 4686 Odem,
1077 4605 1246 4670 lohannes
1270 4604 1312 4668 de
1336 4606 1461 4684 Stums,
1485 4603 1703 4687 (R)ichardus
1727 4603 1768 4666 de
1792 4604 1934 4687 Estorpe
1957 4607 1991 4667 et
2015 4603 2098 4684 ..Pil,
2124 4604 2255 4669 milites.
2303 4604 2340 4669 In
2366 4606 2460 4669 cuius

430 4715 479 4780 rei
509 4715 736 4780 testimonium
767 4713 873 4794 sigilla
909 4715 1023 4775 nostra
1057 4711 1269 4794 presentibus
1304 4713 1383 4774 sunt
1418 4729 1577 4793 appensa.
1625 4711 1745 4774 Datum
1773 4712 1806 4774 et
1837 4711 1949 4774 actum
1978 4710 2181 4792 Wunstorpe
2210 4730 2298 4774 annu
2327 4712 2461 4775 Domini

431 4821 570 4886 M⁰.cc⁰.
595 4819 810 4902 nonagesimo
834 4837 933 4897 nono,
958 4817 992 4880 in
1016 4817 1069 4881 die
1092 4816 1206 4881 Brictii
1233 4816 1439 4882 contessoris.

647 4942 668 5010 ¹)
688 4943 806 4994 comitem
833 4939 867 4992 W.
911 4939 933 5010 ⁹)
953 4941 1057 4992 comitio
1086 4937 1117 4994 W.
1160 4939 1183 5010 ³)
1202 4937 1351 4994 iuravimus
1369 4939 1403 4992 A.
1442 4937 1465 5007 ⁴)
1484 4940 1572 4991 iurare
1598 4937 1631 4991 W.
1669 4937 1693 5008 ⁵)
1712 4940 1800 4992 comiti
1828 4937 1861 4992 vv:
1901 4939 1924 5010 ⁸)
1943 4939 2136 4992 munitionibus
2157 4939 2196 4991 bis
2216 4940 2404 5008 comitissam!
2424 4941 2458 4992 A.

754 5030 775 5098 ²)
794 5029 938 5097 dampnum
967 5026 999 5080 W.
1037 5026 1061 5097 ⁸)
1080 5033 1106 5080 et
1125 5029 1241 5082 castrum
1253 5028 1328 5096 saliit
1346 5027 1380 5082 A.
1419 5029 1440 5094 ⁰)
1458 5026 1526 5080 Hier
1546 5027 1652 5097 bepinnt
1669 5028 1718 5080 der
1741 5028 1809 5080 Text
1826 5029 1860 5079 ivn
1879 5029 1925 5080 Or.
1965 5026 2000 5097 ¹⁰)
2019 5029 2138 5096 quelibet
2158 5027 2192 5082 A.

571 5135 635 5201 Von
658 5137 725 5200 dem
753 5135 807 5200 Or.
831 5139 875 5198 im
898 5134 970 5220 Kpl.
998 5134 1102 5200 Sc-A.
1126 5157 1166 5198 zu
1190 5136 1339 5214 Minister,
1364 5132 1520 5199 Fsiretent.
1546 5134 1673 5198 Minden
1697 5132 1756 5198 Nr.
1780 5131 1848 5196 64b
1870 5138 1911 5198 iat
1931 5157 1993 5198 nur
2014 5135 2090 5197 noct
2112 5135 2168 5197 der
2191 5135 2276 5198 letzte
2302 5130 2367 5196 Teil
2390 5154 2460 5194 cor·

645 5243 768 5307 hoveden
794 5245 851 5306 mit
879 5243 937 5306 den
966 5239 1074 5306 beiden
1102 5252 1158 5326 put
1179 5241 1355 5306 erbulteneu
1379 5240 1503 5326 Siepeln
1532 5241 1586 5304 dea
1611 5239 1754 5324 Bibclup‘e
1776 5241 1843 5304 und
1864 5241 1917 5304 dea
1940 5237 2080 5324 Herzopr
2102 5245 2136 5302 in
2158 5253 2253 5303 rotem
2285 5235 2389 5301 wacta
2414 5261 2458 5298 cn

646 5348 968 5435 Perpameutatreifen.
1016 5345 1077 5412 Die
1099 5346 1331 5433 Erpdnzunpen
1353 5347 1436 5410 nach
1458 5347 1526 5410 dem
1548 5345 1660 5410 Druck
1691 5344 1902 5424 lliirdtweina,
1935 5343 2023 5410 Novo
2046 5345 2125 5409 soba.
2151 5343 2210 5425 IX,
2241 5345 2274 5410 S.
2301 5343 2359 5408 uu
2379 5340 2460 5426 (ll)
