5168 6798
1162 461 1230 516 raca
2103 449 2167 516 105

137 655 278 722 domum
300 653 471 738 Heilwigis
494 655 530 722 in
554 655 841 720 Northmenethen
870 673 946 720 cum
973 653 1042 720 suis
1068 654 1254 720 attinenciis
1283 659 1421 738 excepta
1449 656 1638 740 pischeria,
1669 658 1911 742 proprietatem
1941 660 2108 727 bonorum
2129 660 2166 728 in

137 761 419 845 Hetheligbusen,
443 779 544 844 quam
568 761 743 828 Conradus
767 759 862 826 miles
884 761 927 826 de
949 760 1038 844 Bega
1061 761 1200 829 anobis
1226 762 1263 826 in
1285 761 1384 829 feodo
1406 763 1529 846 tenuit,
1554 781 1673 829 urnam
1696 763 1803 830 mellis
1830 765 1866 830 iu
1887 765 2053 850 Vegelage
2076 767 2165 834 dioto

135 867 279 936 cenobio
306 885 369 952 pro
399 867 490 932 curia
516 866 552 932 in
579 865 865 948 Harlelreshusen,
903 885 1004 948 quam
1034 887 1055 932 a
1081 867 1215 932 domino
1246 866 1377 934 Gerado
1408 869 1451 934 de
1477 869 1646 936 Olttethen
1674 875 1963 954 comparaverant,
2000 874 2099 940 domo
2129 873 2166 940 iu

137 973 313 1040 Isenstede
337 976 370 1040 et
393 973 494 1038 domo
517 992 625 1056 pmpe
648 972 738 1038 Hille
765 971 800 1038 in
828 973 1059 1038 concambium
1082 972 1278 1040 donavimus
1305 976 1339 1038 et
1365 974 1614 1057 proprietatem.
1662 976 1777 1042 Dictus
1799 995 1880 1042 vero
1903 977 2164 1064 W(illehelmus)

135 1079 341 1163 prepositus,
364 1078 584 1163 bl(echtildis)
608 1079 778 1144 abbet‘msa
800 1098 877 1144 cum
893 1097 1057 1146 consessu
1081 1081 1115 1144 et
1137 1079 1309 1145 voluntate
1331 1080 1438 1147 tocius
1461 1085 1647 1147 conventus
1669 1082 1705 1148 in
1720 1082 1870 1148 beveren
1892 1084 2015 1148 dictam
2038 1084 2166 1152 curiam

137 1186 175 1254 in
199 1185 472 1252 Harlekesbusen
495 1204 572 1250 cum
594 1185 664 1250 suis
687 1183 889 1265 attinenciis,
914 1191 1050 1250 domum
1078 1183 1113 1250 in
1136 1185 1310 1250 Isenstede
1338 1205 1414 1252 cum
1444 1186 1514 1252 suis
1544 1186 1749 1270 attinenciis,
1779 1189 1915 1254 domum
1945 1207 2052 1274 prope
2076 1190 2167 1257 Hille

138 1309 219 1358 cum
249 1291 321 1358 suis
347 1291 536 1358 attinenciis
565 1291 664 1356 nobis
687 1293 721 1356 et
744 1290 882 1356 ecclesie
905 1293 1019 1356 nostre
1041 1290 1075 1354 in
1100 1290 1331 1356 concambium
1354 1295 1388 1358 et
1412 1292 1712 1358 commutacionem
1733 1295 1836 1362 libere
1858 1296 2079 1361 donaverunt.
2119 1297 2167 1362 Ut

137 1399 253 1464 autem
276 1398 339 1463 hec
361 1399 433 1462 rata
455 1399 489 1462 et
511 1397 707 1464 inconvulsa
735 1399 965 1481 permaneant,
996 1416 1136 1479 presens
1167 1397 1329 1480 scriptum
1359 1397 1468 1480 sigillo
1490 1401 1605 1464 nostro
1634 1398 1774 1466 iecimm
1800 1401 1960 1466 roborari.
2009 1400 2167 1484 Detumo

136 1503 252 1570 Minoe
274 1522 363 1570 anno
387 1502 521 1569 Domini
543 1501 790 1568 M⁰CG⁰XL⁰II⁰.

363 1609 384 1676 ²)
403 1606 442 1662 So
460 1607 510 1660 dor
529 1606 575 1661 Or.
614 1607 635 1675 ¹)
657 1605 713 1660 Von
729 1607 789 1660 lies·
806 1605 840 1659 ab
860 1607 911 1678 aad
926 1606 1025 1661 Bucar.

276 1693 330 1761 Or.
354 1699 398 1760 im
420 1695 494 1782 Kpl.
520 1693 626 1762 sa-A.
650 1717 690 1760 zu
712 1695 862 1774 Mamor,
890 1694 1009 1762 Lenem
1030 1695 1092 1761 Nr.
1117 1695 1169 1761 49.
1219 1695 1322 1783 Stoyci
1344 1697 1397 1762 dea
1421 1696 1570 1787 Biacdosa
1595 1722 1637 1764 aa
1659 1701 1728 1766 dem
1749 1722 1809 1766 oon
1829 1699 1886 1766 der
1911 1699 1989 1764 Urlr.
2011 1697 2167 1787 peacbait·

353 1813 441 1866 terren
465 1800 779 1888 Peryamentctretfca
800 1805 835 1865 in
856 1803 994 1868 madorem
1016 1799 1124 1866 Woclra
1145 1814 1202 1888 put
1224 1803 1368 1881 erholtea,
1393 1803 1578 1890 Attttdunp
1604 1802 1712 1884 Weatf.
1732 1804 1836 1892 Siepel
1859 1805 1936 1892 Hest
1953 1803 1997 1885 II,
2019 1805 2092 1886 Taf.
2107 1807 2163 1887 54,

353 1905 413 1972 Nr.
436 1905 468 1972 3.
519 1906 583 1972 Dic
610 1907 687 1972 oben
712 1919 887 1994 panareton
918 1906 991 1972 Orto
1019 1908 1093 1972 eiad
1118 1909 1207 1974 deute
1236 1907 1484 1990 Nordlllelmcn,
1513 1908 1793 1998 Ηεάἅὲπρὴαωοη,
1832 1909 1977 2000 Vetlaqe,
2012 1911 2166 1999 Hostiaq-

352 2013 479 2092 Iaacrsen,
507 2010 665 2078 Ismatd'dt
685 2013 758 2104 aad·
773 2011 869 2078 Hieta.
907 2009 972 2100 Vqt.
997 2014 1047 2079 die
1076 2009 1156 2078 Urlc.
1180 2036 1237 2078 oon
1261 2013 1346 2078 1244
1373 2013 1447 2082 Dea.
1471 2013 1526 2082 22.

1109 2228 1197 2308 377.

136 2355 235 2444 Gra!
264 2355 340 2429 Otto
366 2377 431 2426 oon
457 2354 679 2447 Ravawberp
705 2355 778 2428 aad
807 2355 906 2428 Frate
933 2355 1057 2446 sopite
1087 2361 1253 2444 pestcttea
1281 2356 1357 2426 dem
1385 2355 1444 2426 Kl.
1471 2357 1711 2430 Bersenbortok
1744 2359 1811 2430 dere
1838 2358 2004 2452 Sttrtoap
2037 2362 2076 2432 r'rt
2102 2361 2168 2433 der

885 2461 983 2534 Esca.
1037 2461 1274 2534 Bersenbrrtck
1304 2459 1417 2536 1242.

246 2561 382 2627 Testes:
416 2561 540 2626 Werno
569 2561 759 2645 prepositus
795 2562 829 2626 in
860 2561 1131 2646 Bersenbrugge,
1168 2562 1300 2626 Ulrious
1333 2562 1512 2628 canonicus
1540 2565 1646 2629 sancti
1677 2563 1839 2629 lobannis
1869 2567 1904 2631 in
1937 2566 2166 2650 osenbrugge,

135 2667 286 2733 Ioannes
309 2665 527 2750 cappellanus
549 2667 584 2732 in
607 2667 875 2752 Bersenbrugge,
900 2667 1116 2734 Herebordus
1147 2669 1189 2733 de
1212 2667 1397 2752 Spredowe
1424 2671 1458 2733 et
1483 2667 1572 2734 filius
1601 2689 1680 2734 suus
1705 2669 1918 2753 HerborduS,
1952 2671 2167 2738 Hermannus

135 2772 305 2855 Willikin,
339 2771 479 2839 isfridus
501 2773 644 2857 scriptor
665 2773 814 2854 comitia,
849 2773 994 2839 loannes
1022 2773 1130 2840 dictus
1163 2775 1271 2857 Pape,
1306 2773 1498 2839 Bertramus
1526 2774 1640 2858 Spric‚
1675 2773 1869 2843 Bertramus
1901 2777 1943 2843 de
1973 2776 2166 2860 Thinclege,

136 2878 307 2945 Henricus
328 2879 468 2962 dapifer,
492 2879 667 2944 Conradus
691 2879 842 2963 claviger.

273 2981 369 3050 Gedr.
405 2983 521 3062 Miser,
562 2982 697 3049 Osrtabr.
734 2982 911 3049 Geacdr'olrte
934 2980 997 3066 III,
1024 2981 1057 3050 S.
1080 2982 1157 3062 342,
1205 2983 1460 3049 Meter-Abaton
1488 2982 1584 3064 VIII,
1621 2983 1655 3051 S.
1678 2984 1743 3050 254
1775 2985 1835 3054 Nr.
1859 2986 1963 3067 201a,
2005 2987 2166 3073 sandoff,

352 3089 469 3154 Arest.
500 3087 614 3155 Ornat.
643 3089 713 3155 cccl.
743 3112 794 3154 res
819 3101 894 3177 pert.
920 3086 964 3168 II,
987 3087 1123 3176 Dtplom.
1150 3087 1184 3156 S.
1209 3087 1283 3169 100,
1323 3088 1458 3177 Lmncy,
1491 3087 1598 3156 Geoct.
1633 3091 1664 3157 d.
1694 3089 1769 3159 Cirr.
1793 3117 1821 3158 o.
1847 3091 2065 3180 umectam,
2092 3092 2166 3162 cod.

352 3193 716 3282 MSWMQ

1106 3342 1197 3420 378.

135 3465 242 3555 Graf
264 3465 425 3540 Gerlacrd
450 3489 515 3540 ooo
533 3467 759 3540 Stoltenbrolte
785 3467 944 3557 certauit
970 3467 1048 3540 dem
1068 3467 1205 3557 (iresca
1225 3468 1302 3540 Otto
1318 3490 1383 3542 ooo
1401 3469 1621 3560 Rauooberp
1648 3469 1721 3540 ared
1746 3470 1859 3542 seioer
1879 3470 1981 3542 Fran
2004 3470 2166 3564 depicta)

273 3689 368 3758 (ἔσάν.
396 3689 600 3776 Μίκρον,
637 3689 785 3774 Beitrdpc
807 3688 870 3769 III,
900 3573 1432 3771 fflfffmssjfilzsslfgffs·
1455 3689 1522 3756 218
1545 3688 1605 3756 Nc.
1629 3690 1705 3758 406.
1751 3691 1855 3758 Boolo
1886 3690 1957 3772 Hos
1985 3691 2085 3758 Boea
2118 3693 2170 3759 ba·

353 3797 559 3875 Arclrmdorf,
581 3797 642 3883 opt.
664 3795 888 3883 Dtepcabroclc,
911 3795 1018 3864 Gemi.
1042 3797 1074 3862 d.
1097 3799 1210 3884 Arnpta
1234 3798 1361 3884 Mqopere
1385 3796 1419 3863 S.
1446 3797 1519 3863 155.

1111 4014 1201 4092 379.

135 4137 247 4228 (iras
272 4139 424 4211 Korood
455 4161 520 4211 oon
554 4140 676 4212 Redeo
715 4141 821 4230 cinipt
860 4140 934 4212 sicit
973 4141 1037 4212 mit
1077 4139 1231 4229 Biaclrof
1263 4139 1401 4212 Joiorra
1442 4159 1505 4210 von
1547 4139 1702 4210 Miodea
1742 4159 1855 4228 coepere
1895 4139 1956 4211 deo
1993 4139 2167 4212 &blesam

851 4245 1127 4322 Korneninkel.
1183 4246 1220 4318 0.
1247 4246 1282 4319 J.
1310 4246 1452 4336 (1242).

247 4363 422 4430 Conradus
447 4363 507 4428 Dei
529 4363 636 4447 pratia
659 4382 769 4429 comes
793 4365 835 4430 de
859 4365 970 4429 Rothe
993 4363 1146 4428 omnious
1170 4365 1234 4430 hoc
1257 4363 1417 4446 scripturn
1439 4361 1647 4428 intuentibus
1671 4361 1812 4428 salutem
1835 4361 1870 4426 in
1886 4362 2041 4429 Domino.
2074 4361 2166 4441 Quo

131 4468 229 4534 niam
252 4489 302 4551 ea,
326 4489 393 4554 que
417 4471 490 4534 acta
513 4471 602 4551 sunt,
626 4489 671 4534 ne
691 4470 860 4535 memoriis
883 4469 1056 4536 hominum
1079 4469 1265 4551 elabantur,
1296 4469 1472 4552 scripturis
1502 4470 1535 4533 et
1562 4467 1741 4550 privilegiis
1764 4466 1890 4533 firmari
1911 4467 2034 4549 solent,
2059 4467 2164 4533 confi-

130 4577 252 4640 temur
270 4577 304 4640 et
326 4577 563 4659 protestamur,
595 4595 657 4641 nos
686 4595 761 4642 curn
784 4577 923 4641 domino
942 4575 1181 4660 Wdllehelmo)
1210 4575 1302 4641 bone
1328 4573 1488 4642 memorie
1517 4574 1691 4658 quondam
1715 4573 1878 4640 blindensi
1901 4575 2061 4658 episcopo
2085 4593 2165 4641 con-

132 4681 297 4746 cordasse
320 4682 383 4748 sub
406 4683 469 4748 hac
491 4681 615 4747 forma:
2243 4761 2248 4768 ,

247 4785 449 4869 G(onradus)
474 4788 535 4852 Dei
558 4787 664 4869 gratia
687 4808 798 4854 comes
821 4789 862 4854 de
885 4789 997 4854 Rothe
1022 4787 1186 4854 universis
1216 4787 1329 4872 scripti
1351 4788 1448 4854 huius
1476 4785 1725 4870 inspectoribus
1753 4788 1869 4851 notum
1900 4786 2165 4871 essevolumus,

132 4893 232 4977 quod
255 4913 331 4959 oum
355 4894 513 4960 dominus
533 4894 790 4975 W(illehelmss)
810 4893 993 4960 ldindensis
1016 4894 1193 4978 episcopus
1217 4896 1364 4960 cestram
1387 4911 1512 4960 novum
1534 4893 1570 4958 in
1593 4891 1678 4972 loco,
1702 4893 1759 4975 qui
1783 4893 1903 4958 dicitm
1918 4891 2164 4976 Karnewinlrel,

133 5001 336 5066 construere
356 5000 555 5080 intenderet,
580 5001 655 5084 ipse
676 4999 741 5064 sibi
764 5001 807 5066 ad
830 5000 1110 5066 constructionem
1133 5000 1240 5084 ipsius
1263 4999 1363 5066 castri
1386 4999 1544 5064 auxilium
1571 5001 1724 5064 nostrum
1747 4999 1923 5063 attendens
1945 4998 2018 5063 tore
2041 5019 2166 5082 oppor-

132 5109 262 5172 tunum
282 5106 381 5171 nobis
405 5107 536 5172 adhoc
563 5106 596 5171 ei
622 5107 879 5190 cooperantibus
908 5107 1058 5190 spacium
1088 5107 1131 5171 ad
1159 5107 1242 5172 eluas
1270 5105 1460 5173 mansiones
1491 5107 1526 5171 in
1554 5105 1632 5189 ipso
1660 5107 1772 5170 cestro
1800 5104 1964 5170 concessit
1999 5103 2034 5167 in
2064 5103 2165 5170 feodo

130 5211 209 5278 fide
230 5213 309 5279 data
331 5215 365 5277 et
388 5212 485 5279 nobis
508 5211 655 5278 tinniter·
672 5213 992 5296 repromittentibus
1022 5213 1114 5296 quod
1137 5233 1157 5278 a
1180 5213 1318 5278 servicio
1342 5211 1528 5278 Mindensis
1559 5211 1696 5277 ecclesie
1719 5229 1894 5294 nunquam
1919 5209 2165 5293 recederemus,

131 5318 199 5385 sed
222 5319 258 5384 in
281 5318 372 5384 omni
394 5339 500 5383 werra
522 5318 669 5404 episcopi
694 5322 729 5385 et
751 5318 889 5384 ecclesie
912 5319 1121 5384 coadiutores
1145 5337 1277 5404 semper
1299 5321 1332 5384 et
1354 5337 1417 5402 pro
1445 5335 1547 5402 posse
1571 5321 1688 5383 nostro
1711 5317 1910 5400 ¹defensores
1934 5314 2163 5397 existeremus,

131 5427 211 5510 ipse
234 5443 313 5490 vem
335 5444 432 5491 versa
455 5425 527 5490 vioe
550 5425 649 5490 nobis
672 5424 832 5508 promisit,
863 5427 954 5508 quod
979 5427 1094 5492 contra
1117 5444 1232 5491 omnes
1256 5424 1435 5490 iniuriosos
1457 5425 1631 5490 invasores
1655 5427 1788 5490 nostros
1811 5424 1908 5490 nobis
1932 5424 2068 5502 astaret,
2099 5422 2167 5485 hoc

245 5561 543 5608 wascum-nocam.
1910 5551 1950 5614 14
