<?xml version="1.0" encoding="UTF-8"?>
<!DOCTYPE html PUBLIC "-//W3C//DTD XHTML 1.0 Transitional//EN"
    "http://www.w3.org/TR/xhtml1/DTD/xhtml1-transitional.dtd">
<html xmlns="http://www.w3.org/1999/xhtml" xml:lang="en" lang="en">
 <head>
  <title>
</title>
<meta http-equiv="Content-Type" content="text/html;charset=utf-8" />
  <meta name='ocr-system' content='tesseract 3.04.00' />
  <meta name='ocr-capabilities' content='ocr_page ocr_carea ocr_par ocr_line ocrx_word'/>
</head>
<body>
  <div class='ocr_page' id='page_1' title='image "./westflischesurk00westgoog_0278.png"; bbox 0 0 5058 6792; ppageno 0'>
   <div class='ocr_carea' id='block_1_1' title="bbox 1077 405 2105 470">
    <p class='ocr_par' dir='ltr' id='par_1_1' title="bbox 1077 405 2105 470">
     <span class='ocr_line' id='line_1_1' title="bbox 1077 405 2105 470; baseline -0.001 0"><span class='ocrx_word' id='word_1_1' title='bbox 1077 415 1145 470; x_wconf 83' lang='lat'>1266</span> <span class='ocrx_word' id='word_1_2' title='bbox 2042 405 2105 469; x_wconf 84' lang='grc'>261</span> 
     </span>
    </p>
   </div>
   <div class='ocr_carea' id='block_1_2' title="bbox 1048 611 1142 690">
    <p class='ocr_par' dir='ltr' id='par_1_2' title="bbox 1048 611 1142 690">
     <span class='ocr_line' id='line_1_2' title="bbox 1048 611 1142 690; baseline 0 0"><span class='ocrx_word' id='word_1_3' title='bbox 1048 611 1142 690; x_wconf 86' lang='grc'><em>856.</em></span> 
     </span>
    </p>
   </div>
   <div class='ocr_carea' id='block_1_3' title="bbox 87 714 2110 937">
    <p class='ocr_par' dir='ltr' id='par_1_3' title="bbox 87 714 2110 937">
     <span class='ocr_line' id='line_1_3' title="bbox 87 714 2110 832; baseline 0.002 -17"><span class='ocrx_word' id='word_1_4' title='bbox 87 743 182 832; x_wconf 74' lang='lat' dir='ltr'>tiras</span> <span class='ocrx_word' id='word_1_5' title='bbox 205 740 375 814; x_wconf 76' lang='lat' dir='ltr'><strong><em>Heinrich</em></strong></span> <span class='ocrx_word' id='word_1_6' title='bbox 401 761 466 810; x_wconf 88' lang='grc'>666</span> <span class='ocrx_word' id='word_1_7' title='bbox 483 739 668 827; x_wconf 73' lang='grc'><em>,8666666</em></span> <span class='ocrx_word' id='word_1_8' title='bbox 694 738 830 810; x_wconf 85' lang='lat' dir='ltr'>echcnht</span> <span class='ocrx_word' id='word_1_9' title='bbox 858 738 934 809; x_wconf 85' lang='lat' dir='ltr'>dem</span> <span class='ocrx_word' id='word_1_10' title='bbox 955 714 1169 812; x_wconf 69' lang='grc'><em>11116666</em></span> <span class='ocrx_word' id='word_1_11' title='bbox 1197 742 1253 812; x_wconf 90' lang='lat' dir='ltr'>die</span> <span class='ocrx_word' id='word_1_12' title='bbox 1279 741 1349 812; x_wconf 86' lang='lat' dir='ltr'>ihm</span> <span class='ocrx_word' id='word_1_13' title='bbox 1375 743 1600 832; x_wconf 78' lang='lat' dir='ltr'>resipniertcn</span> <span class='ocrx_word' id='word_1_14' title='bbox 1620 744 1784 816; x_wconf 75' lang='grc'><em>6616616</em></span> <span class='ocrx_word' id='word_1_15' title='bbox 1805 742 2018 818; x_wconf 85' lang='lat' dir='ltr'>Colenhove</span> <span class='ocrx_word' id='word_1_16' title='bbox 2037 749 2110 820; x_wconf 90' lang='grc'>666</span> 
     </span>
     <span class='ocr_line' id='line_1_4' title="bbox 839 845 1360 937; baseline 0.01 -22"><span class='ocrx_word' id='word_1_17' title='bbox 839 845 992 937; x_wconf 76' lang='lat' dir='ltr'>Vehlcpe.</span> <span class='ocrx_word' id='word_1_18' title='bbox 1048 846 1230 937; x_wconf 74' lang='lat' dir='ltr'>Sternherg</span> <span class='ocrx_word' id='word_1_19' title='bbox 1257 851 1360 921; x_wconf 84' lang='grc'><em>1266.</em></span> 
     </span>
    </p>
   </div>
   <div class='ocr_carea' id='block_1_4' title="bbox 86 964 2110 2520">
    <p class='ocr_par' dir='ltr' id='par_1_4' title="bbox 86 964 2109 2095">
     <span class='ocr_line' id='line_1_5' title="bbox 189 964 2109 1051; baseline 0.003 -20"><span class='ocrx_word' id='word_1_20' title='bbox 189 967 357 1031; x_wconf 88' lang='lat' dir='ltr'>Henricus</span> <span class='ocrx_word' id='word_1_21' title='bbox 386 964 447 1028; x_wconf 91' lang='lat' dir='ltr'>Dei</span> <span class='ocrx_word' id='word_1_22' title='bbox 477 965 583 1046; x_wconf 86' lang='lat' dir='ltr'>gratia</span> <span class='ocrx_word' id='word_1_23' title='bbox 611 983 722 1027; x_wconf 85' lang='lat' dir='ltr'>comes</span> <span class='ocrx_word' id='word_1_24' title='bbox 755 964 789 1027; x_wconf 89' lang='lat' dir='ltr'>in</span> <span class='ocrx_word' id='word_1_25' title='bbox 822 964 1022 1047; x_wconf 81' lang='lat' dir='ltr'>Sterenberg</span> <span class='ocrx_word' id='word_1_26' title='bbox 1057 965 1222 1031; x_wconf 85' lang='lat' dir='ltr'>universis</span> <span class='ocrx_word' id='word_1_27' title='bbox 1256 970 1446 1049; x_wconf 82' lang='lat' dir='ltr'>presentem</span> <span class='ocrx_word' id='word_1_28' title='bbox 1479 969 1635 1050; x_wconf 83' lang='lat' dir='ltr'>paginam</span> <span class='ocrx_word' id='word_1_29' title='bbox 1664 968 1863 1051; x_wconf 87' lang='lat' dir='ltr'>inspecturis</span> <span class='ocrx_word' id='word_1_30' title='bbox 1894 973 2042 1036; x_wconf 90' lang='lat' dir='ltr'>eternam</span> <span class='ocrx_word' id='word_1_31' title='bbox 2074 973 2109 1037; x_wconf 91' lang='lat' dir='ltr'>in</span> 
     </span>
     <span class='ocr_line' id='line_1_6' title="bbox 87 1070 2107 1157; baseline 0.001 -17"><span class='ocrx_word' id='word_1_32' title='bbox 87 1075 226 1141; x_wconf 87' lang='lat' dir='ltr'>Domino</span> <span class='ocrx_word' id='word_1_33' title='bbox 256 1073 406 1136; x_wconf 87' lang='lat' dir='ltr'>salutem.</span> <span class='ocrx_word' id='word_1_34' title='bbox 454 1071 577 1136; x_wconf 90' lang='lat' dir='ltr'>Notum</span> <span class='ocrx_word' id='word_1_35' title='bbox 609 1091 682 1135; x_wconf 88' lang='lat' dir='ltr'>esse</span> <span class='ocrx_word' id='word_1_36' title='bbox 714 1070 867 1153; x_wconf 84' lang='lat' dir='ltr'>cupimus</span> <span class='ocrx_word' id='word_1_37' title='bbox 896 1073 965 1136; x_wconf 88' lang='lat' dir='ltr'>tam</span> <span class='ocrx_word' id='word_1_38' title='bbox 996 1071 1141 1155; x_wconf 89' lang='lat' dir='ltr'>posteris</span> <span class='ocrx_word' id='word_1_39' title='bbox 1166 1093 1266 1154; x_wconf 89' lang='lat' dir='ltr'>quam</span> <span class='ocrx_word' id='word_1_40' title='bbox 1290 1071 1468 1150; x_wconf 87' lang='lat' dir='ltr'>modernis,</span> <span class='ocrx_word' id='word_1_41' title='bbox 1503 1072 1596 1157; x_wconf 90' lang='lat' dir='ltr'>quod</span> <span class='ocrx_word' id='word_1_42' title='bbox 1620 1074 1773 1140; x_wconf 90' lang='lat' dir='ltr'>Luderus</span> <span class='ocrx_word' id='word_1_43' title='bbox 1798 1077 1907 1141; x_wconf 91' lang='lat' dir='ltr'>dictus</span> <span class='ocrx_word' id='word_1_44' title='bbox 1932 1078 1973 1142; x_wconf 90' lang='lat' dir='ltr'>de</span> <span class='ocrx_word' id='word_1_45' title='bbox 1996 1079 2107 1143; x_wconf 88' lang='lat' dir='ltr'>Werle</span> 
     </span>
     <span class='ocr_line' id='line_1_7' title="bbox 88 1177 2106 1267; baseline 0.002 -22"><span class='ocrx_word' id='word_1_46' title='bbox 88 1185 119 1247; x_wconf 88' lang='lat' dir='ltr'>et</span> <span class='ocrx_word' id='word_1_47' title='bbox 139 1181 299 1245; x_wconf 86' lang='lat' dir='ltr'>Albertus</span> <span class='ocrx_word' id='word_1_48' title='bbox 324 1178 433 1243; x_wconf 83' lang='lat' dir='ltr'>dictus</span> <span class='ocrx_word' id='word_1_49' title='bbox 457 1179 499 1242; x_wconf 90' lang='lat' dir='ltr'>de</span> <span class='ocrx_word' id='word_1_50' title='bbox 523 1177 631 1242; x_wconf 88' lang='lat' dir='ltr'>Glisse</span> <span class='ocrx_word' id='word_1_51' title='bbox 654 1177 775 1241; x_wconf 79' lang='lat' dir='ltr'>milites</span> <span class='ocrx_word' id='word_1_52' title='bbox 799 1197 898 1242; x_wconf 92' lang='lat' dir='ltr'>omne</span> <span class='ocrx_word' id='word_1_53' title='bbox 921 1177 984 1259; x_wconf 78' lang='lat' dir='ltr'>lue,</span> <span class='ocrx_word' id='word_1_54' title='bbox 1020 1179 1110 1260; x_wconf 89' lang='lat' dir='ltr'>quod</span> <span class='ocrx_word' id='word_1_55' title='bbox 1132 1178 1168 1243; x_wconf 94' lang='lat' dir='ltr'>in</span> <span class='ocrx_word' id='word_1_56' title='bbox 1190 1179 1288 1244; x_wconf 88' lang='lat' dir='ltr'>bouis</span> <span class='ocrx_word' id='word_1_57' title='bbox 1313 1178 1504 1245; x_wconf 88' lang='lat' dir='ltr'>Colenhove</span> <span class='ocrx_word' id='word_1_58' title='bbox 1527 1182 1560 1244; x_wconf 92' lang='lat' dir='ltr'>et</span> <span class='ocrx_word' id='word_1_59' title='bbox 1582 1180 1765 1264; x_wconf 89' lang='lat' dir='ltr'>Vechelage</span> <span class='ocrx_word' id='word_1_60' title='bbox 1792 1183 1916 1248; x_wconf 90' lang='lat' dir='ltr'>habere</span> <span class='ocrx_word' id='word_1_61' title='bbox 1939 1187 2106 1267; x_wconf 78' lang='lat' dir='ltr'>poterant,</span> 
     </span>
     <span class='ocr_line' id='line_1_8' title="bbox 86 1283 2108 1368; baseline 0.002 -16"><span class='ocrx_word' id='word_1_62' title='bbox 86 1289 119 1352; x_wconf 91' lang='grc'>16</span> <span class='ocrx_word' id='word_1_63' title='bbox 148 1307 269 1352; x_wconf 90' lang='lat' dir='ltr'>manus</span> <span class='ocrx_word' id='word_1_64' title='bbox 304 1288 438 1351; x_wconf 88' lang='lat' dir='ltr'>nostras</span> <span class='ocrx_word' id='word_1_65' title='bbox 474 1284 576 1349; x_wconf 89' lang='lat' dir='ltr'>libere</span> <span class='ocrx_word' id='word_1_66' title='bbox 613 1284 653 1348; x_wconf 92' lang='lat' dir='ltr'>de</span> <span class='ocrx_word' id='word_1_67' title='bbox 685 1283 844 1348; x_wconf 88' lang='lat' dir='ltr'>heredum</span> <span class='ocrx_word' id='word_1_68' title='bbox 880 1304 1016 1348; x_wconf 91' lang='lat' dir='ltr'>suorum</span> <span class='ocrx_word' id='word_1_69' title='bbox 1051 1303 1217 1350; x_wconf 90' lang='lat' dir='ltr'>consensu</span> <span class='ocrx_word' id='word_1_70' title='bbox 1252 1285 1511 1368; x_wconf 88' lang='lat' dir='ltr'>resignaverunt,</span> <span class='ocrx_word' id='word_1_71' title='bbox 1549 1290 1583 1351; x_wconf 92' lang='lat' dir='ltr'>et</span> <span class='ocrx_word' id='word_1_72' title='bbox 1607 1306 1668 1351; x_wconf 91' lang='lat' dir='ltr'>nos</span> <span class='ocrx_word' id='word_1_73' title='bbox 1693 1288 1803 1353; x_wconf 79' lang='lat' dir='ltr'>divine</span> <span class='ocrx_word' id='word_1_74' title='bbox 1832 1291 2108 1357; x_wconf 83' lang='lat' dir='ltr'>remunerationis</span> 
     </span>
     <span class='ocr_line' id='line_1_9' title="bbox 87 1389 2108 1476; baseline 0.002 -19"><span class='ocrx_word' id='word_1_75' title='bbox 87 1392 205 1458; x_wconf 90' lang='lat' dir='ltr'>intuitu</span> <span class='ocrx_word' id='word_1_76' title='bbox 229 1411 330 1456; x_wconf 90' lang='lat' dir='ltr'>omne</span> <span class='ocrx_word' id='word_1_77' title='bbox 352 1391 415 1473; x_wconf 92' lang='lat' dir='ltr'>ius,</span> <span class='ocrx_word' id='word_1_78' title='bbox 440 1390 531 1475; x_wconf 90' lang='lat' dir='ltr'>quod</span> <span class='ocrx_word' id='word_1_79' title='bbox 555 1389 652 1454; x_wconf 90' lang='lat' dir='ltr'>uobis</span> <span class='ocrx_word' id='word_1_80' title='bbox 677 1394 711 1454; x_wconf 91' lang='lat' dir='ltr'>et</span> <span class='ocrx_word' id='word_1_81' title='bbox 734 1390 913 1455; x_wconf 85' lang='lat' dir='ltr'>heredibus</span> <span class='ocrx_word' id='word_1_82' title='bbox 930 1392 1053 1456; x_wconf 88' lang='lat' dir='ltr'>nostris</span> <span class='ocrx_word' id='word_1_83' title='bbox 1068 1391 1104 1456; x_wconf 91' lang='lat' dir='ltr'>in</span> <span class='ocrx_word' id='word_1_84' title='bbox 1121 1391 1217 1457; x_wconf 87' lang='lat' dir='ltr'>dictis</span> <span class='ocrx_word' id='word_1_85' title='bbox 1234 1391 1332 1457; x_wconf 93' lang='lat' dir='ltr'>bonis</span> <span class='ocrx_word' id='word_1_86' title='bbox 1349 1392 1559 1476; x_wconf 82' lang='lat' dir='ltr'>conpetebat,</span> <span class='ocrx_word' id='word_1_87' title='bbox 1575 1393 1727 1476; x_wconf 87' lang='lat' dir='ltr'>ipsorum</span> <span class='ocrx_word' id='word_1_88' title='bbox 1742 1394 1901 1461; x_wconf 90' lang='lat' dir='ltr'>heredum</span> <span class='ocrx_word' id='word_1_89' title='bbox 1918 1399 2108 1462; x_wconf 87' lang='lat' dir='ltr'>nostrorum</span> 
     </span>
     <span class='ocr_line' id='line_1_10' title="bbox 88 1496 2108 1584; baseline 0.001 -19"><span class='ocrx_word' id='word_1_90' title='bbox 88 1501 172 1565; x_wconf 90' lang='lat' dir='ltr'>bona</span> <span class='ocrx_word' id='word_1_91' title='bbox 196 1500 230 1564; x_wconf 88' lang='lat' dir='ltr'>et</span> <span class='ocrx_word' id='word_1_92' title='bbox 253 1498 411 1564; x_wconf 90' lang='lat' dir='ltr'>benivola</span> <span class='ocrx_word' id='word_1_93' title='bbox 435 1496 613 1562; x_wconf 82' lang='lat' dir='ltr'>accedente</span> <span class='ocrx_word' id='word_1_94' title='bbox 636 1497 808 1562; x_wconf 90' lang='lat' dir='ltr'>voluntate</span> <span class='ocrx_word' id='word_1_95' title='bbox 832 1496 970 1562; x_wconf 85' lang='lat' dir='ltr'>ecclesie</span> <span class='ocrx_word' id='word_1_96' title='bbox 992 1497 1092 1564; x_wconf 89' lang='lat' dir='ltr'>beate</span> <span class='ocrx_word' id='word_1_97' title='bbox 1116 1498 1217 1563; x_wconf 91' lang='lat' dir='ltr'>Marie</span> <span class='ocrx_word' id='word_1_98' title='bbox 1240 1497 1377 1580; x_wconf 88' lang='lat' dir='ltr'>virginis</span> <span class='ocrx_word' id='word_1_99' title='bbox 1399 1499 1435 1563; x_wconf 90' lang='lat' dir='ltr'>in</span> <span class='ocrx_word' id='word_1_100' title='bbox 1458 1499 1605 1565; x_wconf 88' lang='lat' dir='ltr'>Leveren</span> <span class='ocrx_word' id='word_1_101' title='bbox 1636 1501 1830 1584; x_wconf 85' lang='lat' dir='ltr'>reliquimus</span> <span class='ocrx_word' id='word_1_102' title='bbox 1855 1504 1888 1566; x_wconf 91' lang='lat' dir='ltr'>et</span> <span class='ocrx_word' id='word_1_103' title='bbox 1912 1503 2108 1569; x_wconf 87' lang='lat' dir='ltr'>donavimus</span> 
     </span>
     <span class='ocr_line' id='line_1_11' title="bbox 86 1602 2108 1692; baseline 0.002 -22"><span class='ocrx_word' id='word_1_104' title='bbox 86 1605 120 1670; x_wconf 90' lang='lat' dir='ltr'>in</span> <span class='ocrx_word' id='word_1_105' title='bbox 134 1606 310 1688; x_wconf 80' lang='lat' dir='ltr'>proprium</span> <span class='ocrx_word' id='word_1_106' title='bbox 331 1603 443 1686; x_wconf 90' lang='lat' dir='ltr'>quiete</span> <span class='ocrx_word' id='word_1_107' title='bbox 467 1606 502 1668; x_wconf 91' lang='lat' dir='ltr'>et</span> <span class='ocrx_word' id='word_1_108' title='bbox 524 1602 661 1687; x_wconf 87' lang='lat' dir='ltr'>pacifice</span> <span class='ocrx_word' id='word_1_109' title='bbox 685 1605 850 1686; x_wconf 87' lang='lat' dir='ltr'>perpetuo</span> <span class='ocrx_word' id='word_1_110' title='bbox 873 1605 1125 1688; x_wconf 89' lang='lat' dir='ltr'>possidendum.</span> <span class='ocrx_word' id='word_1_111' title='bbox 1165 1606 1211 1670; x_wconf 91' lang='lat' dir='ltr'>Ut</span> <span class='ocrx_word' id='word_1_112' title='bbox 1228 1608 1339 1670; x_wconf 87' lang='lat' dir='ltr'>autern</span> <span class='ocrx_word' id='word_1_113' title='bbox 1357 1606 1420 1670; x_wconf 88' lang='lat' dir='ltr'>hoe</span> <span class='ocrx_word' id='word_1_114' title='bbox 1437 1606 1519 1671; x_wconf 90' lang='lat' dir='ltr'>nulli</span> <span class='ocrx_word' id='word_1_115' title='bbox 1534 1609 1683 1672; x_wconf 89' lang='lat' dir='ltr'>vertatur</span> <span class='ocrx_word' id='word_1_116' title='bbox 1698 1607 1733 1672; x_wconf 93' lang='grc'>16</span> <span class='ocrx_word' id='word_1_117' title='bbox 1751 1608 1900 1689; x_wconf 90' lang='lat' dir='ltr'>dubium,</span> <span class='ocrx_word' id='word_1_118' title='bbox 1918 1613 2108 1692; x_wconf 86' lang='lat' dir='ltr'>presentem</span> 
     </span>
     <span class='ocr_line' id='line_1_12' title="bbox 91 1709 2109 1794; baseline 0.004 -20"><span class='ocrx_word' id='word_1_119' title='bbox 91 1712 203 1775; x_wconf 81' lang='lat' dir='ltr'>exinde</span> <span class='ocrx_word' id='word_1_120' title='bbox 238 1711 396 1794; x_wconf 89' lang='lat' dir='ltr'>paginam</span> <span class='ocrx_word' id='word_1_121' title='bbox 431 1709 596 1775; x_wconf 89' lang='lat' dir='ltr'>conscribi</span> <span class='ocrx_word' id='word_1_122' title='bbox 624 1713 657 1775; x_wconf 88' lang='lat' dir='ltr'>et</span> <span class='ocrx_word' id='word_1_123' title='bbox 685 1709 783 1792; x_wconf 80' lang='lat' dir='ltr'>sigilli</span> <span class='ocrx_word' id='word_1_124' title='bbox 811 1711 918 1776; x_wconf 84' lang='lat' dir='ltr'>nostri</span> <span class='ocrx_word' id='word_1_125' title='bbox 947 1711 1057 1778; x_wconf 87' lang='lat' dir='ltr'>valido</span> <span class='ocrx_word' id='word_1_126' title='bbox 1087 1712 1269 1776; x_wconf 89' lang='lat' dir='ltr'>munimine</span> <span class='ocrx_word' id='word_1_127' title='bbox 1299 1710 1437 1777; x_wconf 88' lang='lat' dir='ltr'>fecimus</span> <span class='ocrx_word' id='word_1_128' title='bbox 1466 1713 1626 1779; x_wconf 88' lang='lat' dir='ltr'>roborari.</span> <span class='ocrx_word' id='word_1_129' title='bbox 1673 1714 1784 1780; x_wconf 89' lang='lat' dir='ltr'>Huius</span> <span class='ocrx_word' id='word_1_130' title='bbox 1815 1716 1862 1780; x_wconf 92' lang='lat' dir='ltr'>rei</span> <span class='ocrx_word' id='word_1_131' title='bbox 1886 1719 1988 1781; x_wconf 90' lang='lat' dir='ltr'>testes</span> <span class='ocrx_word' id='word_1_132' title='bbox 2013 1718 2109 1782; x_wconf 90' lang='lat' dir='ltr'>sunt:</span> 
     </span>
     <span class='ocr_line' id='line_1_13' title="bbox 87 1815 2108 1901; baseline 0.002 -20"><span class='ocrx_word' id='word_1_133' title='bbox 87 1818 258 1882; x_wconf 79' lang='lat' dir='ltr'>Comedus</span> <span class='ocrx_word' id='word_1_134' title='bbox 284 1818 325 1884; x_wconf 92' lang='lat' dir='ltr'>de</span> <span class='ocrx_word' id='word_1_135' title='bbox 348 1817 470 1898; x_wconf 92' lang='lat' dir='ltr'>Beche,</span> <span class='ocrx_word' id='word_1_136' title='bbox 493 1815 664 1881; x_wconf 84' lang='lat' dir='ltr'>iohannes</span> <span class='ocrx_word' id='word_1_137' title='bbox 688 1816 730 1880; x_wconf 91' lang='lat' dir='ltr'>de</span> <span class='ocrx_word' id='word_1_138' title='bbox 753 1817 925 1900; x_wconf 90' lang='lat' dir='ltr'>Donoppe,</span> <span class='ocrx_word' id='word_1_139' title='bbox 949 1817 1087 1898; x_wconf 82' lang='lat' dir='ltr'>milites3</span> <span class='ocrx_word' id='word_1_140' title='bbox 1111 1818 1281 1883; x_wconf 86' lang='lat' dir='ltr'>iohannes</span> <span class='ocrx_word' id='word_1_141' title='bbox 1304 1819 1346 1883; x_wconf 91' lang='lat' dir='ltr'>de</span> <span class='ocrx_word' id='word_1_142' title='bbox 1369 1818 1491 1899; x_wconf 90' lang='lat' dir='ltr'>Beche,</span> <span class='ocrx_word' id='word_1_143' title='bbox 1514 1818 1705 1884; x_wconf 88' lang='lat' dir='ltr'>Bernardus</span> <span class='ocrx_word' id='word_1_144' title='bbox 1729 1821 1770 1884; x_wconf 94' lang='lat' dir='ltr'>de</span> <span class='ocrx_word' id='word_1_145' title='bbox 1794 1820 1914 1901; x_wconf 89' lang='lat' dir='ltr'>Werle‚</span> <span class='ocrx_word' id='word_1_146' title='bbox 1938 1822 2108 1886; x_wconf 81' lang='lat' dir='ltr'>iohannes</span> 
     </span>
     <span class='ocr_line' id='line_1_14' title="bbox 87 1921 2109 2010; baseline 0.003 -24"><span class='ocrx_word' id='word_1_147' title='bbox 87 1925 126 1988; x_wconf 89' lang='lat' dir='ltr'>de</span> <span class='ocrx_word' id='word_1_148' title='bbox 158 1923 355 1990; x_wconf 89' lang='lat' dir='ltr'>Molenbeke</span> <span class='ocrx_word' id='word_1_149' title='bbox 394 1926 427 1988; x_wconf 93' lang='lat' dir='ltr'>et</span> <span class='ocrx_word' id='word_1_150' title='bbox 466 1923 679 1988; x_wconf 88' lang='lat' dir='ltr'>Hermannus</span> <span class='ocrx_word' id='word_1_151' title='bbox 715 1921 805 1988; x_wconf 90' lang='lat' dir='ltr'>filius</span> <span class='ocrx_word' id='word_1_152' title='bbox 844 1942 936 2005; x_wconf 92' lang='lat' dir='ltr'>suus,</span> <span class='ocrx_word' id='word_1_153' title='bbox 975 1923 1099 2006; x_wconf 84' lang='lat' dir='ltr'>famuli,</span> <span class='ocrx_word' id='word_1_154' title='bbox 1140 1926 1174 1988; x_wconf 91' lang='lat' dir='ltr'>et</span> <span class='ocrx_word' id='word_1_155' title='bbox 1207 1923 1263 1990; x_wconf 89' lang='lat' dir='ltr'>alii</span> <span class='ocrx_word' id='word_1_156' title='bbox 1298 1944 1398 2007; x_wconf 88' lang='lat' dir='ltr'>quam</span> <span class='ocrx_word' id='word_1_157' title='bbox 1432 1924 1556 2007; x_wconf 87' lang='lat' dir='ltr'>plures.</span> <span class='ocrx_word' id='word_1_158' title='bbox 1614 1925 1737 1991; x_wconf 88' lang='lat' dir='ltr'>Datum</span> <span class='ocrx_word' id='word_1_159' title='bbox 1772 1926 1982 2010; x_wconf 88' lang='lat' dir='ltr'>Sterenberg,</span> <span class='ocrx_word' id='word_1_160' title='bbox 2021 1947 2109 1995; x_wconf 91' lang='lat' dir='ltr'>anno</span> 
     </span>
     <span class='ocr_line' id='line_1_15' title="bbox 88 2029 1281 2095; baseline 0.003 -2"><span class='ocrx_word' id='word_1_161' title='bbox 88 2029 214 2094; x_wconf 89' lang='lat' dir='ltr'>Domini</span> <span class='ocrx_word' id='word_1_162' title='bbox 239 2029 503 2095; x_wconf 87' lang='lat' dir='ltr'><strong>M⁰CC⁰LX⁰VI⁰.</strong></span> <span class='ocrx_word' id='word_1_163' title='bbox 1277 2049 1281 2058; x_wconf 79' lang='grc'><strong>’</strong></span> 
     </span>
    </p>

    <p class='ocr_par' dir='ltr' id='par_1_5' title="bbox 220 2133 2110 2520">
     <span class='ocr_line' id='line_1_16' title="bbox 220 2133 2110 2222; baseline 0.003 -24"><span class='ocrx_word' id='word_1_164' title='bbox 220 2133 277 2201; x_wconf 79' lang='lat' dir='ltr'>Or.</span> <span class='ocrx_word' id='word_1_165' title='bbox 307 2139 352 2198; x_wconf 76' lang='lat' dir='ltr'>ian</span> <span class='ocrx_word' id='word_1_166' title='bbox 379 2134 451 2220; x_wconf 75' lang='lat' dir='ltr'>Kpl.</span> <span class='ocrx_word' id='word_1_167' title='bbox 485 2133 592 2199; x_wconf 75' lang='lat' dir='ltr'>Sc-A.</span> <span class='ocrx_word' id='word_1_168' title='bbox 622 2157 661 2198; x_wconf 83' lang='lat' dir='ltr'>zu</span> <span class='ocrx_word' id='word_1_169' title='bbox 687 2134 838 2215; x_wconf 78' lang='grc'><em>6166666,</em></span> <span class='ocrx_word' id='word_1_170' title='bbox 874 2133 993 2201; x_wconf 81' lang='lat' dir='ltr'>Levern</span> <span class='ocrx_word' id='word_1_171' title='bbox 1024 2134 1086 2200; x_wconf 85' lang='lat' dir='ltr'>Nr.</span> <span class='ocrx_word' id='word_1_172' title='bbox 1116 2135 1168 2201; x_wconf 79' lang='lat'>80.</span> <span class='ocrx_word' id='word_1_173' title='bbox 1228 2135 1451 2222; x_wconf 77' lang='lat' dir='ltr'>Becchddiptes</span> <span class='ocrx_word' id='word_1_174' title='bbox 1482 2134 1585 2222; x_wconf 76' lang='lat' dir='ltr'>Siepel</span> <span class='ocrx_word' id='word_1_175' title='bbox 1612 2138 1664 2201; x_wconf 83' lang='lat' dir='ltr'>dea</span> <span class='ocrx_word' id='word_1_176' title='bbox 1692 2138 1880 2204; x_wconf 80' lang='lat' dir='ltr'>Auaatclierc</span> <span class='ocrx_word' id='word_1_177' title='bbox 1913 2143 1948 2202; x_wconf 88' lang='lat' dir='ltr'>in</span> <span class='ocrx_word' id='word_1_178' title='bbox 1973 2142 2110 2203; x_wconf 80' lang='lat' dir='ltr'>weiaacm</span> 
     </span>
     <span class='ocr_line' id='line_1_17' title="bbox 303 2229 2110 2328; baseline 0.003 -27"><span class='ocrx_word' id='word_1_179' title='bbox 303 2239 414 2306; x_wconf 81' lang='lat' dir='ltr'>chha</span> <span class='ocrx_word' id='word_1_180' title='bbox 450 2263 492 2304; x_wconf 87' lang='grc'>66</span> <span class='ocrx_word' id='word_1_181' title='bbox 522 2239 845 2326; x_wconf 74' lang='lat' dir='ltr'>Pergamentatreifen.</span> <span class='ocrx_word' id='word_1_182' title='bbox 896 2238 990 2306; x_wconf 77' lang='lat' dir='ltr'>Gedr.</span> <span class='ocrx_word' id='word_1_183' title='bbox 1021 2241 1205 2320; x_wconf 75' lang='lat' dir='ltr'>Zeitachrift</span> <span class='ocrx_word' id='word_1_184' title='bbox 1232 2229 1307 2321; x_wconf 75' lang='grc' dir='ltr'>ΙΧ,</span> <span class='ocrx_word' id='word_1_185' title='bbox 1331 2242 1364 2307; x_wconf 81' lang='lat' dir='ltr'>S.</span> <span class='ocrx_word' id='word_1_186' title='bbox 1397 2240 1452 2318; x_wconf 75' lang='lat' dir='ltr'>7l;</span> <span class='ocrx_word' id='word_1_187' title='bbox 1487 2241 1599 2328; x_wconf 66' lang='lat' dir='ltr'>nepae</span> <span class='ocrx_word' id='word_1_188' title='bbox 1642 2241 1744 2324; x_wconf 77' lang='lat' dir='ltr'>chatf,</span> <span class='ocrx_word' id='word_1_189' title='bbox 1779 2243 1809 2307; x_wconf 90' lang='lat' dir='ltr'><em>U</em></span> <span class='ocrx_word' id='word_1_190' title='bbox 1811 2245 1849 2310; x_wconf 90' lang='lat' dir='ltr'>B.</span> <span class='ocrx_word' id='word_1_191' title='bbox 1882 2241 1941 2323; x_wconf 88' lang='lat' dir='ltr'>IV,</span> <span class='ocrx_word' id='word_1_192' title='bbox 1979 2244 2012 2311; x_wconf 83' lang='lat' dir='ltr'>S.</span> <span class='ocrx_word' id='word_1_193' title='bbox 2042 2243 2110 2308; x_wconf 81' lang='grc'>616</span> 
     </span>
     <span class='ocr_line' id='line_1_18' title="bbox 300 2345 2108 2436; baseline 0.004 -27"><span class='ocrx_word' id='word_1_194' title='bbox 300 2345 357 2414; x_wconf 88' lang='lat' dir='ltr'>Nr.</span> <span class='ocrx_word' id='word_1_195' title='bbox 390 2345 476 2411; x_wconf 74' lang='lat'><strong><em>1094</em></strong></span> <span class='ocrx_word' id='word_1_196' title='bbox 513 2347 580 2410; x_wconf 85' lang='grc'>666</span> <span class='ocrx_word' id='word_1_197' title='bbox 614 2345 707 2432; x_wconf 73' lang='lat' dir='ltr'>Lepp.</span> <span class='ocrx_word' id='word_1_198' title='bbox 744 2345 842 2433; x_wconf 73' lang='lat' dir='ltr'>Repg.</span> <span class='ocrx_word' id='word_1_199' title='bbox 875 2347 901 2427; x_wconf 89' lang='grc' dir='ltr'>Ι,</span> <span class='ocrx_word' id='word_1_200' title='bbox 940 2346 973 2414; x_wconf 81' lang='lat' dir='ltr'>S.</span> <span class='ocrx_word' id='word_1_201' title='bbox 1008 2347 1076 2411; x_wconf 78' lang='lat'>223</span> <span class='ocrx_word' id='word_1_202' title='bbox 1109 2346 1172 2411; x_wconf 88' lang='lat' dir='ltr'>Nr.</span> <span class='ocrx_word' id='word_1_203' title='bbox 1206 2346 1283 2427; x_wconf 81' lang='lat'>337,</span> <span class='ocrx_word' id='word_1_204' title='bbox 1326 2349 1412 2414; x_wconf 85' lang='lat' dir='ltr'>beide</span> <span class='ocrx_word' id='word_1_205' title='bbox 1445 2353 1500 2412; x_wconf 86' lang='lat' dir='ltr'>mit</span> <span class='ocrx_word' id='word_1_206' title='bbox 1532 2351 1723 2436; x_wconf 73' lang='lat' dir='ltr'>unrichtiqer</span> <span class='ocrx_word' id='word_1_207' title='bbox 1758 2350 1976 2436; x_wconf 80' lang='lat' dir='ltr'>Ortadeutaap,</span> <span class='ocrx_word' id='word_1_208' title='bbox 2013 2352 2108 2436; x_wconf 74' lang='grc'><em>66691.</em></span> 
     </span>
     <span class='ocr_line' id='line_1_19' title="bbox 296 2451 584 2520; baseline 0.01 -3"><span class='ocrx_word' id='word_1_209' title='bbox 296 2454 401 2519; x_wconf 82' lang='lat' dir='ltr'>hierza</span> <span class='ocrx_word' id='word_1_210' title='bbox 423 2451 484 2516; x_wconf 80' lang='lat' dir='ltr'>nh.</span> <span class='ocrx_word' id='word_1_211' title='bbox 507 2451 584 2520; x_wconf 81' lang='lat'><strong><em>389.</em></strong></span> 
     </span>
    </p>
   </div>
   <div class='ocr_carea' id='block_1_5' title="bbox 1051 2583 1143 2661">
    <p class='ocr_par' dir='ltr' id='par_1_6' title="bbox 1051 2583 1143 2661">
     <span class='ocr_line' id='line_1_20' title="bbox 1051 2583 1143 2661; baseline -0.011 0"><span class='ocrx_word' id='word_1_212' title='bbox 1051 2583 1143 2661; x_wconf 78' lang='lat'><strong>857.</strong></span> 
     </span>
    </p>
   </div>
   <div class='ocr_carea' id='block_1_6' title="bbox 87 2709 2117 3013">
    <p class='ocr_par' dir='ltr' id='par_1_7' title="bbox 87 2709 2117 3013">
     <span class='ocr_line' id='line_1_21' title="bbox 87 2709 2117 2805; baseline 0.003 -25"><span class='ocrx_word' id='word_1_213' title='bbox 87 2709 150 2780; x_wconf 83' lang='lat' dir='ltr'>Dic</span> <span class='ocrx_word' id='word_1_214' title='bbox 176 2709 424 2800; x_wconf 75' lang='lat' dir='ltr'>Barpmdnner</span> <span class='ocrx_word' id='word_1_215' title='bbox 450 2731 515 2780; x_wconf 89' lang='grc'>666</span> <span class='ocrx_word' id='word_1_216' title='bbox 550 2709 666 2782; x_wconf 68' lang='lat' dir='ltr'>Vlothe</span> <span class='ocrx_word' id='word_1_217' title='bbox 694 2709 876 2798; x_wconf 68' lang='lat' dir='ltr'>boberellen,</span> <span class='ocrx_word' id='word_1_218' title='bbox 905 2710 987 2782; x_wconf 82' lang='lat' dir='ltr'>dass</span> <span class='ocrx_word' id='word_1_219' title='bbox 1015 2711 1130 2783; x_wconf 85' lang='lat' dir='ltr'>Rittcr</span> <span class='ocrx_word' id='word_1_220' title='bbox 1156 2709 1351 2782; x_wconf 79' lang='lat' dir='ltr'>Helemhcrt</span> <span class='ocrx_word' id='word_1_221' title='bbox 1378 2733 1442 2782; x_wconf 90' lang='grc'>666</span> <span class='ocrx_word' id='word_1_222' title='bbox 1461 2711 1675 2783; x_wconf 82' lang='lat' dir='ltr'>Holthouscc</span> <span class='ocrx_word' id='word_1_223' title='bbox 1701 2714 1923 2803; x_wconf 84' lang='lat' dir='ltr'>oersprochen</span> <span class='ocrx_word' id='word_1_224' title='bbox 1950 2715 2018 2805; x_wconf 85' lang='lat' dir='ltr'>hot,</span> <span class='ocrx_word' id='word_1_225' title='bbox 2046 2713 2117 2804; x_wconf 83' lang='lat' dir='ltr'>ons</span> 
     </span>
     <span class='ocr_line' id='line_1_22' title="bbox 87 2813 2110 2909; baseline 0.002 -21"><span class='ocrx_word' id='word_1_226' title='bbox 87 2816 147 2888; x_wconf 86' lang='lat' dir='ltr'>den</span> <span class='ocrx_word' id='word_1_227' title='bbox 172 2816 254 2904; x_wconf 82' lang='lat' dir='ltr'>Hof</span> <span class='ocrx_word' id='word_1_228' title='bbox 274 2817 314 2887; x_wconf 85' lang='lat' dir='ltr'>in</span> <span class='ocrx_word' id='word_1_229' title='bbox 340 2813 530 2887; x_wconf 88' lang='lat' dir='ltr'>Alesbeke</span> <span class='ocrx_word' id='word_1_230' title='bbox 563 2837 606 2886; x_wconf 76' lang='grc'>66</span> <span class='ocrx_word' id='word_1_231' title='bbox 639 2816 837 2906; x_wconf 63' lang='lat' dir='ltr'>channen,</span> <span class='ocrx_word' id='word_1_232' title='bbox 879 2815 963 2906; x_wconf 82' lang='lat' dir='ltr'>falls</span> <span class='ocrx_word' id='word_1_233' title='bbox 998 2817 1100 2906; x_wconf 78' lang='lat' dir='ltr'>Grof</span> <span class='ocrx_word' id='word_1_234' title='bbox 1122 2816 1282 2890; x_wconf 81' lang='lat' dir='ltr'>Gcrhurd</span> <span class='ocrx_word' id='word_1_235' title='bbox 1310 2839 1374 2888; x_wconf 90' lang='grc'>666</span> <span class='ocrx_word' id='word_1_236' title='bbox 1401 2817 1637 2909; x_wconf 74' lang='grc'><em>8666666669</em></span> <span class='ocrx_word' id='word_1_237' title='bbox 1670 2819 1731 2890; x_wconf 86' lang='lat' dir='ltr'>ihn</span> <span class='ocrx_word' id='word_1_238' title='bbox 1765 2820 1841 2890; x_wconf 85' lang='lat' dir='ltr'>dem</span> <span class='ocrx_word' id='word_1_239' title='bbox 1870 2820 2110 2894; x_wconf 79' lang='lat' dir='ltr'>Moriahloster</span> 
     </span>
     <span class='ocr_line' id='line_1_23' title="bbox 656 2922 1548 3013; baseline 0.004 -21"><span class='ocrx_word' id='word_1_240' title='bbox 656 2944 718 2992; x_wconf 86' lang='lat' dir='ltr'>vor</span> <span class='ocrx_word' id='word_1_241' title='bbox 745 2922 896 2994; x_wconf 77' lang='grc'><em>6116666</em></span> <span class='ocrx_word' id='word_1_242' title='bbox 922 2945 966 2994; x_wconf 77' lang='lat' dir='ltr'>zu</span> <span class='ocrx_word' id='word_1_243' title='bbox 994 2923 1108 3012; x_wconf 77' lang='lat' dir='ltr'>Fipen</span> <span class='ocrx_word' id='word_1_244' title='bbox 1132 2923 1231 3013; x_wconf 75' lang='lat' dir='ltr'>gicht.</span> <span class='ocrx_word' id='word_1_245' title='bbox 1294 2923 1416 2995; x_wconf 84' lang='lat' dir='ltr'>Vlothe</span> <span class='ocrx_word' id='word_1_246' title='bbox 1443 2923 1548 2999; x_wconf 90' lang='grc'><em>1266.</em></span> 
     </span>
    </p>
   </div>
   <div class='ocr_carea' id='block_1_7' title="bbox 87 3039 2143 4292">
    <p class='ocr_par' dir='ltr' id='par_1_8' title="bbox 87 3039 2143 3654">
     <span class='ocr_line' id='line_1_24' title="bbox 187 3039 2107 3128; baseline 0.002 -23"><span class='ocrx_word' id='word_1_247' title='bbox 187 3041 259 3105; x_wconf 89' lang='lat' dir='ltr'>Nos</span> <span class='ocrx_word' id='word_1_248' title='bbox 290 3039 491 3105; x_wconf 86' lang='lat' dir='ltr'>universitas</span> <span class='ocrx_word' id='word_1_249' title='bbox 520 3041 740 3106; x_wconf 84' lang='lat' dir='ltr'>castrensium</span> <span class='ocrx_word' id='word_1_250' title='bbox 762 3041 797 3104; x_wconf 91' lang='lat' dir='ltr'>in</span> <span class='ocrx_word' id='word_1_251' title='bbox 820 3041 968 3107; x_wconf 83' lang='lat' dir='ltr'>Flotowe</span> <span class='ocrx_word' id='word_1_252' title='bbox 992 3042 1147 3107; x_wconf 89' lang='lat' dir='ltr'>omnibus</span> <span class='ocrx_word' id='word_1_253' title='bbox 1171 3061 1271 3107; x_wconf 90' lang='lat' dir='ltr'>nosse</span> <span class='ocrx_word' id='word_1_254' title='bbox 1294 3041 1485 3107; x_wconf 89' lang='lat' dir='ltr'>volentibus</span> <span class='ocrx_word' id='word_1_255' title='bbox 1510 3042 1724 3125; x_wconf 89' lang='lat' dir='ltr'>presentibus</span> <span class='ocrx_word' id='word_1_256' title='bbox 1748 3046 1980 3127; x_wconf 85' lang='lat' dir='ltr'>protestamur,</span> <span class='ocrx_word' id='word_1_257' title='bbox 2005 3046 2107 3128; x_wconf 87' lang='lat' dir='ltr'>quod,</span> 
     </span>
     <span class='ocr_line' id='line_1_25' title="bbox 87 3146 2109 3236; baseline 0.003 -26"><span class='ocrx_word' id='word_1_258' title='bbox 87 3163 156 3210; x_wconf 88' lang='lat' dir='ltr'>cum</span> <span class='ocrx_word' id='word_1_259' title='bbox 178 3146 416 3212; x_wconf 90' lang='lat' dir='ltr'>Helembertus</span> <span class='ocrx_word' id='word_1_260' title='bbox 440 3146 534 3211; x_wconf 89' lang='lat' dir='ltr'>miles</span> <span class='ocrx_word' id='word_1_261' title='bbox 560 3147 600 3211; x_wconf 91' lang='lat' dir='ltr'>de</span> <span class='ocrx_word' id='word_1_262' title='bbox 625 3146 816 3212; x_wconf 88' lang='lat' dir='ltr'>Holthusen</span> <span class='ocrx_word' id='word_1_263' title='bbox 849 3167 960 3213; x_wconf 87' lang='lat' dir='ltr'>aream</span> <span class='ocrx_word' id='word_1_264' title='bbox 991 3149 1159 3232; x_wconf 90' lang='lat' dir='ltr'>quandam</span> <span class='ocrx_word' id='word_1_265' title='bbox 1188 3167 1294 3232; x_wconf 87' lang='lat' dir='ltr'>prope</span> <span class='ocrx_word' id='word_1_266' title='bbox 1319 3147 1444 3213; x_wconf 90' lang='lat' dir='ltr'>curiam</span> <span class='ocrx_word' id='word_1_267' title='bbox 1468 3147 1632 3214; x_wconf 82' lang='lat' dir='ltr'>Alesbelve</span> <span class='ocrx_word' id='word_1_268' title='bbox 1656 3149 1752 3215; x_wconf 91' lang='lat' dir='ltr'>sitam</span> <span class='ocrx_word' id='word_1_269' title='bbox 1777 3150 1911 3216; x_wconf 93' lang='lat' dir='ltr'>domiuo</span> <span class='ocrx_word' id='word_1_270' title='bbox 1936 3150 2109 3236; x_wconf 87' lang='lat' dir='ltr'>G(erlago)</span> 
     </span>
     <span class='ocr_line' id='line_1_26' title="bbox 88 3252 2109 3342; baseline 0.003 -26"><span class='ocrx_word' id='word_1_271' title='bbox 88 3252 194 3320; x_wconf 88' lang='lat' dir='ltr'>abbati</span> <span class='ocrx_word' id='word_1_272' title='bbox 223 3254 267 3318; x_wconf 87' lang='lat' dir='ltr'>de</span> <span class='ocrx_word' id='word_1_273' title='bbox 296 3252 409 3318; x_wconf 90' lang='lat' dir='ltr'>Insula</span> <span class='ocrx_word' id='word_1_274' title='bbox 444 3253 633 3336; x_wconf 79' lang='lat' dir='ltr'>resignavit,</span> <span class='ocrx_word' id='word_1_275' title='bbox 669 3273 771 3337; x_wconf 86' lang='lat' dir='ltr'>super</span> <span class='ocrx_word' id='word_1_276' title='bbox 799 3274 865 3336; x_wconf 86' lang='lat' dir='ltr'>qua</span> <span class='ocrx_word' id='word_1_277' title='bbox 893 3254 980 3319; x_wconf 88' lang='lat' dir='ltr'>inter</span> <span class='ocrx_word' id='word_1_278' title='bbox 1008 3275 1066 3320; x_wconf 88' lang='lat' dir='ltr'>eos</span> <span class='ocrx_word' id='word_1_279' title='bbox 1096 3254 1262 3320; x_wconf 89' lang='lat' dir='ltr'>discordia</span> <span class='ocrx_word' id='word_1_280' title='bbox 1289 3253 1399 3319; x_wconf 86' lang='lat' dir='ltr'>luerat</span> <span class='ocrx_word' id='word_1_281' title='bbox 1428 3254 1554 3334; x_wconf 88' lang='lat' dir='ltr'>habita,</span> <span class='ocrx_word' id='word_1_282' title='bbox 1589 3255 1675 3321; x_wconf 91' lang='lat' dir='ltr'>idern</span> <span class='ocrx_word' id='word_1_283' title='bbox 1705 3255 1970 3342; x_wconf 89' lang='lat' dir='ltr'>H(elembertus)</span> <span class='ocrx_word' id='word_1_284' title='bbox 1998 3277 2109 3323; x_wconf 86' lang='lat' dir='ltr'>eoram</span> 
     </span>
     <span class='ocr_line' id='line_1_27' title="bbox 88 3358 2108 3448; baseline 0.004 -26"><span class='ocrx_word' id='word_1_285' title='bbox 88 3359 176 3424; x_wconf 89' lang='lat' dir='ltr'>nobis</span> <span class='ocrx_word' id='word_1_286' title='bbox 204 3359 270 3424; x_wconf 92' lang='lat' dir='ltr'>hoc</span> <span class='ocrx_word' id='word_1_287' title='bbox 298 3358 463 3444; x_wconf 89' lang='lat' dir='ltr'>promisit,</span> <span class='ocrx_word' id='word_1_288' title='bbox 499 3361 599 3442; x_wconf 87' lang='lat' dir='ltr'>quod,</span> <span class='ocrx_word' id='word_1_289' title='bbox 632 3379 708 3425; x_wconf 90' lang='lat' dir='ltr'>cum</span> <span class='ocrx_word' id='word_1_290' title='bbox 732 3365 937 3426; x_wconf 86' lang='lat' dir='ltr'>memoratus</span> <span class='ocrx_word' id='word_1_291' title='bbox 961 3361 1066 3425; x_wconf 90' lang='lat' dir='ltr'>abbas</span> <span class='ocrx_word' id='word_1_292' title='bbox 1091 3382 1111 3425; x_wconf 86' lang='lat' dir='ltr'>a</span> <span class='ocrx_word' id='word_1_293' title='bbox 1135 3360 1270 3425; x_wconf 92' lang='lat' dir='ltr'>domino</span> <span class='ocrx_word' id='word_1_294' title='bbox 1293 3360 1497 3444; x_wconf 89' lang='lat' dir='ltr'>G(erhardo)</span> <span class='ocrx_word' id='word_1_295' title='bbox 1521 3362 1641 3427; x_wconf 85' lang='lat' dir='ltr'>comite</span> <span class='ocrx_word' id='word_1_296' title='bbox 1665 3363 1706 3428; x_wconf 93' lang='lat' dir='ltr'>de</span> <span class='ocrx_word' id='word_1_297' title='bbox 1730 3364 1979 3447; x_wconf 86' lang='lat' dir='ltr'>Schowenburg</span> <span class='ocrx_word' id='word_1_298' title='bbox 2001 3363 2108 3448; x_wconf 91' lang='lat' dir='ltr'>ipsius</span> 
     </span>
     <span class='ocr_line' id='line_1_28' title="bbox 88 3466 2143 3554; baseline 0.004 -27"><span class='ocrx_word' id='word_1_299' title='bbox 88 3483 156 3530; x_wconf 87' lang='lat' dir='ltr'>aree</span> <span class='ocrx_word' id='word_1_300' title='bbox 189 3467 432 3548; x_wconf 87' lang='lat' dir='ltr'>proprietatem</span> <span class='ocrx_word' id='word_1_301' title='bbox 468 3466 644 3542; x_wconf 88' lang='lat' dir='ltr'>obtineret,</span> <span class='ocrx_word' id='word_1_302' title='bbox 681 3469 883 3531; x_wconf 88' lang='lat' dir='ltr'>memoratus</span> <span class='ocrx_word' id='word_1_303' title='bbox 919 3467 1185 3552; x_wconf 89' lang='lat' dir='ltr'>H(elembertus)</span> <span class='ocrx_word' id='word_1_304' title='bbox 1218 3467 1327 3549; x_wconf 89' lang='lat' dir='ltr'>ipsam</span> <span class='ocrx_word' id='word_1_305' title='bbox 1362 3467 1602 3550; x_wconf 84' lang='lat' dir='ltr'>proprietatem</span> <span class='ocrx_word' id='word_1_306' title='bbox 1637 3468 1820 3551; x_wconf 84' lang='lat' dir='ltr'>resignaret</span> <span class='ocrx_word' id='word_1_307' title='bbox 1853 3470 1965 3536; x_wconf 92' lang='lat' dir='ltr'>abbati</span> <span class='ocrx_word' id='word_1_308' title='bbox 2005 3471 2108 3537; x_wconf 92' lang='lat' dir='ltr'>libere</span> <span class='ocrx_word' id='word_1_309' title='bbox 2140 3547 2143 3554; x_wconf 25' lang='lat'>¹</span> 
     </span>
     <span class='ocr_line' id='line_1_29' title="bbox 88 3571 1742 3654; baseline 0.001 -17"><span class='ocrx_word' id='word_1_310' title='bbox 88 3571 330 3652; x_wconf 87' lang='lat' dir='ltr'>possidendam.</span> <span class='ocrx_word' id='word_1_311' title='bbox 377 3572 499 3636; x_wconf 86' lang='lat' dir='ltr'>Actum</span> <span class='ocrx_word' id='word_1_312' title='bbox 522 3572 670 3639; x_wconf 89' lang='lat' dir='ltr'>Flotowe</span> <span class='ocrx_word' id='word_1_313' title='bbox 695 3593 783 3638; x_wconf 88' lang='lat' dir='ltr'>anno</span> <span class='ocrx_word' id='word_1_314' title='bbox 808 3573 941 3638; x_wconf 89' lang='lat' dir='ltr'>Domini</span> <span class='ocrx_word' id='word_1_315' title='bbox 965 3573 1140 3638; x_wconf 91' lang='lat' dir='ltr'>millesimo</span> <span class='ocrx_word' id='word_1_316' title='bbox 1165 3573 1389 3638; x_wconf 89' lang='lat' dir='ltr'>ducentesimo</span> <span class='ocrx_word' id='word_1_317' title='bbox 1413 3575 1616 3654; x_wconf 85' lang='lat' dir='ltr'>sexagesimo</span> <span class='ocrx_word' id='word_1_318' title='bbox 1640 3577 1742 3639; x_wconf 84' lang='lat' dir='ltr'>sexto.</span> 
     </span>
    </p>

    <p class='ocr_par' dir='ltr' id='par_1_9' title="bbox 217 3675 2109 4292">
     <span class='ocr_line' id='line_1_30' title="bbox 217 3675 2107 3768; baseline 0.003 -28"><span class='ocrx_word' id='word_1_319' title='bbox 217 3677 388 3757; x_wconf 68' lang='lat' dir='ltr'>Abechritt</span> <span class='ocrx_word' id='word_1_320' title='bbox 402 3678 455 3742; x_wconf 80' lang='lat' dir='ltr'>dec</span> <span class='ocrx_word' id='word_1_321' title='bbox 469 3675 520 3741; x_wconf 84' lang='lat'>16.</span> <span class='ocrx_word' id='word_1_322' title='bbox 537 3677 590 3742; x_wconf 86' lang='lat' dir='ltr'>Jh.</span> <span class='ocrx_word' id='word_1_323' title='bbox 613 3681 648 3741; x_wconf 86' lang='lat' dir='ltr'>in</span> <span class='ocrx_word' id='word_1_324' title='bbox 664 3677 740 3743; x_wconf 81' lang='lat' dir='ltr'>Mac.</span> <span class='ocrx_word' id='word_1_325' title='bbox 759 3675 784 3758; x_wconf 87' lang='lat' dir='ltr'>I,</span> <span class='ocrx_word' id='word_1_326' title='bbox 813 3679 885 3758; x_wconf 88' lang='grc'><em>116,</em></span> <span class='ocrx_word' id='word_1_327' title='bbox 911 3676 945 3743; x_wconf 80' lang='lat' dir='ltr'>S.</span> <span class='ocrx_word' id='word_1_328' title='bbox 966 3679 1004 3740; x_wconf 93' lang='grc'>11</span> <span class='ocrx_word' id='word_1_329' title='bbox 1028 3682 1072 3742; x_wconf 87' lang='lat' dir='ltr'>im</span> <span class='ocrx_word' id='word_1_330' title='bbox 1088 3677 1162 3763; x_wconf 70' lang='lat' dir='ltr'>Kpl.</span> <span class='ocrx_word' id='word_1_331' title='bbox 1182 3677 1286 3742; x_wconf 74' lang='lat' dir='ltr'>Si-A.</span> <span class='ocrx_word' id='word_1_332' title='bbox 1303 3699 1342 3740; x_wconf 81' lang='lat' dir='ltr'>zu</span> <span class='ocrx_word' id='word_1_333' title='bbox 1358 3677 1507 3742; x_wconf 81' lang='lat' dir='ltr'>Meinater.</span> <span class='ocrx_word' id='word_1_334' title='bbox 1557 3677 1653 3743; x_wconf 80' lang='lat' dir='ltr'>Gedr.</span> <span class='ocrx_word' id='word_1_335' title='bbox 1676 3703 1703 3744; x_wconf 90' lang='grc'>6.</span> <span class='ocrx_word' id='word_1_336' title='bbox 1722 3679 1852 3765; x_wconf 73' lang='lat' dir='ltr'>Asperat,</span> <span class='ocrx_word' id='word_1_337' title='bbox 1881 3679 1952 3747; x_wconf 86' lang='lat' dir='ltr'>Cod.</span> <span class='ocrx_word' id='word_1_338' title='bbox 1970 3682 2045 3768; x_wconf 67' lang='lat' dir='ltr'>dipl.</span> <span class='ocrx_word' id='word_1_339' title='bbox 2063 3680 2107 3760; x_wconf 88' lang='lat' dir='ltr'>II,</span> 
     </span>
     <span class='ocr_line' id='line_1_31' title="bbox 298 3781 2106 3870; baseline 0.002 -22"><span class='ocrx_word' id='word_1_340' title='bbox 298 3782 333 3848; x_wconf 83' lang='lat' dir='ltr'>S.</span> <span class='ocrx_word' id='word_1_341' title='bbox 356 3782 424 3845; x_wconf 91' lang='grc'>218</span> <span class='ocrx_word' id='word_1_342' title='bbox 447 3781 507 3846; x_wconf 87' lang='lat' dir='ltr'>Nr.</span> <span class='ocrx_word' id='word_1_343' title='bbox 534 3782 598 3847; x_wconf 82' lang='lat'>126</span> <span class='ocrx_word' id='word_1_344' title='bbox 605 3783 632 3846; x_wconf 88' lang='lat' dir='ltr'>b.</span> <span class='ocrx_word' id='word_1_345' title='bbox 679 3783 928 3870; x_wconf 73' lang='grc' dir='ltr'><em>1169661Η6666,</em></span> <span class='ocrx_word' id='word_1_346' title='bbox 962 3781 1382 3851; x_wconf 70' lang='lat' dir='ltr'>&amp;tieem-Holen-Lauenb.</span> <span class='ocrx_word' id='word_1_347' title='bbox 1411 3783 1563 3870; x_wconf 67' lang='grc'><em>116966.</em></span> <span class='ocrx_word' id='word_1_348' title='bbox 1593 3784 1689 3850; x_wconf 81' lang='lat' dir='ltr'>Urhk.</span> <span class='ocrx_word' id='word_1_349' title='bbox 1715 3783 1759 3864; x_wconf 88' lang='grc' dir='ltr'>ΙΙ,</span> <span class='ocrx_word' id='word_1_350' title='bbox 1795 3785 1828 3850; x_wconf 78' lang='lat' dir='ltr'>S.</span> <span class='ocrx_word' id='word_1_351' title='bbox 1854 3785 1919 3850; x_wconf 87' lang='grc'>146</span> <span class='ocrx_word' id='word_1_352' title='bbox 1946 3785 2006 3849; x_wconf 85' lang='lat' dir='ltr'>Nr.</span> <span class='ocrx_word' id='word_1_353' title='bbox 2030 3786 2106 3852; x_wconf 72' lang='lat'><strong><em>347.</em></strong></span> 
     </span>
     <span class='ocr_line' id='line_1_32' title="bbox 295 3888 2108 3978; baseline 0.001 -24"><span class='ocrx_word' id='word_1_354' title='bbox 295 3890 461 3956; x_wconf 85' lang='lat' dir='ltr'>Alesbeke</span> <span class='ocrx_word' id='word_1_355' title='bbox 495 3890 603 3974; x_wconf 78' lang='lat' dir='ltr'>pchdrt</span> <span class='ocrx_word' id='word_1_356' title='bbox 635 3913 674 3953; x_wconf 81' lang='lat' dir='ltr'>zu</span> <span class='ocrx_word' id='word_1_357' title='bbox 702 3891 760 3954; x_wconf 87' lang='lat' dir='ltr'>den</span> <span class='ocrx_word' id='word_1_358' title='bbox 789 3893 915 3956; x_wconf 82' lang='lat' dir='ltr'>cilteaten</span> <span class='ocrx_word' id='word_1_359' title='bbox 940 3890 1149 3975; x_wconf 78' lang='lat' dir='ltr'>Besitzanpen</span> <span class='ocrx_word' id='word_1_360' title='bbox 1177 3891 1230 3953; x_wconf 84' lang='lat' dir='ltr'>dec</span> <span class='ocrx_word' id='word_1_361' title='bbox 1255 3888 1366 3974; x_wconf 83' lang='lat' dir='ltr'>Stiftec</span> <span class='ocrx_word' id='word_1_362' title='bbox 1399 3892 1464 3952; x_wconf 87' lang='grc'>666</span> <span class='ocrx_word' id='word_1_363' title='bbox 1489 3913 1558 3954; x_wconf 83' lang='lat' dir='ltr'>war</span> <span class='ocrx_word' id='word_1_364' title='bbox 1584 3895 1649 3956; x_wconf 80' lang='lat' dir='ltr'>eine</span> <span class='ocrx_word' id='word_1_365' title='bbox 1673 3891 1853 3978; x_wconf 78' lang='lat' dir='ltr'>Schcnlncnp</span> <span class='ocrx_word' id='word_1_366' title='bbox 1884 3893 1937 3957; x_wconf 85' lang='lat' dir='ltr'>des</span> <span class='ocrx_word' id='word_1_367' title='bbox 1962 3892 2108 3977; x_wconf 81' lang='lat' dir='ltr'>Biachofs</span> 
     </span>
     <span class='ocr_line' id='line_1_33' title="bbox 296 3993 2109 4083; baseline 0.002 -25"><span class='ocrx_word' id='word_1_368' title='bbox 296 3993 441 4081; x_wconf 75' lang='lat' dir='ltr'>Epithert</span> <span class='ocrx_word' id='word_1_369' title='bbox 463 4019 520 4060; x_wconf 87' lang='lat' dir='ltr'>con</span> <span class='ocrx_word' id='word_1_370' title='bbox 543 3997 680 4075; x_wconf 74' lang='lat' dir='ltr'>Mindon,</span> <span class='ocrx_word' id='word_1_371' title='bbox 716 3997 776 4081; x_wconf 74' lang='grc'><em>691.</em></span> <span class='ocrx_word' id='word_1_372' title='bbox 801 3995 941 4076; x_wconf 79' lang='lat' dir='ltr'>Erhard,</span> <span class='ocrx_word' id='word_1_373' title='bbox 969 3997 1040 4061; x_wconf 82' lang='lat' dir='ltr'>Cod.</span> <span class='ocrx_word' id='word_1_374' title='bbox 1065 3998 1140 4082; x_wconf 67' lang='lat' dir='ltr'>dipl.</span> <span class='ocrx_word' id='word_1_375' title='bbox 1169 3995 1195 4074; x_wconf 89' lang='lat' dir='ltr'>I,</span> <span class='ocrx_word' id='word_1_376' title='bbox 1230 3994 1291 4062; x_wconf 85' lang='lat' dir='ltr'>Nr.</span> <span class='ocrx_word' id='word_1_377' title='bbox 1318 3994 1392 4073; x_wconf 82' lang='grc'><em>118,</em></span> <span class='ocrx_word' id='word_1_378' title='bbox 1427 4021 1454 4060; x_wconf 88' lang='grc'>6.</span> <span class='ocrx_word' id='word_1_379' title='bbox 1482 3995 1633 4082; x_wconf 79' lang='lat' dir='ltr'>Spilclrer,</span> <span class='ocrx_word' id='word_1_380' title='bbox 1676 3997 1776 4083; x_wconf 76' lang='lat' dir='ltr'>Wnlpe</span> <span class='ocrx_word' id='word_1_381' title='bbox 1800 3997 1860 4064; x_wconf 87' lang='lat' dir='ltr'>Nr.</span> <span class='ocrx_word' id='word_1_382' title='bbox 1887 3996 1959 4072; x_wconf 85' lang='grc'><em>160.</em></span> <span class='ocrx_word' id='word_1_383' title='bbox 2012 3998 2109 4064; x_wconf 83' lang='lat' dir='ltr'>Ucber</span> 
     </span>
     <span class='ocr_line' id='line_1_34' title="bbox 295 4099 2109 4188; baseline 0.001 -23"><span class='ocrx_word' id='word_1_384' title='bbox 295 4105 377 4166; x_wconf 80' lang='lat' dir='ltr'>aeine</span> <span class='ocrx_word' id='word_1_385' title='bbox 400 4099 497 4187; x_wconf 80' lang='lat' dir='ltr'>Lapa,</span> <span class='ocrx_word' id='word_1_386' title='bbox 522 4103 572 4166; x_wconf 85' lang='lat' dir='ltr'>die</span> <span class='ocrx_word' id='word_1_387' title='bbox 593 4126 621 4165; x_wconf 88' lang='grc'>6.</span> <span class='ocrx_word' id='word_1_388' title='bbox 646 4103 770 4188; x_wconf 75' lang='lat' dir='ltr'>Asperat</span> <span class='ocrx_word' id='word_1_389' title='bbox 793 4103 878 4166; x_wconf 82' lang='lat' dir='ltr'>dicht</span> <span class='ocrx_word' id='word_1_390' title='bbox 901 4102 950 4167; x_wconf 85' lang='lat' dir='ltr'>bei</span> <span class='ocrx_word' id='word_1_391' title='bbox 978 4100 1084 4166; x_wconf 85' lang='lat' dir='ltr'>Vlothe</span> <span class='ocrx_word' id='word_1_392' title='bbox 1106 4113 1261 4180; x_wconf 74' lang='lat' dir='ltr'>permutet,</span> <span class='ocrx_word' id='word_1_393' title='bbox 1284 4099 1364 4186; x_wconf 71' lang='lat' dir='ltr'>pieta</span> <span class='ocrx_word' id='word_1_394' title='bbox 1386 4103 1435 4166; x_wconf 87' lang='lat' dir='ltr'>die</span> <span class='ocrx_word' id='word_1_395' title='bbox 1458 4101 1736 4188; x_wconf 76' lang='lat' dir='ltr'>Rondherncrkunp</span> <span class='ocrx_word' id='word_1_396' title='bbox 1760 4105 1813 4168; x_wconf 82' lang='lat' dir='ltr'>des</span> <span class='ocrx_word' id='word_1_397' title='bbox 1830 4105 1906 4169; x_wconf 82' lang='lat' dir='ltr'>Mac.</span> <span class='ocrx_word' id='word_1_398' title='bbox 1930 4104 2109 4188; x_wconf 82' lang='lat' dir='ltr'>Aaclcnnft:</span> 
     </span>
     <span class='ocr_line' id='line_1_35' title="bbox 297 4209 1141 4292; baseline -0.002 -18"><span class='ocrx_word' id='word_1_399' title='bbox 297 4209 459 4274; x_wconf 88' lang='lat' dir='ltr'>debonis</span> <span class='ocrx_word' id='word_1_400' title='bbox 483 4209 517 4274; x_wconf 93' lang='lat' dir='ltr'>in</span> <span class='ocrx_word' id='word_1_401' title='bbox 540 4209 686 4274; x_wconf 86' lang='lat' dir='ltr'>Alsbeke</span> <span class='ocrx_word' id='word_1_402' title='bbox 710 4229 816 4292; x_wconf 90' lang='lat' dir='ltr'>prope</span> <span class='ocrx_word' id='word_1_403' title='bbox 840 4210 959 4274; x_wconf 89' lang='lat' dir='ltr'>Vlothe</span> <span class='ocrx_word' id='word_1_404' title='bbox 983 4211 1141 4273; x_wconf 90' lang='lat' dir='ltr'>castrum.</span> 
     </span>
    </p>
   </div>
   <div class='ocr_carea' id='block_1_8' title="bbox 1049 4405 2086 4488">
    <p class='ocr_par' dir='ltr' id='par_1_10' title="bbox 1049 4405 2086 4488">
     <span class='ocr_line' id='line_1_36' title="bbox 1049 4405 2086 4488; baseline 0.006 -6"><span class='ocrx_word' id='word_1_405' title='bbox 1049 4405 1141 4483; x_wconf 85' lang='lat'><strong>858.</strong></span> <span class='ocrx_word' id='word_1_406' title='bbox 2082 4480 2086 4488; x_wconf 93' lang='lat'>.</span> 
     </span>
    </p>
   </div>
   <div class='ocr_carea' id='block_1_9' title="bbox 90 4529 2091 4730">
    <p class='ocr_par' dir='ltr' id='par_1_11' title="bbox 90 4529 2091 4730">
     <span class='ocr_line' id='line_1_37' title="bbox 90 4529 2091 4624; baseline 0.001 -22"><span class='ocrx_word' id='word_1_407' title='bbox 90 4529 185 4622; x_wconf 74' lang='lat' dir='ltr'>(irus</span> <span class='ocrx_word' id='word_1_408' title='bbox 208 4535 389 4607; x_wconf 81' lang='lat' dir='ltr'>Christian</span> <span class='ocrx_word' id='word_1_409' title='bbox 421 4555 485 4604; x_wconf 88' lang='grc'>666</span> <span class='ocrx_word' id='word_1_410' title='bbox 516 4533 708 4624; x_wconf 70' lang='grc'><em>0166611669</em></span> <span class='ocrx_word' id='word_1_411' title='bbox 741 4534 913 4623; x_wconf 80' lang='grc'><em>66666661,</em></span> <span class='ocrx_word' id='word_1_412' title='bbox 956 4535 1039 4604; x_wconf 85' lang='lat' dir='ltr'>does</span> <span class='ocrx_word' id='word_1_413' title='bbox 1071 4535 1164 4603; x_wconf 85' lang='lat' dir='ltr'>scine</span> <span class='ocrx_word' id='word_1_414' title='bbox 1192 4531 1326 4602; x_wconf 82' lang='lat' dir='ltr'>Mulier</span> <span class='ocrx_word' id='word_1_415' title='bbox 1356 4533 1432 4602; x_wconf 86' lang='lat' dir='ltr'>dem</span> <span class='ocrx_word' id='word_1_416' title='bbox 1460 4531 1519 4605; x_wconf 84' lang='lat' dir='ltr'>Kl.</span> <span class='ocrx_word' id='word_1_417' title='bbox 1549 4531 1755 4620; x_wconf 74' lang='lat' dir='ltr'>Quernhem</span> <span class='ocrx_word' id='word_1_418' title='bbox 1787 4533 1842 4604; x_wconf 85' lang='lat' dir='ltr'>die</span> <span class='ocrx_word' id='word_1_419' title='bbox 1869 4532 2091 4622; x_wconf 74' lang='lat' dir='ltr'>Hachacrhdf</span> 
     </span>
     <span class='ocr_line' id='line_1_38' title="bbox 735 4637 1458 4730; baseline 0 -20"><span class='ocrx_word' id='word_1_420' title='bbox 735 4639 938 4730; x_wconf 77' lang='grc'><em>6666166666</em></span> <span class='ocrx_word' id='word_1_421' title='bbox 965 4638 1030 4710; x_wconf 84' lang='lat' dir='ltr'>hot.</span> <span class='ocrx_word' id='word_1_422' title='bbox 1091 4638 1327 4709; x_wconf 77' lang='lat' dir='ltr'>llclmenhorst</span> <span class='ocrx_word' id='word_1_423' title='bbox 1353 4637 1458 4710; x_wconf 90' lang='grc'><em>1266.</em></span> 
     </span>
    </p>
   </div>
   <div class='ocr_carea' id='block_1_10' title="bbox 89 4755 2106 5476">
    <p class='ocr_par' dir='ltr' id='par_1_12' title="bbox 89 4755 2106 5476">
     <span class='ocr_line' id='line_1_39' title="bbox 188 4755 2106 4840; baseline 0.001 -18"><span class='ocrx_word' id='word_1_424' title='bbox 188 4756 402 4822; x_wconf 87' lang='lat' dir='ltr'>Christianus</span> <span class='ocrx_word' id='word_1_425' title='bbox 434 4758 495 4822; x_wconf 89' lang='lat' dir='ltr'>Dei</span> <span class='ocrx_word' id='word_1_426' title='bbox 529 4758 634 4840; x_wconf 87' lang='lat' dir='ltr'>gratia</span> <span class='ocrx_word' id='word_1_427' title='bbox 662 4778 773 4823; x_wconf 90' lang='lat' dir='ltr'>comes</span> <span class='ocrx_word' id='word_1_428' title='bbox 801 4758 836 4821; x_wconf 97' lang='grc'>16</span> <span class='ocrx_word' id='word_1_429' title='bbox 864 4758 1060 4838; x_wconf 89' lang='lat' dir='ltr'>Aldenburg</span> <span class='ocrx_word' id='word_1_430' title='bbox 1094 4757 1249 4821; x_wconf 88' lang='lat' dir='ltr'>omnibus</span> <span class='ocrx_word' id='word_1_431' title='bbox 1277 4760 1452 4838; x_wconf 89' lang='lat' dir='ltr'>presentes</span> <span class='ocrx_word' id='word_1_432' title='bbox 1480 4756 1605 4820; x_wconf 88' lang='lat' dir='ltr'>litteras</span> <span class='ocrx_word' id='word_1_433' title='bbox 1633 4755 1752 4820; x_wconf 72' lang='lat' dir='ltr'>visanis</span> <span class='ocrx_word' id='word_1_434' title='bbox 1781 4755 1922 4820; x_wconf 88' lang='lat' dir='ltr'>salutem</span> <span class='ocrx_word' id='word_1_435' title='bbox 1948 4760 1980 4821; x_wconf 91' lang='lat' dir='ltr'>et</span> <span class='ocrx_word' id='word_1_436' title='bbox 2008 4777 2106 4824; x_wconf 91' lang='lat' dir='ltr'>omne</span> 
     </span>
     <span class='ocr_line' id='line_1_40' title="bbox 89 4861 2106 4950; baseline 0.001 -24"><span class='ocrx_word' id='word_1_437' title='bbox 89 4862 249 4950; x_wconf 89' lang='lat' dir='ltr'>b(onum).</span> <span class='ocrx_word' id='word_1_438' title='bbox 297 4864 355 4943; x_wconf 87' lang='lat' dir='ltr'>Ea,</span> <span class='ocrx_word' id='word_1_439' title='bbox 380 4875 458 4946; x_wconf 70' lang='lat' dir='ltr'>tque</span> <span class='ocrx_word' id='word_1_440' title='bbox 479 4863 707 4950; x_wconf 90' lang='lat' dir='ltr'>laud)abiliter</span> <span class='ocrx_word' id='word_1_441' title='bbox 729 4866 890 4946; x_wconf 84' lang='lat' dir='ltr'>geruntur</span> <span class='ocrx_word' id='word_1_442' title='bbox 905 4864 940 4928; x_wconf 92' lang='lat' dir='ltr'>in</span> <span class='ocrx_word' id='word_1_443' title='bbox 955 4866 1116 4945; x_wconf 84' lang='lat' dir='ltr'>tempore,</span> <span class='ocrx_word' id='word_1_444' title='bbox 1140 4882 1182 4927; x_wconf 92' lang='lat' dir='ltr'>ne</span> <span class='ocrx_word' id='word_1_445' title='bbox 1198 4862 1295 4927; x_wconf 90' lang='lat' dir='ltr'>simul</span> <span class='ocrx_word' id='word_1_446' title='bbox 1311 4866 1452 4945; x_wconf 90' lang='lat' dir='ltr'>pereant</span> <span class='ocrx_word' id='word_1_447' title='bbox 1470 4881 1545 4926; x_wconf 91' lang='lat' dir='ltr'>cum</span> <span class='ocrx_word' id='word_1_448' title='bbox 1561 4864 1722 4945; x_wconf 90' lang='lat' dir='ltr'>tempore,</span> <span class='ocrx_word' id='word_1_449' title='bbox 1745 4861 1895 4946; x_wconf 88' lang='lat' dir='ltr'>l(itteris)</span> <span class='ocrx_word' id='word_1_450' title='bbox 1911 4863 2106 4945; x_wconf 88' lang='lat' dir='ltr'>patentibus</span> 
     </span>
     <span class='ocr_line' id='line_1_41' title="bbox 89 4968 2106 5052; baseline 0.001 -21"><span class='ocrx_word' id='word_1_451' title='bbox 89 4971 119 5032; x_wconf 91' lang='lat' dir='ltr'>et</span> <span class='ocrx_word' id='word_1_452' title='bbox 148 4971 349 5052; x_wconf 89' lang='lat' dir='ltr'>scriptorum</span> <span class='ocrx_word' id='word_1_453' title='bbox 384 4969 576 5035; x_wconf 89' lang='lat' dir='ltr'>testimonio</span> <span class='ocrx_word' id='word_1_454' title='bbox 612 4969 722 5034; x_wconf 90' lang='lat' dir='ltr'>solent</span> <span class='ocrx_word' id='word_1_455' title='bbox 756 4970 997 5052; x_wconf 65' lang='lat' dir='ltr'>penlrennalri.</span> <span class='ocrx_word' id='word_1_456' title='bbox 1059 4969 1168 5047; x_wconf 92' lang='lat' dir='ltr'>Quare</span> <span class='ocrx_word' id='word_1_457' title='bbox 1207 4968 1418 5052; x_wconf 88' lang='lat' dir='ltr'>presentibus</span> <span class='ocrx_word' id='word_1_458' title='bbox 1454 4970 1689 5050; x_wconf 88' lang='lat' dir='ltr'>protestamur,</span> <span class='ocrx_word' id='word_1_459' title='bbox 1732 4968 1823 5050; x_wconf 91' lang='lat' dir='ltr'>quod</span> <span class='ocrx_word' id='word_1_460' title='bbox 1854 4971 1960 5052; x_wconf 81' lang='lat' dir='ltr'>mater</span> <span class='ocrx_word' id='word_1_461' title='bbox 1991 4972 2106 5035; x_wconf 88' lang='lat' dir='ltr'>nostra</span> 
     </span>
     <span class='ocr_line' id='line_1_42' title="bbox 89 5073 2105 5161; baseline 0.001 -23"><span class='ocrx_word' id='word_1_462' title='bbox 89 5075 233 5161; x_wconf 88' lang='lat' dir='ltr'>(dilecta)</span> <span class='ocrx_word' id='word_1_463' title='bbox 259 5075 425 5141; x_wconf 87' lang='lat' dir='ltr'>comitissa</span> <span class='ocrx_word' id='word_1_464' title='bbox 448 5075 483 5140; x_wconf 93' lang='lat' dir='ltr'>in</span> <span class='ocrx_word' id='word_1_465' title='bbox 506 5076 702 5158; x_wconf 86' lang='lat' dir='ltr'>Aldenburg</span> <span class='ocrx_word' id='word_1_466' title='bbox 725 5079 758 5141; x_wconf 88' lang='lat' dir='ltr'>et</span> <span class='ocrx_word' id='word_1_467' title='bbox 780 5095 842 5140; x_wconf 89' lang='lat' dir='ltr'>nos</span> <span class='ocrx_word' id='word_1_468' title='bbox 866 5075 1125 5142; x_wconf 87' lang='lat' dir='ltr'>cumfratribus</span> <span class='ocrx_word' id='word_1_469' title='bbox 1149 5074 1271 5140; x_wconf 88' lang='lat' dir='ltr'>nostris</span> <span class='ocrx_word' id='word_1_470' title='bbox 1295 5075 1533 5158; x_wconf 83' lang='lat' dir='ltr'>proprietatem</span> <span class='ocrx_word' id='word_1_471' title='bbox 1558 5074 1647 5139; x_wconf 91' lang='lat' dir='ltr'>curie</span> <span class='ocrx_word' id='word_1_472' title='bbox 1663 5073 1914 5140; x_wconf 90' lang='lat' dir='ltr'>Huththerdesa</span> <span class='ocrx_word' id='word_1_473' title='bbox 1935 5077 1967 5139; x_wconf 92' lang='lat' dir='ltr'>et</span> <span class='ocrx_word' id='word_1_474' title='bbox 1988 5076 2105 5140; x_wconf 93' lang='lat' dir='ltr'>domus</span> 
     </span>
     <span class='ocr_line' id='line_1_43' title="bbox 89 5180 2105 5264; baseline 0.001 -22"><span class='ocrx_word' id='word_1_475' title='bbox 89 5180 265 5246; x_wconf 89' lang='lat' dir='ltr'>adiacentis</span> <span class='ocrx_word' id='word_1_476' title='bbox 302 5201 378 5247; x_wconf 93' lang='lat' dir='ltr'>cum</span> <span class='ocrx_word' id='word_1_477' title='bbox 409 5181 566 5248; x_wconf 90' lang='lat' dir='ltr'>omnibus</span> <span class='ocrx_word' id='word_1_478' title='bbox 596 5182 780 5247; x_wconf 86' lang='lat' dir='ltr'>attinentiis</span> <span class='ocrx_word' id='word_1_479' title='bbox 812 5181 882 5247; x_wconf 89' lang='lat' dir='ltr'>suis</span> <span class='ocrx_word' id='word_1_480' title='bbox 910 5181 1054 5247; x_wconf 89' lang='lat' dir='ltr'>claustro</span> <span class='ocrx_word' id='word_1_481' title='bbox 1078 5181 1114 5245; x_wconf 92' lang='lat' dir='ltr'>in</span> <span class='ocrx_word' id='word_1_482' title='bbox 1138 5181 1330 5258; x_wconf 90' lang='lat' dir='ltr'>Quernhem</span> <span class='ocrx_word' id='word_1_483' title='bbox 1353 5180 1456 5245; x_wconf 91' lang='lat' dir='ltr'>libere</span> <span class='ocrx_word' id='word_1_484' title='bbox 1479 5180 1718 5262; x_wconf 88' lang='lat' dir='ltr'>possidendam</span> <span class='ocrx_word' id='word_1_485' title='bbox 1740 5181 1978 5263; x_wconf 91' lang='lat' dir='ltr'>inperpetuum</span> <span class='ocrx_word' id='word_1_486' title='bbox 2003 5181 2105 5264; x_wconf 89' lang='lat' dir='ltr'>resig-</span> 
     </span>
     <span class='ocr_line' id='line_1_44' title="bbox 89 5285 2106 5370; baseline 0.001 -22"><span class='ocrx_word' id='word_1_487' title='bbox 89 5304 211 5352; x_wconf 88' lang='lat' dir='ltr'>namus.</span> <span class='ocrx_word' id='word_1_488' title='bbox 259 5287 300 5352; x_wconf 86' lang='lat' dir='ltr'>Et</span> <span class='ocrx_word' id='word_1_489' title='bbox 327 5307 370 5351; x_wconf 91' lang='lat' dir='ltr'>ne</span> <span class='ocrx_word' id='word_1_490' title='bbox 399 5288 590 5354; x_wconf 87' lang='lat' dir='ltr'>huiusmodi</span> <span class='ocrx_word' id='word_1_491' title='bbox 625 5287 803 5369; x_wconf 85' lang='lat' dir='ltr'>resignatio</span> <span class='ocrx_word' id='word_1_492' title='bbox 839 5287 928 5351; x_wconf 89' lang='lat' dir='ltr'>dicto</span> <span class='ocrx_word' id='word_1_493' title='bbox 962 5287 1106 5351; x_wconf 90' lang='lat' dir='ltr'>claustro</span> <span class='ocrx_word' id='word_1_494' title='bbox 1137 5286 1173 5352; x_wconf 92' lang='lat' dir='ltr'>in</span> <span class='ocrx_word' id='word_1_495' title='bbox 1203 5289 1377 5370; x_wconf 90' lang='lat' dir='ltr'>posterum</span> <span class='ocrx_word' id='word_1_496' title='bbox 1407 5285 1514 5368; x_wconf 92' lang='lat' dir='ltr'>possit</span> <span class='ocrx_word' id='word_1_497' title='bbox 1541 5285 1683 5368; x_wconf 83' lang='lat' dir='ltr'>infringi,</span> <span class='ocrx_word' id='word_1_498' title='bbox 1718 5289 1892 5369; x_wconf 89' lang='lat' dir='ltr'>presentes</span> <span class='ocrx_word' id='word_1_499' title='bbox 1921 5287 2046 5352; x_wconf 89' lang='lat' dir='ltr'>litteras</span> <span class='ocrx_word' id='word_1_500' title='bbox 2069 5287 2106 5351; x_wconf 92' lang='grc'>16</span> 
     </span>
     <span class='ocr_line' id='line_1_45' title="bbox 89 5391 2105 5476; baseline 0.001 -23"><span class='ocrx_word' id='word_1_501' title='bbox 89 5392 315 5459; x_wconf 90' lang='lat' dir='ltr'>testimonium</span> <span class='ocrx_word' id='word_1_502' title='bbox 354 5393 460 5476; x_wconf 90' lang='lat' dir='ltr'>ipsius</span> <span class='ocrx_word' id='word_1_503' title='bbox 500 5392 667 5459; x_wconf 88' lang='lat' dir='ltr'>confectas</span> <span class='ocrx_word' id='word_1_504' title='bbox 706 5392 803 5476; x_wconf 88' lang='lat' dir='ltr'>sigilli</span> <span class='ocrx_word' id='word_1_505' title='bbox 841 5392 946 5458; x_wconf 92' lang='lat' dir='ltr'>nostri</span> <span class='ocrx_word' id='word_1_506' title='bbox 983 5392 1165 5458; x_wconf 91' lang='lat' dir='ltr'>munimine</span> <span class='ocrx_word' id='word_1_507' title='bbox 1203 5391 1340 5458; x_wconf 86' lang='lat' dir='ltr'>lecimus</span> <span class='ocrx_word' id='word_1_508' title='bbox 1378 5391 1539 5456; x_wconf 90' lang='lat' dir='ltr'>roborari.</span> <span class='ocrx_word' id='word_1_509' title='bbox 1600 5392 1718 5456; x_wconf 85' lang='lat' dir='ltr'>Testes</span> <span class='ocrx_word' id='word_1_510' title='bbox 1753 5392 1910 5458; x_wconf 88' lang='lat' dir='ltr'>aderant:</span> <span class='ocrx_word' id='word_1_511' title='bbox 1948 5392 2105 5457; x_wconf 88' lang='lat' dir='ltr'>Hinricus</span> 
     </span>
    </p>
   </div>
   <div class='ocr_carea' id='block_1_11' title="bbox 0 0 2535 6788">
    <p class='ocr_par' dir='ltr' id='par_1_13' title="bbox 0 0 2535 6788">
     <span class='ocr_line' id='line_1_46' title="bbox 0 0 2535 6788; baseline 0 0"><span class='ocrx_word' id='word_1_512' title='bbox 0 0 2535 6788; x_wconf 95' lang='lat' dir='ltr'> </span> 
     </span>
    </p>
   </div>
  </div>
 </body>
</html>
