<?xml version="1.0" encoding="UTF-8"?>
<!DOCTYPE html PUBLIC "-//W3C//DTD XHTML 1.0 Transitional//EN"
    "http://www.w3.org/TR/xhtml1/DTD/xhtml1-transitional.dtd">
<html xmlns="http://www.w3.org/1999/xhtml" xml:lang="en" lang="en">
 <head>
  <title>
</title>
<meta http-equiv="Content-Type" content="text/html;charset=utf-8" />
  <meta name='ocr-system' content='tesseract 3.04.00' />
  <meta name='ocr-capabilities' content='ocr_page ocr_carea ocr_par ocr_line ocrx_word'/>
</head>
<body>
  <div class='ocr_page' id='page_1' title='image "./westflischesurk00westgoog_0298.png"; bbox 0 0 5062 6776; ppageno 0'>
   <div class='ocr_carea' id='block_1_1' title="bbox 1058 457 2089 530">
    <p class='ocr_par' dir='ltr' id='par_1_1' title="bbox 1058 457 2089 530">
     <span class='ocr_line' id='line_1_1' title="bbox 1058 457 2089 530; baseline -0.008 0"><span class='ocrx_word' id='word_1_1' title='bbox 1058 473 1126 530; x_wconf 80' lang='lat' dir='ltr'>lass</span> <span class='ocrx_word' id='word_1_2' title='bbox 2026 457 2089 522; x_wconf 70' lang='lat'>281</span> 
     </span>
    </p>
   </div>
   <div class='ocr_carea' id='block_1_2' title="bbox 73 666 2096 2343">
    <p class='ocr_par' dir='ltr' id='par_1_2' title="bbox 73 666 2096 2343">
     <span class='ocr_line' id='line_1_2' title="bbox 78 666 2093 758; baseline -0.004 -14"><span class='ocrx_word' id='word_1_3' title='bbox 78 676 139 744; x_wconf 88' lang='lat' dir='ltr'>biis</span> <span class='ocrx_word' id='word_1_4' title='bbox 161 691 227 758; x_wconf 85' lang='lat' dir='ltr'>que</span> <span class='ocrx_word' id='word_1_5' title='bbox 249 675 424 757; x_wconf 72' lang='lat' dir='ltr'>presentes</span> <span class='ocrx_word' id='word_1_6' title='bbox 447 671 590 738; x_wconf 88' lang='lat' dir='ltr'>vidimus</span> <span class='ocrx_word' id='word_1_7' title='bbox 620 672 653 736; x_wconf 90' lang='lat' dir='ltr'>et</span> <span class='ocrx_word' id='word_1_8' title='bbox 680 669 869 736; x_wconf 88' lang='lat' dir='ltr'>audivimus</span> <span class='ocrx_word' id='word_1_9' title='bbox 896 670 1017 736; x_wconf 91' lang='lat' dir='ltr'>nostris</span> <span class='ocrx_word' id='word_1_10' title='bbox 1041 668 1144 734; x_wconf 89' lang='lat' dir='ltr'>eciam</span> <span class='ocrx_word' id='word_1_11' title='bbox 1174 667 1317 750; x_wconf 80' lang='lat' dir='ltr'>posteris</span> <span class='ocrx_word' id='word_1_12' title='bbox 1343 666 1608 750; x_wconf 70' lang='lat' dir='ltr'>experimentum</span> <span class='ocrx_word' id='word_1_13' title='bbox 1636 666 1756 734; x_wconf 82' lang='lat' dir='ltr'>noticia</span> <span class='ocrx_word' id='word_1_14' title='bbox 1784 667 1952 736; x_wconf 80' lang='lat' dir='ltr'>iaciamus.</span> <span class='ocrx_word' id='word_1_15' title='bbox 1993 670 2093 749; x_wconf 91' lang='lat' dir='ltr'>Quod</span> 
     </span>
     <span class='ocr_line' id='line_1_3' title="bbox 77 772 2094 862; baseline -0.002 -16"><span class='ocrx_word' id='word_1_16' title='bbox 77 801 148 862; x_wconf 90' lang='lat' dir='ltr'>ergo</span> <span class='ocrx_word' id='word_1_17' title='bbox 172 779 374 859; x_wconf 67' lang='lat' dir='ltr'>audimus,</span> <span class='ocrx_word' id='word_1_18' title='bbox 402 777 586 860; x_wconf 89' lang='lat' dir='ltr'>loquimur,</span> <span class='ocrx_word' id='word_1_19' title='bbox 618 779 651 840; x_wconf 92' lang='lat' dir='ltr'>et</span> <span class='ocrx_word' id='word_1_20' title='bbox 673 775 766 858; x_wconf 90' lang='lat' dir='ltr'>quod</span> <span class='ocrx_word' id='word_1_21' title='bbox 795 773 940 840; x_wconf 91' lang='lat' dir='ltr'>vidimus</span> <span class='ocrx_word' id='word_1_22' title='bbox 968 776 1032 839; x_wconf 89' lang='lat' dir='ltr'>hoc</span> <span class='ocrx_word' id='word_1_23' title='bbox 1059 777 1221 838; x_wconf 77' lang='lat' dir='ltr'><strong>testamur</strong></span> <span class='ocrx_word' id='word_1_24' title='bbox 1248 773 1404 840; x_wconf 91' lang='lat' dir='ltr'>omnibus</span> <span class='ocrx_word' id='word_1_25' title='bbox 1436 772 1561 838; x_wconf 80' lang='lat' dir='ltr'>Christi</span> <span class='ocrx_word' id='word_1_26' title='bbox 1591 772 1748 840; x_wconf 89' lang='lat' dir='ltr'>fidelibus</span> <span class='ocrx_word' id='word_1_27' title='bbox 1778 776 1847 838; x_wconf 87' lang='lat' dir='ltr'>tam</span> <span class='ocrx_word' id='word_1_28' title='bbox 1877 775 2094 856; x_wconf 72' lang='lat' dir='ltr'>presentibus</span> 
     </span>
     <span class='ocr_line' id='line_1_4' title="bbox 76 877 2092 970; baseline -0.001 -20"><span class='ocrx_word' id='word_1_29' title='bbox 76 905 171 970; x_wconf 87' lang='lat' dir='ltr'>quam</span> <span class='ocrx_word' id='word_1_30' title='bbox 200 884 321 950; x_wconf 86' lang='lat' dir='ltr'>futuris</span> <span class='ocrx_word' id='word_1_31' title='bbox 350 886 466 948; x_wconf 89' lang='lat' dir='ltr'>nolum</span> <span class='ocrx_word' id='word_1_32' title='bbox 497 901 571 947; x_wconf 89' lang='lat' dir='ltr'>esse</span> <span class='ocrx_word' id='word_1_33' title='bbox 601 882 789 965; x_wconf 83' lang='lat' dir='ltr'>cupientes,</span> <span class='ocrx_word' id='word_1_34' title='bbox 820 881 911 964; x_wconf 90' lang='lat' dir='ltr'>quod</span> <span class='ocrx_word' id='word_1_35' title='bbox 943 880 1143 946; x_wconf 89' lang='lat' dir='ltr'>venerabilis</span> <span class='ocrx_word' id='word_1_36' title='bbox 1173 879 1328 944; x_wconf 88' lang='lat' dir='ltr'>dominus</span> <span class='ocrx_word' id='word_1_37' title='bbox 1352 877 1510 944; x_wconf 88' lang='lat' dir='ltr'>Gerlacus</span> <span class='ocrx_word' id='word_1_38' title='bbox 1537 879 1642 944; x_wconf 90' lang='lat' dir='ltr'>abbas</span> <span class='ocrx_word' id='word_1_39' title='bbox 1674 879 1716 944; x_wconf 93' lang='lat' dir='ltr'>de</span> <span class='ocrx_word' id='word_1_40' title='bbox 1738 878 1853 944; x_wconf 84' lang='lat' dir='ltr'>Insula</span> <span class='ocrx_word' id='word_1_41' title='bbox 1880 883 1914 945; x_wconf 89' lang='lat' dir='ltr'>et</span> <span class='ocrx_word' id='word_1_42' title='bbox 1943 880 2092 946; x_wconf 91' lang='lat' dir='ltr'>eiusdem</span> 
     </span>
     <span class='ocr_line' id='line_1_5' title="bbox 77 984 2092 1074; baseline -0.002 -17"><span class='ocrx_word' id='word_1_43' title='bbox 77 990 209 1057; x_wconf 80' lang='lat' dir='ltr'>ecclesie</span> <span class='ocrx_word' id='word_1_44' title='bbox 233 990 417 1074; x_wconf 88' lang='lat' dir='ltr'>capitulum</span> <span class='ocrx_word' id='word_1_45' title='bbox 441 991 583 1072; x_wconf 89' lang='lat' dir='ltr'>quatuor</span> <span class='ocrx_word' id='word_1_46' title='bbox 605 1005 738 1052; x_wconf 87' lang='lat' dir='ltr'>mansos</span> <span class='ocrx_word' id='word_1_47' title='bbox 761 987 844 1051; x_wconf 87' lang='lat' dir='ltr'>sitos</span> <span class='ocrx_word' id='word_1_48' title='bbox 872 986 907 1050; x_wconf 92' lang='lat' dir='ltr'>in</span> <span class='ocrx_word' id='word_1_49' title='bbox 931 986 1008 1050; x_wconf 92' lang='lat' dir='ltr'>villa</span> <span class='ocrx_word' id='word_1_50' title='bbox 1030 984 1200 1066; x_wconf 88' lang='lat' dir='ltr'>Meringen</span> <span class='ocrx_word' id='word_1_51' title='bbox 1229 1003 1304 1050; x_wconf 88' lang='lat' dir='ltr'>cum</span> <span class='ocrx_word' id='word_1_52' title='bbox 1327 984 1482 1049; x_wconf 90' lang='lat' dir='ltr'>omnibus</span> <span class='ocrx_word' id='word_1_53' title='bbox 1506 1004 1622 1049; x_wconf 89' lang='lat' dir='ltr'>eorum</span> <span class='ocrx_word' id='word_1_54' title='bbox 1646 984 1851 1061; x_wconf 56' lang='lat' dir='ltr'>attinenciis</span> <span class='ocrx_word' id='word_1_55' title='bbox 1887 986 1973 1068; x_wconf 86' lang='lat' dir='ltr'>agris</span> <span class='ocrx_word' id='word_1_56' title='bbox 2000 987 2092 1053; x_wconf 91' lang='lat' dir='ltr'>vide-</span> 
     </span>
     <span class='ocr_line' id='line_1_6' title="bbox 76 1089 2095 1178; baseline -0.001 -16"><span class='ocrx_word' id='word_1_57' title='bbox 76 1097 146 1162; x_wconf 89' lang='lat' dir='ltr'>licet</span> <span class='ocrx_word' id='word_1_58' title='bbox 168 1096 268 1162; x_wconf 90' lang='lat' dir='ltr'>cultis</span> <span class='ocrx_word' id='word_1_59' title='bbox 291 1102 325 1161; x_wconf 87' lang='lat' dir='ltr'>et</span> <span class='ocrx_word' id='word_1_60' title='bbox 346 1095 491 1175; x_wconf 86' lang='lat' dir='ltr'>incultis,</span> <span class='ocrx_word' id='word_1_61' title='bbox 515 1093 612 1174; x_wconf 90' lang='lat' dir='ltr'>areis,</span> <span class='ocrx_word' id='word_1_62' title='bbox 637 1093 752 1178; x_wconf 85' lang='lat' dir='ltr'>pratis,</span> <span class='ocrx_word' id='word_1_63' title='bbox 776 1092 866 1173; x_wconf 86' lang='lat' dir='ltr'>siris,</span> <span class='ocrx_word' id='word_1_64' title='bbox 890 1092 1032 1173; x_wconf 84' lang='lat' dir='ltr'>campis,</span> <span class='ocrx_word' id='word_1_65' title='bbox 1056 1090 1151 1172; x_wconf 87' lang='lat' dir='ltr'>aquis</span> <span class='ocrx_word' id='word_1_66' title='bbox 1175 1093 1210 1155; x_wconf 87' lang='lat' dir='ltr'>et</span> <span class='ocrx_word' id='word_1_67' title='bbox 1231 1090 1302 1155; x_wconf 91' lang='lat' dir='ltr'>iure</span> <span class='ocrx_word' id='word_1_68' title='bbox 1326 1089 1473 1172; x_wconf 88' lang='lat' dir='ltr'>quolibet</span> <span class='ocrx_word' id='word_1_69' title='bbox 1505 1089 1774 1154; x_wconf 87' lang='lat' dir='ltr'>aGodeschalco</span> <span class='ocrx_word' id='word_1_70' title='bbox 1803 1091 1844 1154; x_wconf 89' lang='lat' dir='ltr'>de</span> <span class='ocrx_word' id='word_1_71' title='bbox 1866 1091 2034 1175; x_wconf 87' lang='lat' dir='ltr'>Meringen</span> <span class='ocrx_word' id='word_1_72' title='bbox 2058 1097 2095 1159; x_wconf 90' lang='lat' dir='ltr'>et</span> 
     </span>
     <span class='ocr_line' id='line_1_7' title="bbox 75 1195 2095 1284; baseline -0.002 -17"><span class='ocrx_word' id='word_1_73' title='bbox 75 1203 139 1267; x_wconf 91' lang='lat' dir='ltr'>suis</span> <span class='ocrx_word' id='word_1_74' title='bbox 161 1202 340 1267; x_wconf 87' lang='lat' dir='ltr'>heredibus</span> <span class='ocrx_word' id='word_1_75' title='bbox 363 1220 426 1284; x_wconf 94' lang='lat' dir='ltr'>pro</span> <span class='ocrx_word' id='word_1_76' title='bbox 448 1201 582 1282; x_wconf 89' lang='lat' dir='ltr'>triginta</span> <span class='ocrx_word' id='word_1_77' title='bbox 604 1199 723 1264; x_wconf 88' lang='lat' dir='ltr'>marcis</span> <span class='ocrx_word' id='word_1_78' title='bbox 747 1199 789 1262; x_wconf 89' lang='lat' dir='ltr'>ab</span> <span class='ocrx_word' id='word_1_79' title='bbox 813 1199 904 1262; x_wconf 92' lang='lat' dir='ltr'>omni</span> <span class='ocrx_word' id='word_1_80' title='bbox 927 1197 1000 1262; x_wconf 90' lang='lat' dir='ltr'>iure</span> <span class='ocrx_word' id='word_1_81' title='bbox 1022 1196 1145 1262; x_wconf 91' lang='lat' dir='ltr'>liberos</span> <span class='ocrx_word' id='word_1_82' title='bbox 1169 1199 1414 1278; x_wconf 85' lang='lat' dir='ltr'>compararunt,</span> <span class='ocrx_word' id='word_1_83' title='bbox 1439 1215 1524 1277; x_wconf 91' lang='lat' dir='ltr'>quos</span> <span class='ocrx_word' id='word_1_84' title='bbox 1548 1215 1682 1260; x_wconf 87' lang='lat' dir='ltr'>mansos</span> <span class='ocrx_word' id='word_1_85' title='bbox 1705 1195 1793 1260; x_wconf 92' lang='lat' dir='ltr'>idem</span> <span class='ocrx_word' id='word_1_86' title='bbox 1817 1195 2095 1283; x_wconf 85' lang='lat' dir='ltr'>G(odeschalcus)</span> 
     </span>
     <span class='ocr_line' id='line_1_8' title="bbox 75 1301 2094 1391; baseline -0.001 -19"><span class='ocrx_word' id='word_1_87' title='bbox 75 1329 93 1372; x_wconf 93' lang='lat' dir='ltr'>a</span> <span class='ocrx_word' id='word_1_88' title='bbox 113 1308 245 1391; x_wconf 88' lang='lat' dir='ltr'>prelato</span> <span class='ocrx_word' id='word_1_89' title='bbox 267 1307 389 1372; x_wconf 88' lang='lat' dir='ltr'>abbate</span> <span class='ocrx_word' id='word_1_90' title='bbox 412 1307 485 1372; x_wconf 91' lang='lat' dir='ltr'>loco</span> <span class='ocrx_word' id='word_1_91' title='bbox 508 1304 721 1370; x_wconf 80' lang='lat' dir='ltr'>villicationis</span> <span class='ocrx_word' id='word_1_92' title='bbox 744 1302 898 1368; x_wconf 89' lang='lat' dir='ltr'>videlicet</span> <span class='ocrx_word' id='word_1_93' title='bbox 919 1302 1080 1386; x_wconf 89' lang='lat' dir='ltr'>pensione</span> <span class='ocrx_word' id='word_1_94' title='bbox 1104 1301 1216 1384; x_wconf 87' lang='lat' dir='ltr'>viginti</span> <span class='ocrx_word' id='word_1_95' title='bbox 1240 1302 1422 1367; x_wconf 89' lang='lat' dir='ltr'>solidorum</span> <span class='ocrx_word' id='word_1_96' title='bbox 1446 1302 1543 1366; x_wconf 91' lang='lat' dir='ltr'>annis</span> <span class='ocrx_word' id='word_1_97' title='bbox 1566 1301 1705 1383; x_wconf 89' lang='lat' dir='ltr'>singulis</span> <span class='ocrx_word' id='word_1_98' title='bbox 1728 1302 1837 1366; x_wconf 88' lang='lat' dir='ltr'>tenuit</span> <span class='ocrx_word' id='word_1_99' title='bbox 1859 1303 1951 1368; x_wconf 91' lang='lat' dir='ltr'>etin</span> <span class='ocrx_word' id='word_1_100' title='bbox 1973 1323 2094 1369; x_wconf 89' lang='lat' dir='ltr'>manus</span> 
     </span>
     <span class='ocr_line' id='line_1_9' title="bbox 75 1407 2094 1493; baseline -0.001 -15"><span class='ocrx_word' id='word_1_101' title='bbox 75 1433 148 1478; x_wconf 90' lang='lat' dir='ltr'>suas</span> <span class='ocrx_word' id='word_1_102' title='bbox 171 1431 284 1478; x_wconf 87' lang='lat' dir='ltr'>coram</span> <span class='ocrx_word' id='word_1_103' title='bbox 307 1413 378 1477; x_wconf 89' lang='lat' dir='ltr'>suis</span> <span class='ocrx_word' id='word_1_104' title='bbox 401 1411 593 1476; x_wconf 89' lang='lat' dir='ltr'>concivibus</span> <span class='ocrx_word' id='word_1_105' title='bbox 616 1410 689 1493; x_wconf 92' lang='lat' dir='ltr'>ipse</span> <span class='ocrx_word' id='word_1_106' title='bbox 713 1407 856 1473; x_wconf 81' lang='lat' dir='ltr'>attilius</span> <span class='ocrx_word' id='word_1_107' title='bbox 880 1428 972 1489; x_wconf 88' lang='lat' dir='ltr'>suus,</span> <span class='ocrx_word' id='word_1_108' title='bbox 995 1427 1080 1472; x_wconf 81' lang='lat' dir='ltr'>uxor</span> <span class='ocrx_word' id='word_1_109' title='bbox 1102 1427 1164 1473; x_wconf 89' lang='lat' dir='ltr'>sua</span> <span class='ocrx_word' id='word_1_110' title='bbox 1187 1411 1219 1472; x_wconf 88' lang='lat' dir='ltr'>et</span> <span class='ocrx_word' id='word_1_111' title='bbox 1235 1407 1336 1472; x_wconf 90' lang='lat' dir='ltr'>ceteri</span> <span class='ocrx_word' id='word_1_112' title='bbox 1359 1408 1455 1490; x_wconf 92' lang='lat' dir='ltr'>pueri</span> <span class='ocrx_word' id='word_1_113' title='bbox 1471 1408 1653 1472; x_wconf 89' lang='lat' dir='ltr'>eorundem</span> <span class='ocrx_word' id='word_1_114' title='bbox 1678 1408 1719 1471; x_wconf 90' lang='lat' dir='ltr'>de</span> <span class='ocrx_word' id='word_1_115' title='bbox 1742 1427 1908 1473; x_wconf 91' lang='lat' dir='ltr'>consensu</span> <span class='ocrx_word' id='word_1_116' title='bbox 1932 1409 2094 1475; x_wconf 89' lang='lat' dir='ltr'>heredum</span> 
     </span>
     <span class='ocr_line' id='line_1_10' title="bbox 75 1513 2094 1597; baseline -0.002 -13"><span class='ocrx_word' id='word_1_117' title='bbox 75 1538 207 1584; x_wconf 84' lang='lat' dir='ltr'>suorum</span> <span class='ocrx_word' id='word_1_118' title='bbox 232 1524 268 1583; x_wconf 91' lang='lat' dir='ltr'>et</span> <span class='ocrx_word' id='word_1_119' title='bbox 291 1518 491 1584; x_wconf 85' lang='lat' dir='ltr'>coheredum</span> <span class='ocrx_word' id='word_1_120' title='bbox 514 1517 618 1582; x_wconf 90' lang='lat' dir='ltr'>libere</span> <span class='ocrx_word' id='word_1_121' title='bbox 641 1516 862 1597; x_wconf 81' lang='lat' dir='ltr'>resignarunt.</span> <span class='ocrx_word' id='word_1_122' title='bbox 908 1514 1018 1580; x_wconf 88' lang='lat' dir='ltr'>Huius</span> <span class='ocrx_word' id='word_1_123' title='bbox 1042 1513 1090 1578; x_wconf 90' lang='lat' dir='ltr'>rei</span> <span class='ocrx_word' id='word_1_124' title='bbox 1118 1515 1219 1579; x_wconf 86' lang='lat' dir='ltr'>testes</span> <span class='ocrx_word' id='word_1_125' title='bbox 1242 1515 1339 1579; x_wconf 89' lang='lat' dir='ltr'>sunt:</span> <span class='ocrx_word' id='word_1_126' title='bbox 1364 1513 1579 1595; x_wconf 90' lang='lat' dir='ltr'>Sthephanus</span> <span class='ocrx_word' id='word_1_127' title='bbox 1602 1513 1766 1595; x_wconf 87' lang='lat' dir='ltr'>plebanus</span> <span class='ocrx_word' id='word_1_128' title='bbox 1792 1513 1827 1578; x_wconf 93' lang='lat' dir='ltr'>in</span> <span class='ocrx_word' id='word_1_129' title='bbox 1847 1515 2094 1597; x_wconf 87' lang='lat' dir='ltr'>Gemenhusen,</span> 
     </span>
     <span class='ocr_line' id='line_1_11' title="bbox 75 1618 2094 1703; baseline -0.002 -13"><span class='ocrx_word' id='word_1_130' title='bbox 75 1625 242 1690; x_wconf 81' lang='lat' dir='ltr'>Amoldus</span> <span class='ocrx_word' id='word_1_131' title='bbox 267 1625 307 1689; x_wconf 90' lang='lat' dir='ltr'>de</span> <span class='ocrx_word' id='word_1_132' title='bbox 331 1623 521 1690; x_wconf 88' lang='lat' dir='ltr'>Holthusen</span> <span class='ocrx_word' id='word_1_133' title='bbox 543 1622 650 1702; x_wconf 88' lang='lat' dir='ltr'>miles,</span> <span class='ocrx_word' id='word_1_134' title='bbox 674 1620 848 1686; x_wconf 86' lang='lat' dir='ltr'>Conradus</span> <span class='ocrx_word' id='word_1_135' title='bbox 869 1620 986 1703; x_wconf 87' lang='lat' dir='ltr'>Knige‚</span> <span class='ocrx_word' id='word_1_136' title='bbox 1009 1619 1225 1686; x_wconf 87' lang='lat' dir='ltr'>Wilbrandus</span> <span class='ocrx_word' id='word_1_137' title='bbox 1248 1619 1336 1700; x_wconf 65' lang='lat' dir='ltr'>Flos</span> <span class='ocrx_word' id='word_1_138' title='bbox 1359 1618 1489 1698; x_wconf 89' lang='lat' dir='ltr'>iamuli;</span> <span class='ocrx_word' id='word_1_139' title='bbox 1513 1618 1682 1684; x_wconf 86' lang='lat' dir='ltr'>Albardus</span> <span class='ocrx_word' id='word_1_140' title='bbox 1706 1620 1748 1685; x_wconf 91' lang='lat' dir='ltr'>de</span> <span class='ocrx_word' id='word_1_141' title='bbox 1763 1619 1932 1703; x_wconf 88' lang='lat' dir='ltr'>Meriugen</span> <span class='ocrx_word' id='word_1_142' title='bbox 1955 1624 1989 1686; x_wconf 89' lang='lat' dir='ltr'>el</span> <span class='ocrx_word' id='word_1_143' title='bbox 2011 1622 2094 1687; x_wconf 89' lang='lat' dir='ltr'>Ber-</span> 
     </span>
     <span class='ocr_line' id='line_1_12' title="bbox 74 1724 2094 1812; baseline -0.001 -17"><span class='ocrx_word' id='word_1_144' title='bbox 74 1730 192 1810; x_wconf 85' lang='lat' dir='ltr'>toldus‚</span> <span class='ocrx_word' id='word_1_145' title='bbox 218 1729 433 1794; x_wconf 87' lang='lat' dir='ltr'>Hermannus</span> <span class='ocrx_word' id='word_1_146' title='bbox 457 1731 490 1794; x_wconf 88' lang='lat' dir='ltr'>et</span> <span class='ocrx_word' id='word_1_147' title='bbox 512 1729 730 1812; x_wconf 91' lang='lat' dir='ltr'>Thedolphus</span> <span class='ocrx_word' id='word_1_148' title='bbox 754 1728 795 1794; x_wconf 89' lang='lat' dir='ltr'>de</span> <span class='ocrx_word' id='word_1_149' title='bbox 818 1727 1007 1809; x_wconf 88' lang='lat' dir='ltr'>Marsberge</span> <span class='ocrx_word' id='word_1_150' title='bbox 1035 1729 1069 1791; x_wconf 91' lang='lat' dir='ltr'>et</span> <span class='ocrx_word' id='word_1_151' title='bbox 1098 1726 1155 1791; x_wconf 90' lang='lat' dir='ltr'>alii</span> <span class='ocrx_word' id='word_1_152' title='bbox 1190 1745 1291 1808; x_wconf 91' lang='lat' dir='ltr'>quam</span> <span class='ocrx_word' id='word_1_153' title='bbox 1326 1725 1451 1808; x_wconf 91' lang='lat' dir='ltr'>plures.</span> <span class='ocrx_word' id='word_1_154' title='bbox 1497 1725 1537 1789; x_wconf 90' lang='lat' dir='ltr'>In</span> <span class='ocrx_word' id='word_1_155' title='bbox 1565 1725 1661 1789; x_wconf 90' lang='lat' dir='ltr'>cuius</span> <span class='ocrx_word' id='word_1_156' title='bbox 1695 1724 1742 1789; x_wconf 91' lang='lat' dir='ltr'>rei</span> <span class='ocrx_word' id='word_1_157' title='bbox 1765 1725 1993 1792; x_wconf 88' lang='lat' dir='ltr'>testimonium</span> <span class='ocrx_word' id='word_1_158' title='bbox 2016 1745 2094 1809; x_wconf 91' lang='lat' dir='ltr'>pre-</span> 
     </span>
     <span class='ocr_line' id='line_1_13' title="bbox 74 1829 2095 1918; baseline -0.001 -17"><span class='ocrx_word' id='word_1_159' title='bbox 74 1839 195 1901; x_wconf 85' lang='lat' dir='ltr'>sentem</span> <span class='ocrx_word' id='word_1_160' title='bbox 225 1835 382 1918; x_wconf 84' lang='lat' dir='ltr'>paginam</span> <span class='ocrx_word' id='word_1_161' title='bbox 410 1835 575 1900; x_wconf 90' lang='lat' dir='ltr'>conscribi</span> <span class='ocrx_word' id='word_1_162' title='bbox 602 1834 741 1900; x_wconf 88' lang='lat' dir='ltr'>fecimus</span> <span class='ocrx_word' id='word_1_163' title='bbox 773 1836 806 1899; x_wconf 87' lang='lat' dir='ltr'>et</span> <span class='ocrx_word' id='word_1_164' title='bbox 835 1831 1018 1915; x_wconf 87' lang='lat' dir='ltr'>sigillorum</span> <span class='ocrx_word' id='word_1_165' title='bbox 1046 1833 1237 1896; x_wconf 89' lang='lat' dir='ltr'>nostrorum</span> <span class='ocrx_word' id='word_1_166' title='bbox 1263 1831 1447 1896; x_wconf 90' lang='lat' dir='ltr'>munimine</span> <span class='ocrx_word' id='word_1_167' title='bbox 1478 1829 1636 1894; x_wconf 89' lang='lat' dir='ltr'>roborari.</span> <span class='ocrx_word' id='word_1_168' title='bbox 1684 1830 1769 1895; x_wconf 83' lang='lat' dir='ltr'>Acta</span> <span class='ocrx_word' id='word_1_169' title='bbox 1796 1835 1908 1897; x_wconf 90' lang='lat' dir='ltr'>autem</span> <span class='ocrx_word' id='word_1_170' title='bbox 1932 1835 2011 1898; x_wconf 90' lang='lat' dir='ltr'>sunt</span> <span class='ocrx_word' id='word_1_171' title='bbox 2032 1835 2095 1898; x_wconf 89' lang='lat' dir='ltr'>hec</span> 
     </span>
     <span class='ocr_line' id='line_1_14' title="bbox 73 1939 1186 2024; baseline -0.002 -18"><span class='ocrx_word' id='word_1_172' title='bbox 73 1961 156 2006; x_wconf 92' lang='lat' dir='ltr'>anno</span> <span class='ocrx_word' id='word_1_173' title='bbox 179 1941 289 2024; x_wconf 88' lang='lat' dir='ltr'>gracie</span> <span class='ocrx_word' id='word_1_174' title='bbox 313 1939 612 2008; x_wconf 83' lang='lat' dir='ltr'><strong>M⁰.CG⁰.LXVIII⁰.</strong></span> <span class='ocrx_word' id='word_1_175' title='bbox 1185 2017 1186 2022; x_wconf 5' lang='grc' dir='ltr'>ἵ</span> 
     </span>
     <span class='ocr_line' id='line_1_15' title="bbox 201 2039 2096 2131; baseline 0 -23"><span class='ocrx_word' id='word_1_176' title='bbox 201 2044 261 2110; x_wconf 88' lang='lat' dir='ltr'>Or.</span> <span class='ocrx_word' id='word_1_177' title='bbox 285 2049 328 2109; x_wconf 85' lang='lat' dir='ltr'>im</span> <span class='ocrx_word' id='word_1_178' title='bbox 350 2044 423 2131; x_wconf 72' lang='lat' dir='ltr'>Kgl.</span> <span class='ocrx_word' id='word_1_179' title='bbox 450 2043 555 2112; x_wconf 77' lang='lat' dir='ltr'>sc-A.</span> <span class='ocrx_word' id='word_1_180' title='bbox 578 2067 617 2108; x_wconf 78' lang='lat' dir='ltr'>zu</span> <span class='ocrx_word' id='word_1_181' title='bbox 638 2044 791 2122; x_wconf 70' lang='lat' dir='ltr'>mmm,</span> <span class='ocrx_word' id='word_1_182' title='bbox 825 2043 926 2107; x_wconf 80' lang='lat' dir='ltr'>Mon‘z</span> <span class='ocrx_word' id='word_1_183' title='bbox 948 2066 977 2108; x_wconf 82' lang='lat' dir='ltr'>o.</span> <span class='ocrx_word' id='word_1_184' title='bbox 1004 2041 1130 2108; x_wconf 79' lang='lat' dir='ltr'>Simeon</span> <span class='ocrx_word' id='word_1_185' title='bbox 1151 2045 1185 2106; x_wconf 80' lang='lat' dir='ltr'>in</span> <span class='ocrx_word' id='word_1_186' title='bbox 1208 2042 1335 2106; x_wconf 76' lang='lat' dir='ltr'>Mehdeo</span> <span class='ocrx_word' id='word_1_187' title='bbox 1357 2039 1419 2107; x_wconf 84' lang='lat' dir='ltr'>Nr.</span> <span class='ocrx_word' id='word_1_188' title='bbox 1442 2039 1488 2104; x_wconf 87' lang='grc'>33</span> <span class='ocrx_word' id='word_1_189' title='bbox 1496 2039 1522 2108; x_wconf 85' lang='lat' dir='ltr'>b.</span> <span class='ocrx_word' id='word_1_190' title='bbox 1569 2039 1632 2106; x_wconf 78' lang='lat' dir='ltr'>Do</span> <span class='ocrx_word' id='word_1_191' title='bbox 1659 2039 1764 2107; x_wconf 57' lang='lat' dir='ltr'>baden</span> <span class='ocrx_word' id='word_1_192' title='bbox 1792 2040 1895 2128; x_wconf 67' lang='lat' dir='ltr'>Sreqel</span> <span class='ocrx_word' id='word_1_193' title='bbox 1924 2042 2013 2108; x_wconf 75' lang='lat' dir='ltr'>nabet</span> <span class='ocrx_word' id='word_1_194' title='bbox 2034 2043 2096 2108; x_wconf 84' lang='lat' dir='ltr'>Be-</span> 
     </span>
     <span class='ocr_line' id='line_1_16' title="bbox 284 2145 2095 2237; baseline -0.002 -21"><span class='ocrx_word' id='word_1_195' title='bbox 284 2152 444 2237; x_wconf 70' lang='lat' dir='ltr'>feetimmg</span> <span class='ocrx_word' id='word_1_196' title='bbox 478 2153 623 2216; x_wconf 77' lang='lat' dir='ltr'>veriorem</span> <span class='ocrx_word' id='word_1_197' title='bbox 675 2151 820 2234; x_wconf 73' lang='lat' dir='ltr'>Meninge</span> <span class='ocrx_word' id='word_1_198' title='bbox 855 2150 909 2234; x_wconf 72' lang='lat' dir='ltr'>lay</span> <span class='ocrx_word' id='word_1_199' title='bbox 935 2149 1084 2213; x_wconf 72' lang='lat' dir='ltr'>morien</span> <span class='ocrx_word' id='word_1_200' title='bbox 1113 2146 1249 2211; x_wconf 79' lang='lat' dir='ltr'>Loccrcm</span> <span class='ocrx_word' id='word_1_201' title='bbox 1281 2148 1347 2210; x_wconf 69' lang='lat' dir='ltr'>med</span> <span class='ocrx_word' id='word_1_202' title='bbox 1382 2145 1633 2232; x_wconf 52' lang='lat' dir='ltr'>&amp;hismaelitam</span> <span class='ocrx_word' id='word_1_203' title='bbox 1672 2158 1765 2211; x_wconf 71' lang='lat' dir='ltr'>erras</span> <span class='ocrx_word' id='word_1_204' title='bbox 1802 2149 1958 2214; x_wconf 66' lang='lat' dir='ltr'>sidlieher</span> <span class='ocrx_word' id='word_1_205' title='bbox 1995 2150 2095 2213; x_wconf 75' lang='lat' dir='ltr'>dovora</span> 
     </span>
     <span class='ocr_line' id='line_1_17' title="bbox 285 2252 1026 2343; baseline -0.004 -20"><span class='ocrx_word' id='word_1_206' title='bbox 285 2259 484 2341; x_wconf 84' lang='lat' dir='ltr'>Marsberge,</span> <span class='ocrx_word' id='word_1_207' title='bbox 508 2257 568 2343; x_wconf 74' lang='lat' dir='ltr'>aql.</span> <span class='ocrx_word' id='word_1_208' title='bbox 592 2256 669 2321; x_wconf 82' lang='lat' dir='ltr'>oben</span> <span class='ocrx_word' id='word_1_209' title='bbox 691 2255 751 2319; x_wconf 85' lang='lat' dir='ltr'>Nr.</span> <span class='ocrx_word' id='word_1_210' title='bbox 774 2253 843 2319; x_wconf 81' lang='grc'>326</span> <span class='ocrx_word' id='word_1_211' title='bbox 864 2255 930 2318; x_wconf 70' lang='lat' dir='ltr'>card</span> <span class='ocrx_word' id='word_1_212' title='bbox 950 2252 1026 2320; x_wconf 90' lang='grc'><em>330.</em></span> 
     </span>
    </p>
   </div>
   <div class='ocr_carea' id='block_1_3' title="bbox 76 2433 2096 2656">
    <p class='ocr_par' dir='ltr' id='par_1_3' title="bbox 76 2433 2096 2656">
     <span class='ocr_line' id='line_1_18' title="bbox 1039 2433 1127 2511; baseline 0 -1"><span class='ocrx_word' id='word_1_213' title='bbox 1039 2433 1127 2511; x_wconf 86' lang='grc'>919.</span> 
     </span>
     <span class='ocr_line' id='line_1_19' title="bbox 76 2554 2096 2656; baseline -0.001 -20"><span class='ocrx_word' id='word_1_214' title='bbox 76 2563 137 2636; x_wconf 72' lang='lat' dir='ltr'>Do</span> <span class='ocrx_word' id='word_1_215' title='bbox 163 2562 307 2635; x_wconf 79' lang='lat' dir='ltr'>Bn&#39;lder</span> <span class='ocrx_word' id='word_1_216' title='bbox 332 2585 397 2635; x_wconf 81' lang='lat' dir='ltr'>von</span> <span class='ocrx_word' id='word_1_217' title='bbox 426 2562 844 2656; x_wconf 58' lang='lat' dir='ltr'>arcaiag-armenica</span> <span class='ocrx_word' id='word_1_218' title='bbox 876 2561 1060 2652; x_wconf 63' lang='lat' dir='ltr'>carmiger</span> <span class='ocrx_word' id='word_1_219' title='bbox 1093 2561 1171 2632; x_wconf 82' lang='lat' dir='ltr'>dem</span> <span class='ocrx_word' id='word_1_220' title='bbox 1197 2554 1252 2632; x_wconf 87' lang='lat' dir='ltr'>Kl.</span> <span class='ocrx_word' id='word_1_221' title='bbox 1280 2561 1416 2632; x_wconf 81' lang='lat' dir='ltr'>Lcoerrr</span> <span class='ocrx_word' id='word_1_222' title='bbox 1449 2561 1505 2632; x_wconf 82' lang='lat' dir='ltr'>dic</span> <span class='ocrx_word' id='word_1_223' title='bbox 1539 2561 1611 2631; x_wconf 80' lang='lat' dir='ltr'>ihm</span> <span class='ocrx_word' id='word_1_224' title='bbox 1642 2583 1707 2631; x_wconf 82' lang='lat' dir='ltr'>corr</span> <span class='ocrx_word' id='word_1_225' title='bbox 1738 2561 1846 2633; x_wconf 74' lang='lat' dir='ltr'>iliram</span> <span class='ocrx_word' id='word_1_226' title='bbox 1878 2562 1995 2634; x_wconf 77' lang='lat' dir='ltr'>ovem</span> <span class='ocrx_word' id='word_1_227' title='bbox 2022 2563 2096 2634; x_wconf 78' lang='lat' dir='ltr'>aad</span> 
     </span>
    </p>
   </div>
   <div class='ocr_carea' id='block_1_4' title="bbox 263 2664 1915 2760">
    <p class='ocr_par' dir='ltr' id='par_1_4' title="bbox 263 2664 1915 2760">
     <span class='ocr_line' id='line_1_20' title="bbox 263 2664 1915 2760; baseline -0.003 -17"><span class='ocrx_word' id='word_1_228' title='bbox 263 2670 368 2743; x_wconf 70' lang='lat' dir='ltr'>valer</span> <span class='ocrx_word' id='word_1_229' title='bbox 392 2668 564 2760; x_wconf 64' lang='lat' dir='ltr'>gemmare</span> <span class='ocrx_word' id='word_1_230' title='bbox 592 2668 793 2760; x_wconf 70' lang='lat' dir='ltr'>armorum</span> <span class='ocrx_word' id='word_1_231' title='bbox 818 2691 883 2742; x_wconf 81' lang='lat' dir='ltr'>ooo</span> <span class='ocrx_word' id='word_1_232' title='bbox 912 2668 1044 2740; x_wconf 67' lang='lat' dir='ltr'>msam</span> <span class='ocrx_word' id='word_1_233' title='bbox 1070 2669 1108 2739; x_wconf 79' lang='lat' dir='ltr'>irc</span> <span class='ocrx_word' id='word_1_234' title='bbox 1135 2667 1291 2738; x_wconf 86' lang='lat' dir='ltr'>Eversio</span> <span class='ocrx_word' id='word_1_235' title='bbox 1318 2667 1391 2738; x_wconf 78' lang='lat' dir='ltr'>aad</span> <span class='ocrx_word' id='word_1_236' title='bbox 1418 2664 1755 2760; x_wconf 87' lang='lat' dir='ltr'>Hemecinghusen.</span> <span class='ocrx_word' id='word_1_237' title='bbox 1810 2670 1915 2740; x_wconf 83' lang='grc'><em>1268.</em></span> 
     </span>
    </p>
   </div>
   <div class='ocr_carea' id='block_1_5' title="bbox 73 2785 2096 4022">
    <p class='ocr_par' dir='ltr' id='par_1_5' title="bbox 73 2785 2096 3932">
     <span class='ocr_line' id='line_1_21' title="bbox 174 2785 2094 2870; baseline -0.001 -19"><span class='ocrx_word' id='word_1_238' title='bbox 174 2788 340 2853; x_wconf 90' lang='lat' dir='ltr'>Henricus</span> <span class='ocrx_word' id='word_1_239' title='bbox 366 2789 578 2870; x_wconf 83' lang='lat' dir='ltr'>burcgravius</span> <span class='ocrx_word' id='word_1_240' title='bbox 602 2791 643 2854; x_wconf 89' lang='lat' dir='ltr'>de</span> <span class='ocrx_word' id='word_1_241' title='bbox 667 2788 874 2870; x_wconf 88' lang='lat' dir='ltr'>Stromberg,</span> <span class='ocrx_word' id='word_1_242' title='bbox 908 2786 1083 2852; x_wconf 88' lang='lat' dir='ltr'>Conradus</span> <span class='ocrx_word' id='word_1_243' title='bbox 1110 2785 1232 2851; x_wconf 90' lang='lat' dir='ltr'>nobilis</span> <span class='ocrx_word' id='word_1_244' title='bbox 1256 2786 1364 2850; x_wconf 89' lang='lat' dir='ltr'>dictus</span> <span class='ocrx_word' id='word_1_245' title='bbox 1392 2785 1433 2849; x_wconf 92' lang='lat' dir='ltr'>de</span> <span class='ocrx_word' id='word_1_246' title='bbox 1456 2785 1689 2868; x_wconf 88' lang='lat' dir='ltr'>Rothenberg,</span> <span class='ocrx_word' id='word_1_247' title='bbox 1721 2786 1890 2850; x_wconf 82' lang='lat' dir='ltr'>lohannes</span> <span class='ocrx_word' id='word_1_248' title='bbox 1914 2785 2094 2852; x_wconf 92' lang='lat' dir='ltr'>canonicus</span> 
     </span>
     <span class='ocr_line' id='line_1_22' title="bbox 74 2889 2095 2975; baseline -0 -18"><span class='ocrx_word' id='word_1_249' title='bbox 74 2893 253 2958; x_wconf 89' lang='lat' dir='ltr'>Mindensis</span> <span class='ocrx_word' id='word_1_250' title='bbox 277 2894 414 2959; x_wconf 89' lang='lat' dir='ltr'>ecclesie</span> <span class='ocrx_word' id='word_1_251' title='bbox 437 2897 471 2959; x_wconf 92' lang='lat' dir='ltr'>et</span> <span class='ocrx_word' id='word_1_252' title='bbox 494 2894 703 2969; x_wconf 85' lang='lat' dir='ltr'>Godelridus,</span> <span class='ocrx_word' id='word_1_253' title='bbox 727 2893 845 2960; x_wconf 89' lang='lat' dir='ltr'>iratres</span> <span class='ocrx_word' id='word_1_254' title='bbox 869 2893 1034 2974; x_wconf 86' lang='lat' dir='ltr'>carnales,</span> <span class='ocrx_word' id='word_1_255' title='bbox 1065 2893 1230 2957; x_wconf 91' lang='lat' dir='ltr'>universis</span> <span class='ocrx_word' id='word_1_256' title='bbox 1257 2894 1447 2975; x_wconf 91' lang='lat' dir='ltr'>presentem</span> <span class='ocrx_word' id='word_1_257' title='bbox 1474 2889 1631 2973; x_wconf 88' lang='lat' dir='ltr'>paginam</span> <span class='ocrx_word' id='word_1_258' title='bbox 1658 2891 1859 2972; x_wconf 88' lang='lat' dir='ltr'>inspecturis</span> <span class='ocrx_word' id='word_1_259' title='bbox 1887 2894 2038 2956; x_wconf 90' lang='lat' dir='ltr'>eternam</span> <span class='ocrx_word' id='word_1_260' title='bbox 2060 2891 2095 2956; x_wconf 88' lang='lat' dir='ltr'>in</span> 
     </span>
     <span class='ocr_line' id='line_1_23' title="bbox 75 2997 2095 3084; baseline 0 -22"><span class='ocrx_word' id='word_1_261' title='bbox 75 3000 211 3065; x_wconf 90' lang='lat' dir='ltr'>Domino</span> <span class='ocrx_word' id='word_1_262' title='bbox 238 3001 390 3066; x_wconf 91' lang='lat' dir='ltr'>salutem.</span> <span class='ocrx_word' id='word_1_263' title='bbox 436 3000 489 3066; x_wconf 89' lang='lat' dir='ltr'>Ad</span> <span class='ocrx_word' id='word_1_264' title='bbox 519 3002 671 3066; x_wconf 87' lang='lat' dir='ltr'>notitiam</span> <span class='ocrx_word' id='word_1_265' title='bbox 701 3004 771 3064; x_wconf 90' lang='lat' dir='ltr'>tam</span> <span class='ocrx_word' id='word_1_266' title='bbox 800 2999 1005 3084; x_wconf 88' lang='lat' dir='ltr'>presentium</span> <span class='ocrx_word' id='word_1_267' title='bbox 1033 3018 1134 3082; x_wconf 89' lang='lat' dir='ltr'>quam</span> <span class='ocrx_word' id='word_1_268' title='bbox 1169 2999 1358 3064; x_wconf 86' lang='lat' dir='ltr'>futurorum</span> <span class='ocrx_word' id='word_1_269' title='bbox 1387 2997 1540 3080; x_wconf 88' lang='lat' dir='ltr'>cupimus</span> <span class='ocrx_word' id='word_1_270' title='bbox 1570 2997 1761 3079; x_wconf 87' lang='lat' dir='ltr'>pervenire,</span> <span class='ocrx_word' id='word_1_271' title='bbox 1791 2998 1882 3079; x_wconf 90' lang='lat' dir='ltr'>quod</span> <span class='ocrx_word' id='word_1_272' title='bbox 1910 3017 1972 3062; x_wconf 90' lang='lat' dir='ltr'>nos</span> <span class='ocrx_word' id='word_1_273' title='bbox 2004 2999 2095 3081; x_wconf 91' lang='lat' dir='ltr'>piam</span> 
     </span>
     <span class='ocr_line' id='line_1_24' title="bbox 75 3101 2096 3191; baseline -0 -23"><span class='ocrx_word' id='word_1_274' title='bbox 75 3105 298 3186; x_wconf 86' lang='lat' dir='ltr'>donationem,</span> <span class='ocrx_word' id='word_1_275' title='bbox 322 3125 424 3191; x_wconf 90' lang='lat' dir='ltr'>quam</span> <span class='ocrx_word' id='word_1_276' title='bbox 447 3108 535 3172; x_wconf 94' lang='lat' dir='ltr'>bone</span> <span class='ocrx_word' id='word_1_277' title='bbox 558 3105 719 3172; x_wconf 88' lang='lat' dir='ltr'>memorie</span> <span class='ocrx_word' id='word_1_278' title='bbox 742 3109 882 3188; x_wconf 85' lang='lat' dir='ltr'>patruus</span> <span class='ocrx_word' id='word_1_279' title='bbox 905 3107 1019 3170; x_wconf 88' lang='lat' dir='ltr'>noster</span> <span class='ocrx_word' id='word_1_280' title='bbox 1046 3105 1234 3187; x_wconf 90' lang='lat' dir='ltr'>prepositus</span> <span class='ocrx_word' id='word_1_281' title='bbox 1250 3103 1432 3170; x_wconf 89' lang='lat' dir='ltr'>Wernerus</span> <span class='ocrx_word' id='word_1_282' title='bbox 1455 3102 1562 3168; x_wconf 85' lang='lat' dir='ltr'>sancti</span> <span class='ocrx_word' id='word_1_283' title='bbox 1586 3101 1717 3168; x_wconf 82' lang='lat' dir='ltr'>Martini</span> <span class='ocrx_word' id='word_1_284' title='bbox 1736 3102 1920 3168; x_wconf 89' lang='lat' dir='ltr'>Mindensis</span> <span class='ocrx_word' id='word_1_285' title='bbox 1945 3106 1979 3168; x_wconf 91' lang='lat' dir='ltr'>et</span> <span class='ocrx_word' id='word_1_286' title='bbox 1999 3105 2096 3185; x_wconf 89' lang='lat' dir='ltr'>pater</span> 
     </span>
     <span class='ocr_line' id='line_1_25' title="bbox 74 3207 2094 3294; baseline 0 -20"><span class='ocrx_word' id='word_1_287' title='bbox 74 3214 181 3276; x_wconf 91' lang='lat' dir='ltr'>noster</span> <span class='ocrx_word' id='word_1_288' title='bbox 204 3212 381 3277; x_wconf 88' lang='lat' dir='ltr'>Conradus</span> <span class='ocrx_word' id='word_1_289' title='bbox 404 3212 599 3294; x_wconf 81' lang='lat' dir='ltr'>burgravius</span> <span class='ocrx_word' id='word_1_290' title='bbox 623 3213 664 3276; x_wconf 93' lang='lat' dir='ltr'>de</span> <span class='ocrx_word' id='word_1_291' title='bbox 688 3211 882 3293; x_wconf 90' lang='lat' dir='ltr'>Stromberg</span> <span class='ocrx_word' id='word_1_292' title='bbox 904 3211 1042 3276; x_wconf 88' lang='lat' dir='ltr'>ecclesie</span> <span class='ocrx_word' id='word_1_293' title='bbox 1070 3211 1167 3275; x_wconf 89' lang='lat' dir='ltr'>beate</span> <span class='ocrx_word' id='word_1_294' title='bbox 1195 3210 1296 3275; x_wconf 83' lang='lat' dir='ltr'>Maria</span> <span class='ocrx_word' id='word_1_295' title='bbox 1319 3209 1454 3291; x_wconf 89' lang='lat' dir='ltr'>virginis</span> <span class='ocrx_word' id='word_1_296' title='bbox 1481 3208 1517 3272; x_wconf 92' lang='lat' dir='ltr'>in</span> <span class='ocrx_word' id='word_1_297' title='bbox 1540 3208 1688 3274; x_wconf 89' lang='lat' dir='ltr'>Leveren</span> <span class='ocrx_word' id='word_1_298' title='bbox 1713 3207 1941 3274; x_wconf 80' lang='lat' dir='ltr'>Cisterciensis</span> <span class='ocrx_word' id='word_1_299' title='bbox 1969 3208 2094 3275; x_wconf 89' lang='lat' dir='ltr'>ordinis</span> 
     </span>
     <span class='ocr_line' id='line_1_26' title="bbox 74 3315 2095 3400; baseline 0 -21"><span class='ocrx_word' id='word_1_300' title='bbox 74 3315 105 3379; x_wconf 91' lang='lat' dir='ltr'>in</span> <span class='ocrx_word' id='word_1_301' title='bbox 125 3317 331 3400; x_wconf 79' lang='lat' dir='ltr'>proprietate</span> <span class='ocrx_word' id='word_1_302' title='bbox 354 3317 520 3383; x_wconf 93' lang='lat' dir='ltr'>bonorum</span> <span class='ocrx_word' id='word_1_303' title='bbox 543 3319 579 3383; x_wconf 92' lang='lat' dir='ltr'>in</span> <span class='ocrx_word' id='word_1_304' title='bbox 602 3317 738 3383; x_wconf 87' lang='lat' dir='ltr'>Eversio</span> <span class='ocrx_word' id='word_1_305' title='bbox 761 3321 795 3383; x_wconf 90' lang='lat' dir='ltr'>et</span> <span class='ocrx_word' id='word_1_306' title='bbox 819 3316 1112 3400; x_wconf 88' lang='lat' dir='ltr'>Hemecinghusen</span> <span class='ocrx_word' id='word_1_307' title='bbox 1141 3335 1217 3380; x_wconf 92' lang='lat' dir='ltr'>cum</span> <span class='ocrx_word' id='word_1_308' title='bbox 1240 3315 1396 3381; x_wconf 89' lang='lat' dir='ltr'>omnibus</span> <span class='ocrx_word' id='word_1_309' title='bbox 1420 3315 1607 3379; x_wconf 83' lang='lat' dir='ltr'>attinentiis</span> <span class='ocrx_word' id='word_1_310' title='bbox 1639 3315 1789 3398; x_wconf 87' lang='lat' dir='ltr'>ipsorum</span> <span class='ocrx_word' id='word_1_311' title='bbox 1820 3335 1882 3398; x_wconf 90' lang='lat' dir='ltr'>pro</span> <span class='ocrx_word' id='word_1_312' title='bbox 1909 3315 2095 3381; x_wconf 90' lang='lat' dir='ltr'>animarum</span> 
     </span>
     <span class='ocr_line' id='line_1_27' title="bbox 75 3420 2095 3502; baseline 0 -17"><span class='ocrx_word' id='word_1_313' title='bbox 75 3441 206 3488; x_wconf 90' lang='lat' dir='ltr'>suarum</span> <span class='ocrx_word' id='word_1_314' title='bbox 231 3423 380 3489; x_wconf 89' lang='lat' dir='ltr'>remedio</span> <span class='ocrx_word' id='word_1_315' title='bbox 407 3423 494 3490; x_wconf 91' lang='lat' dir='ltr'>iuste</span> <span class='ocrx_word' id='word_1_316' title='bbox 523 3427 556 3488; x_wconf 90' lang='lat' dir='ltr'>et</span> <span class='ocrx_word' id='word_1_317' title='bbox 584 3423 823 3490; x_wconf 83' lang='lat' dir='ltr'>rationabiliter</span> <span class='ocrx_word' id='word_1_318' title='bbox 855 3423 1082 3502; x_wconf 89' lang='lat' dir='ltr'>contulerunt,</span> <span class='ocrx_word' id='word_1_319' title='bbox 1115 3425 1222 3487; x_wconf 91' lang='lat' dir='ltr'>ratam</span> <span class='ocrx_word' id='word_1_320' title='bbox 1250 3423 1283 3486; x_wconf 91' lang='lat' dir='ltr'>et</span> <span class='ocrx_word' id='word_1_321' title='bbox 1308 3420 1440 3486; x_wconf 89' lang='lat' dir='ltr'>iirmam</span> <span class='ocrx_word' id='word_1_322' title='bbox 1469 3423 1624 3485; x_wconf 90' lang='lat' dir='ltr'>tenemus</span> <span class='ocrx_word' id='word_1_323' title='bbox 1652 3423 1686 3486; x_wconf 90' lang='lat' dir='ltr'>et</span> <span class='ocrx_word' id='word_1_324' title='bbox 1715 3441 1755 3484; x_wconf 89' lang='lat' dir='ltr'>ex</span> <span class='ocrx_word' id='word_1_325' title='bbox 1784 3422 1899 3487; x_wconf 89' lang='lat' dir='ltr'>nostro</span> <span class='ocrx_word' id='word_1_326' title='bbox 1930 3441 2095 3487; x_wconf 88' lang='lat' dir='ltr'>consensu</span> 
     </span>
     <span class='ocr_line' id='line_1_28' title="bbox 73 3527 2096 3612; baseline 0.001 -22"><span class='ocrx_word' id='word_1_327' title='bbox 73 3529 339 3611; x_wconf 89' lang='lat' dir='ltr'>recognoscimus</span> <span class='ocrx_word' id='word_1_328' title='bbox 350 3529 377 3612; x_wconf 87' lang='grc'>1)</span> <span class='ocrx_word' id='word_1_329' title='bbox 400 3549 474 3594; x_wconf 89' lang='lat' dir='ltr'>esse</span> <span class='ocrx_word' id='word_1_330' title='bbox 505 3530 641 3611; x_wconf 87' lang='lat' dir='ltr'>laetam,</span> <span class='ocrx_word' id='word_1_331' title='bbox 665 3529 812 3595; x_wconf 89' lang='lat' dir='ltr'>divinam</span> <span class='ocrx_word' id='word_1_332' title='bbox 842 3548 882 3593; x_wconf 87' lang='lat' dir='ltr'>ex</span> <span class='ocrx_word' id='word_1_333' title='bbox 911 3529 975 3592; x_wconf 91' lang='lat' dir='ltr'>hoc</span> <span class='ocrx_word' id='word_1_334' title='bbox 1004 3527 1305 3592; x_wconf 87' lang='lat' dir='ltr'>remunerationem</span> <span class='ocrx_word' id='word_1_335' title='bbox 1336 3529 1576 3609; x_wconf 87' lang='lat' dir='ltr'>exspectantes.</span> <span class='ocrx_word' id='word_1_336' title='bbox 1625 3527 1671 3591; x_wconf 93' lang='lat' dir='ltr'>Ut</span> <span class='ocrx_word' id='word_1_337' title='bbox 1689 3530 1804 3608; x_wconf 73' lang='lat' dir='ltr'>putem</span> <span class='ocrx_word' id='word_1_338' title='bbox 1827 3527 1891 3592; x_wconf 91' lang='lat' dir='ltr'>hoc</span> <span class='ocrx_word' id='word_1_339' title='bbox 1913 3527 1997 3592; x_wconf 93' lang='lat' dir='ltr'>nulli</span> <span class='ocrx_word' id='word_1_340' title='bbox 2020 3547 2096 3592; x_wconf 86' lang='lat' dir='ltr'>ver-</span> 
     </span>
     <span class='ocr_line' id='line_1_29' title="bbox 73 3632 2095 3721; baseline 0 -24"><span class='ocrx_word' id='word_1_341' title='bbox 73 3637 157 3700; x_wconf 88' lang='lat' dir='ltr'>tatur</span> <span class='ocrx_word' id='word_1_342' title='bbox 186 3635 222 3700; x_wconf 93' lang='lat' dir='ltr'>in</span> <span class='ocrx_word' id='word_1_343' title='bbox 249 3635 403 3716; x_wconf 89' lang='lat' dir='ltr'>dubium,</span> <span class='ocrx_word' id='word_1_344' title='bbox 438 3637 628 3718; x_wconf 86' lang='lat' dir='ltr'>presentem</span> <span class='ocrx_word' id='word_1_345' title='bbox 661 3636 818 3721; x_wconf 85' lang='lat' dir='ltr'>paginam</span> <span class='ocrx_word' id='word_1_346' title='bbox 850 3634 1014 3700; x_wconf 88' lang='lat' dir='ltr'>conscribi</span> <span class='ocrx_word' id='word_1_347' title='bbox 1050 3638 1084 3699; x_wconf 91' lang='lat' dir='ltr'>et</span> <span class='ocrx_word' id='word_1_348' title='bbox 1118 3633 1302 3716; x_wconf 89' lang='lat' dir='ltr'>sigillorum</span> <span class='ocrx_word' id='word_1_349' title='bbox 1325 3635 1515 3698; x_wconf 88' lang='lat' dir='ltr'>nostrorum</span> <span class='ocrx_word' id='word_1_350' title='bbox 1549 3632 1734 3698; x_wconf 91' lang='lat' dir='ltr'>munimine</span> <span class='ocrx_word' id='word_1_351' title='bbox 1768 3633 1908 3698; x_wconf 81' lang='lat' dir='ltr'>lecimus</span> <span class='ocrx_word' id='word_1_352' title='bbox 1931 3634 2095 3699; x_wconf 90' lang='lat' dir='ltr'>roborari.</span> 
     </span>
     <span class='ocr_line' id='line_1_30' title="bbox 75 3739 2095 3824; baseline 0.001 -22"><span class='ocrx_word' id='word_1_353' title='bbox 75 3739 138 3822; x_wconf 86' lang='lat' dir='ltr'>Ego</span> <span class='ocrx_word' id='word_1_354' title='bbox 160 3759 243 3806; x_wconf 92' lang='lat' dir='ltr'>vero</span> <span class='ocrx_word' id='word_1_355' title='bbox 266 3741 476 3817; x_wconf 73' lang='lat' dir='ltr'>Godein&#39;dua</span> <span class='ocrx_word' id='word_1_356' title='bbox 500 3743 579 3824; x_wconf 85' lang='lat' dir='ltr'>quia</span> <span class='ocrx_word' id='word_1_357' title='bbox 603 3742 710 3824; x_wconf 92' lang='lat' dir='ltr'>sigillo</span> <span class='ocrx_word' id='word_1_358' title='bbox 734 3743 843 3808; x_wconf 87' lang='lat' dir='ltr'>adhue</span> <span class='ocrx_word' id='word_1_359' title='bbox 865 3761 934 3807; x_wconf 90' lang='lat' dir='ltr'>uon</span> <span class='ocrx_word' id='word_1_360' title='bbox 957 3741 1042 3820; x_wconf 90' lang='lat' dir='ltr'>utor,</span> <span class='ocrx_word' id='word_1_361' title='bbox 1067 3739 1181 3820; x_wconf 88' lang='lat' dir='ltr'>sigillis</span> <span class='ocrx_word' id='word_1_362' title='bbox 1205 3739 1345 3804; x_wconf 86' lang='lat' dir='ltr'>iratrum</span> <span class='ocrx_word' id='word_1_363' title='bbox 1360 3757 1510 3803; x_wconf 90' lang='lat' dir='ltr'>meorum</span> <span class='ocrx_word' id='word_1_364' title='bbox 1534 3757 1608 3802; x_wconf 91' lang='lat' dir='ltr'>sum</span> <span class='ocrx_word' id='word_1_365' title='bbox 1632 3741 1819 3804; x_wconf 81' lang='lat' dir='ltr'>contentus,</span> <span class='ocrx_word' id='word_1_366' title='bbox 1860 3740 1983 3805; x_wconf 89' lang='lat' dir='ltr'>Datum</span> <span class='ocrx_word' id='word_1_367' title='bbox 2006 3758 2095 3805; x_wconf 89' lang='lat' dir='ltr'>anuo</span> 
     </span>
     <span class='ocr_line' id='line_1_31' title="bbox 74 3846 668 3932; baseline 0.002 -21"><span class='ocrx_word' id='word_1_368' title='bbox 74 3847 170 3927; x_wconf 86' lang='lat' dir='ltr'>gratie</span> <span class='ocrx_word' id='word_1_369' title='bbox 193 3846 314 3912; x_wconf 87' lang='lat' dir='ltr'>M⁰CG⁰</span> <span class='ocrx_word' id='word_1_370' title='bbox 337 3847 542 3932; x_wconf 85' lang='lat' dir='ltr'>sexagesimo</span> <span class='ocrx_word' id='word_1_371' title='bbox 565 3847 668 3913; x_wconf 82' lang='lat' dir='ltr'>VIII⁰.</span> 
     </span>
    </p>

    <p class='ocr_par' dir='ltr' id='par_1_6' title="bbox 287 3950 622 4022">
     <span class='ocr_line' id='line_1_32' title="bbox 287 3950 622 4022; baseline 0.003 -17"><span class='ocrx_word' id='word_1_372' title='bbox 287 3950 309 4022; x_wconf 88' lang='lat'>¹)</span> <span class='ocrx_word' id='word_1_373' title='bbox 327 3967 355 4005; x_wconf 85' lang='lat' dir='ltr'>rc</span> <span class='ocrx_word' id='word_1_374' title='bbox 372 3951 622 4022; x_wconf 73' lang='lat' dir='ltr'>rihcrpcrchriebea.</span> 
     </span>
    </p>
   </div>
   <div class='ocr_carea' id='block_1_6' title="bbox 201 4035 2096 4550">
    <p class='ocr_par' dir='ltr' id='par_1_7' title="bbox 201 4035 2096 4550">
     <span class='ocr_line' id='line_1_33' title="bbox 201 4035 2096 4126; baseline -0.002 -20"><span class='ocrx_word' id='word_1_375' title='bbox 201 4039 260 4106; x_wconf 88' lang='lat' dir='ltr'>Or.</span> <span class='ocrx_word' id='word_1_376' title='bbox 283 4043 327 4104; x_wconf 82' lang='lat' dir='ltr'>im</span> <span class='ocrx_word' id='word_1_377' title='bbox 349 4039 422 4126; x_wconf 71' lang='lat' dir='ltr'>qu.</span> <span class='ocrx_word' id='word_1_378' title='bbox 448 4040 554 4106; x_wconf 76' lang='lat' dir='ltr'>sc-A.</span> <span class='ocrx_word' id='word_1_379' title='bbox 578 4063 618 4106; x_wconf 80' lang='lat' dir='ltr'>zu</span> <span class='ocrx_word' id='word_1_380' title='bbox 641 4041 790 4119; x_wconf 77' lang='lat' dir='ltr'>Mrimter,</span> <span class='ocrx_word' id='word_1_381' title='bbox 815 4039 936 4106; x_wconf 73' lang='lat' dir='ltr'>Larem</span> <span class='ocrx_word' id='word_1_382' title='bbox 957 4039 1020 4104; x_wconf 90' lang='lat' dir='ltr'>Nr.</span> <span class='ocrx_word' id='word_1_383' title='bbox 1044 4038 1098 4104; x_wconf 87' lang='grc'>83.</span> <span class='ocrx_word' id='word_1_384' title='bbox 1145 4040 1200 4104; x_wconf 78' lang='lat' dir='ltr'>Aa</span> <span class='ocrx_word' id='word_1_385' title='bbox 1222 4038 1539 4125; x_wconf 76' lang='lat' dir='ltr'>Perporrentrlrcifea</span> <span class='ocrx_word' id='word_1_386' title='bbox 1571 4039 1641 4103; x_wconf 77' lang='lat' dir='ltr'>drea&#39;</span> <span class='ocrx_word' id='word_1_387' title='bbox 1664 4037 1776 4124; x_wconf 74' lang='lat' dir='ltr'>Slegel,</span> <span class='ocrx_word' id='word_1_388' title='bbox 1813 4038 1846 4122; x_wconf 93' lang='grc'>1)</span> <span class='ocrx_word' id='word_1_389' title='bbox 1870 4039 1923 4106; x_wconf 71' lang='lat' dir='ltr'>der</span> <span class='ocrx_word' id='word_1_390' title='bbox 1946 4035 2096 4104; x_wconf 54' lang='lat' dir='ltr'>Hordei</span> 
     </span>
     <span class='ocr_line' id='line_1_34' title="bbox 284 4141 2093 4232; baseline -0.002 -20"><span class='ocrx_word' id='word_1_391' title='bbox 284 4149 340 4212; x_wconf 65' lang='lat' dir='ltr'>aare</span> <span class='ocrx_word' id='word_1_392' title='bbox 373 4146 560 4232; x_wconf 77' lang='lat' dir='ltr'>Abbildurrp</span> <span class='ocrx_word' id='word_1_393' title='bbox 588 4145 693 4227; x_wconf 78' lang='lat' dir='ltr'>Wcatf.</span> <span class='ocrx_word' id='word_1_394' title='bbox 720 4145 832 4232; x_wconf 76' lang='lat' dir='ltr'>Sieprl,</span> <span class='ocrx_word' id='word_1_395' title='bbox 875 4143 1002 4232; x_wconf 85' lang='lat' dir='ltr'>HeflI,</span> <span class='ocrx_word' id='word_1_396' title='bbox 1030 4144 1167 4212; x_wconf 58' lang='lat' dir='ltr'>Atria</span> <span class='ocrx_word' id='word_1_397' title='bbox 1200 4143 1271 4228; x_wconf 85' lang='lat' dir='ltr'>Tus.</span> <span class='ocrx_word' id='word_1_398' title='bbox 1294 4141 1340 4207; x_wconf 85' lang='lat'>26</span> <span class='ocrx_word' id='word_1_399' title='bbox 1367 4141 1427 4209; x_wconf 86' lang='lat' dir='ltr'>Nr.</span> <span class='ocrx_word' id='word_1_400' title='bbox 1455 4141 1483 4222; x_wconf 91' lang='lat'>7,</span> <span class='ocrx_word' id='word_1_401' title='bbox 1529 4141 1564 4223; x_wconf 82' lang='lat'>2)</span> <span class='ocrx_word' id='word_1_402' title='bbox 1599 4143 1654 4208; x_wconf 77' lang='lat' dir='ltr'>der</span> <span class='ocrx_word' id='word_1_403' title='bbox 1682 4142 1830 4222; x_wconf 79' lang='lat' dir='ltr'>Kourad,</span> <span class='ocrx_word' id='word_1_404' title='bbox 1864 4148 1923 4210; x_wconf 81' lang='lat' dir='ltr'>wir</span> <span class='ocrx_word' id='word_1_405' title='bbox 1950 4142 2021 4224; x_wconf 84' lang='lat' dir='ltr'>Tof.</span> <span class='ocrx_word' id='word_1_406' title='bbox 2049 4143 2093 4209; x_wconf 87' lang='lat'>27</span> 
     </span>
     <span class='ocr_line' id='line_1_35' title="bbox 285 4247 2093 4338; baseline 0.001 -24"><span class='ocrx_word' id='word_1_407' title='bbox 285 4250 346 4319; x_wconf 88' lang='lat' dir='ltr'>Nr.</span> <span class='ocrx_word' id='word_1_408' title='bbox 380 4253 409 4332; x_wconf 84' lang='lat'>1,</span> <span class='ocrx_word' id='word_1_409' title='bbox 448 4254 515 4318; x_wconf 76' lang='lat' dir='ltr'>aad</span> <span class='ocrx_word' id='word_1_410' title='bbox 549 4251 586 4338; x_wconf 84' lang='lat'>3)</span> <span class='ocrx_word' id='word_1_411' title='bbox 628 4253 683 4318; x_wconf 80' lang='lat' dir='ltr'>dec</span> <span class='ocrx_word' id='word_1_412' title='bbox 715 4251 851 4330; x_wconf 77' lang='lat' dir='ltr'>Jolrona,</span> <span class='ocrx_word' id='word_1_413' title='bbox 892 4252 1129 4337; x_wconf 73' lang='lat' dir='ltr'>ausperv‘olrteter</span> <span class='ocrx_word' id='word_1_414' title='bbox 1170 4249 1267 4314; x_wconf 81' lang='lat' dir='ltr'>Hmrd</span> <span class='ocrx_word' id='word_1_415' title='bbox 1295 4253 1354 4314; x_wconf 78' lang='lat' dir='ltr'>mit</span> <span class='ocrx_word' id='word_1_416' title='bbox 1386 4250 1443 4316; x_wconf 75' lang='lat' dir='ltr'>dor</span> <span class='ocrx_word' id='word_1_417' title='bbox 1480 4247 1655 4333; x_wconf 67' lang='lat' dir='ltr'>Umschrg&#39;ft</span> <span class='ocrx_word' id='word_1_418' title='bbox 1692 4250 1900 4316; x_wconf 87' lang='lat' dir='ltr'>SIGILLUM</span> <span class='ocrx_word' id='word_1_419' title='bbox 1936 4249 2093 4318; x_wconf 88' lang='lat' dir='ltr'>DOMINI</span> 
     </span>
     <span class='ocr_line' id='line_1_36' title="bbox 285 4352 2096 4441; baseline -0.002 -17"><span class='ocrx_word' id='word_1_420' title='bbox 285 4358 504 4426; x_wconf 87' lang='lat' dir='ltr'>IOHANNIS</span> <span class='ocrx_word' id='word_1_421' title='bbox 538 4359 752 4425; x_wconf 88' lang='lat' dir='ltr'>CANONICI</span> <span class='ocrx_word' id='word_1_422' title='bbox 786 4359 843 4424; x_wconf 86' lang='lat' dir='ltr'>DE</span> <span class='ocrx_word' id='word_1_423' title='bbox 877 4358 1030 4426; x_wconf 76' lang='lat' dir='ltr'>MlNDA·</span> <span class='ocrx_word' id='word_1_424' title='bbox 1078 4356 1173 4425; x_wconf 73' lang='grc' dir='ltr'><em>θοόν.</em></span> <span class='ocrx_word' id='word_1_425' title='bbox 1209 4355 1364 4434; x_wconf 78' lang='lat' dir='ltr'>bedebur,</span> <span class='ocrx_word' id='word_1_426' title='bbox 1400 4355 1535 4441; x_wconf 75' lang='lat' dir='ltr'>Allgma</span> <span class='ocrx_word' id='word_1_427' title='bbox 1570 4353 1740 4434; x_wconf 80' lang='lat' dir='ltr'>Arclial,</span> <span class='ocrx_word' id='word_1_428' title='bbox 1775 4352 1809 4422; x_wconf 80' lang='lat' dir='ltr'>S.</span> <span class='ocrx_word' id='word_1_429' title='bbox 1832 4353 1886 4420; x_wconf 91' lang='grc'>67.</span> <span class='ocrx_word' id='word_1_430' title='bbox 1940 4353 2096 4420; x_wconf 63' lang='lat' dir='ltr'>malm</span> 
     </span>
     <span class='ocr_line' id='line_1_37' title="bbox 287 4459 2093 4550; baseline -0.001 -24"><span class='ocrx_word' id='word_1_431' title='bbox 287 4462 435 4530; x_wconf 79' lang='lat' dir='ltr'>Zeitcrhr.</span> <span class='ocrx_word' id='word_1_432' title='bbox 460 4465 491 4529; x_wconf 86' lang='lat' dir='ltr'>d.</span> <span class='ocrx_word' id='word_1_433' title='bbox 512 4465 582 4530; x_wconf 78' lang='lat' dir='ltr'>list.</span> <span class='ocrx_word' id='word_1_434' title='bbox 605 4461 673 4530; x_wconf 83' lang='lat' dir='ltr'>Ver.</span> <span class='ocrx_word' id='word_1_435' title='bbox 690 4464 723 4549; x_wconf 91' lang='lat' dir='ltr'>s.</span> <span class='ocrx_word' id='word_1_436' title='bbox 740 4462 987 4530; x_wconf 80' lang='lat' dir='ltr'>Nr&#39;ederracllaen</span> <span class='ocrx_word' id='word_1_437' title='bbox 1000 4462 1053 4550; x_wconf 73' lang='lat' dir='ltr'>Jp.</span> <span class='ocrx_word' id='word_1_438' title='bbox 1079 4461 1176 4541; x_wconf 80' lang='lat'><em>1860,</em></span> <span class='ocrx_word' id='word_1_439' title='bbox 1202 4460 1236 4531; x_wconf 84' lang='lat' dir='ltr'>S.</span> <span class='ocrx_word' id='word_1_440' title='bbox 1254 4460 1328 4527; x_wconf 87' lang='grc'><em>133.</em></span> <span class='ocrx_word' id='word_1_441' title='bbox 1359 4459 1470 4548; x_wconf 75' lang='lat' dir='ltr'>Wegra</span> <span class='ocrx_word' id='word_1_442' title='bbox 1491 4462 1548 4528; x_wconf 75' lang='lat' dir='ltr'>dor</span> <span class='ocrx_word' id='word_1_443' title='bbox 1563 4460 1750 4528; x_wconf 70' lang='lat' dir='ltr'>oronam</span> <span class='ocrx_word' id='word_1_444' title='bbox 1771 4462 1831 4546; x_wconf 77' lang='lat' dir='ltr'>opi.</span> <span class='ocrx_word' id='word_1_445' title='bbox 1849 4460 1924 4526; x_wconf 82' lang='lat' dir='ltr'>oben</span> <span class='ocrx_word' id='word_1_446' title='bbox 1939 4459 1999 4528; x_wconf 87' lang='lat' dir='ltr'>Nr.</span> <span class='ocrx_word' id='word_1_447' title='bbox 2017 4459 2093 4526; x_wconf 81' lang='grc'><em>483.</em></span> 
     </span>
    </p>
   </div>
   <div class='ocr_carea' id='block_1_7' title="bbox 1035 4660 1129 4740">
    <p class='ocr_par' dir='ltr' id='par_1_8' title="bbox 1035 4660 1129 4740">
     <span class='ocr_line' id='line_1_38' title="bbox 1035 4660 1129 4740; baseline 0.043 -4"><span class='ocrx_word' id='word_1_448' title='bbox 1035 4660 1129 4740; x_wconf 83' lang='grc'>920.</span> 
     </span>
    </p>
   </div>
   <div class='ocr_carea' id='block_1_8' title="bbox 73 4784 2091 4984">
    <p class='ocr_par' dir='ltr' id='par_1_9' title="bbox 73 4784 2091 4984">
     <span class='ocr_line' id='line_1_39' title="bbox 73 4784 2091 4984; baseline -0.001 -126"><span class='ocrx_word' id='word_1_449' title='bbox 73 4786 225 4878; x_wconf 77' lang='lat' dir='ltr'>Bisclrof</span> <span class='ocrx_word' id='word_1_450' title='bbox 249 4788 323 4860; x_wconf 79' lang='lat' dir='ltr'>orco</span> <span class='ocrx_word' id='word_1_451' title='bbox 350 4810 413 4859; x_wconf 82' lang='lat' dir='ltr'>von</span> <span class='ocrx_word' id='word_1_452' title='bbox 443 4788 593 4860; x_wconf 72' lang='lat' dir='ltr'>Mindon</span> <span class='ocrx_word' id='word_1_453' title='bbox 618 4788 783 4860; x_wconf 77' lang='lat' dir='ltr'>bebrmdct</span> <span class='ocrx_word' id='word_1_454' title='bbox 816 4786 1077 4966; x_wconf 37' lang='lat' dir='ltr'>Verebar-„312</span> <span class='ocrx_word' id='word_1_455' title='bbox 1099 4787 1272 4984; x_wconf 49' lang='grc' dir='ltr'>ῧᾱῖιοδνωὶη</span> <span class='ocrx_word' id='word_1_456' title='bbox 1299 4785 1476 4858; x_wconf 79' lang='lat' dir='ltr'>Blosbeim</span> <span class='ocrx_word' id='word_1_457' title='bbox 1507 4809 1552 4878; x_wconf 77' lang='lat' dir='ltr'>aa</span> <span class='ocrx_word' id='word_1_458' title='bbox 1580 4785 1736 4858; x_wconf 69' lang='lat' dir='ltr'>Garama</span> <span class='ocrx_word' id='word_1_459' title='bbox 1769 4785 1830 4870; x_wconf 81' lang='lat' dir='ltr'>des</span> <span class='ocrx_word' id='word_1_460' title='bbox 1860 4785 1917 4861; x_wconf 88' lang='lat' dir='ltr'>Kl.</span> <span class='ocrx_word' id='word_1_461' title='bbox 1947 4784 2091 4856; x_wconf 77' lang='lat' dir='ltr'>Lcocrva</span> 
     </span>
     <span class='ocr_line' id='line_1_40' title="bbox 969 4916 1248 4965; baseline -0.011 0"><span class='ocrx_word' id='word_1_462' title='bbox 969 4916 983 4965; x_wconf 77' lang='lat' dir='ltr'>r</span> <span class='ocrx_word' id='word_1_463' title='bbox 1240 4947 1248 4962; x_wconf 95' lang='lat'><strong><em>.</em></strong></span> 
     </span>
    </p>
   </div>
   <div class='ocr_carea' id='block_1_9' title="bbox 72 5010 2095 5520">
    <p class='ocr_par' dir='ltr' id='par_1_10' title="bbox 72 5010 2095 5520">
     <span class='ocr_line' id='line_1_41' title="bbox 174 5010 2093 5096; baseline -0.002 -18"><span class='ocrx_word' id='word_1_464' title='bbox 174 5013 294 5078; x_wconf 82' lang='lat' dir='ltr'>Frater</span> <span class='ocrx_word' id='word_1_465' title='bbox 331 5011 442 5096; x_wconf 67' lang='lat' dir='ltr'>outo)</span> <span class='ocrx_word' id='word_1_466' title='bbox 482 5012 701 5096; x_wconf 87' lang='lat' dir='ltr'>permissione</span> <span class='ocrx_word' id='word_1_467' title='bbox 743 5011 855 5078; x_wconf 89' lang='lat' dir='ltr'>divina</span> <span class='ocrx_word' id='word_1_468' title='bbox 895 5010 1077 5076; x_wconf 88' lang='lat' dir='ltr'>Mindensis</span> <span class='ocrx_word' id='word_1_469' title='bbox 1115 5011 1254 5076; x_wconf 90' lang='lat' dir='ltr'>ecclesie</span> <span class='ocrx_word' id='word_1_470' title='bbox 1292 5011 1470 5095; x_wconf 87' lang='lat' dir='ltr'>episcopus</span> <span class='ocrx_word' id='word_1_471' title='bbox 1509 5010 1674 5076; x_wconf 89' lang='lat' dir='ltr'>universis</span> <span class='ocrx_word' id='word_1_472' title='bbox 1713 5011 1902 5092; x_wconf 86' lang='lat' dir='ltr'>presentem</span> <span class='ocrx_word' id='word_1_473' title='bbox 1937 5010 2093 5092; x_wconf 88' lang='lat' dir='ltr'>pagiuam</span> 
     </span>
     <span class='ocr_line' id='line_1_42' title="bbox 72 5113 2093 5201; baseline -0 -19"><span class='ocrx_word' id='word_1_474' title='bbox 72 5118 269 5201; x_wconf 87' lang='lat' dir='ltr'>inspecturis</span> <span class='ocrx_word' id='word_1_475' title='bbox 300 5119 449 5184; x_wconf 86' lang='lat' dir='ltr'>eternam</span> <span class='ocrx_word' id='word_1_476' title='bbox 476 5117 513 5182; x_wconf 90' lang='lat' dir='ltr'>in</span> <span class='ocrx_word' id='word_1_477' title='bbox 536 5118 677 5184; x_wconf 91' lang='lat' dir='ltr'>Domino</span> <span class='ocrx_word' id='word_1_478' title='bbox 706 5119 859 5184; x_wconf 88' lang='lat' dir='ltr'>salutem.</span> <span class='ocrx_word' id='word_1_479' title='bbox 904 5117 958 5182; x_wconf 85' lang='lat' dir='ltr'>Ad</span> <span class='ocrx_word' id='word_1_480' title='bbox 985 5116 1136 5182; x_wconf 87' lang='lat' dir='ltr'>notitiam</span> <span class='ocrx_word' id='word_1_481' title='bbox 1162 5118 1233 5181; x_wconf 79' lang='lat' dir='ltr'>tam</span> <span class='ocrx_word' id='word_1_482' title='bbox 1260 5117 1451 5182; x_wconf 88' lang='lat' dir='ltr'>futurorum</span> <span class='ocrx_word' id='word_1_483' title='bbox 1475 5134 1576 5198; x_wconf 89' lang='lat' dir='ltr'>quam</span> <span class='ocrx_word' id='word_1_484' title='bbox 1603 5113 1810 5197; x_wconf 89' lang='lat' dir='ltr'>presentium</span> <span class='ocrx_word' id='word_1_485' title='bbox 1840 5114 1992 5198; x_wconf 90' lang='lat' dir='ltr'>cupimus</span> <span class='ocrx_word' id='word_1_486' title='bbox 2015 5133 2093 5198; x_wconf 88' lang='lat' dir='ltr'>per-</span> 
     </span>
     <span class='ocr_line' id='line_1_43' title="bbox 72 5219 2093 5308; baseline -0 -21"><span class='ocrx_word' id='word_1_487' title='bbox 72 5224 193 5306; x_wconf 89' lang='lat' dir='ltr'>venire,</span> <span class='ocrx_word' id='word_1_488' title='bbox 225 5224 317 5308; x_wconf 90' lang='lat' dir='ltr'>quod</span> <span class='ocrx_word' id='word_1_489' title='bbox 348 5223 563 5290; x_wconf 87' lang='lat' dir='ltr'>Hebnbertus</span> <span class='ocrx_word' id='word_1_490' title='bbox 593 5224 689 5290; x_wconf 89' lang='lat' dir='ltr'>miles</span> <span class='ocrx_word' id='word_1_491' title='bbox 715 5223 823 5290; x_wconf 88' lang='lat' dir='ltr'>dictus</span> <span class='ocrx_word' id='word_1_492' title='bbox 847 5223 1057 5289; x_wconf 86' lang='lat' dir='ltr'>Camerarius</span> <span class='ocrx_word' id='word_1_493' title='bbox 1079 5222 1283 5288; x_wconf 89' lang='lat' dir='ltr'>constitutus</span> <span class='ocrx_word' id='word_1_494' title='bbox 1305 5239 1419 5288; x_wconf 90' lang='lat' dir='ltr'>coram</span> <span class='ocrx_word' id='word_1_495' title='bbox 1444 5219 1543 5287; x_wconf 89' lang='lat' dir='ltr'>nobis</span> <span class='ocrx_word' id='word_1_496' title='bbox 1566 5221 1601 5284; x_wconf 89' lang='lat' dir='ltr'>in</span> <span class='ocrx_word' id='word_1_497' title='bbox 1624 5222 1754 5300; x_wconf 84' lang='lat' dir='ltr'>synodo</span> <span class='ocrx_word' id='word_1_498' title='bbox 1777 5221 1937 5303; x_wconf 86' lang='lat' dir='ltr'>generali,</span> <span class='ocrx_word' id='word_1_499' title='bbox 1967 5220 2093 5305; x_wconf 88' lang='lat' dir='ltr'>quod1)</span> 
     </span>
     <span class='ocr_line' id='line_1_44' title="bbox 73 5326 2095 5413; baseline -0.002 -19"><span class='ocrx_word' id='word_1_500' title='bbox 73 5332 191 5411; x_wconf 87' lang='lat' dir='ltr'>quarta</span> <span class='ocrx_word' id='word_1_501' title='bbox 213 5329 295 5396; x_wconf 84' lang='lat' dir='ltr'>feria</span> <span class='ocrx_word' id='word_1_502' title='bbox 316 5329 469 5413; x_wconf 87' lang='lat' dir='ltr'>proxima</span> <span class='ocrx_word' id='word_1_503' title='bbox 492 5331 569 5395; x_wconf 91' lang='lat' dir='ltr'>ante</span> <span class='ocrx_word' id='word_1_504' title='bbox 593 5329 724 5396; x_wconf 87' lang='lat' dir='ltr'>Pascha</span> <span class='ocrx_word' id='word_1_505' title='bbox 746 5328 878 5395; x_wconf 87' lang='lat' dir='ltr'>Domini</span> <span class='ocrx_word' id='word_1_506' title='bbox 906 5329 1063 5394; x_wconf 89' lang='lat' dir='ltr'>celebrari</span> <span class='ocrx_word' id='word_1_507' title='bbox 1092 5327 1276 5408; x_wconf 83' lang='lat' dir='ltr'>consuevit,</span> <span class='ocrx_word' id='word_1_508' title='bbox 1304 5327 1514 5393; x_wconf 88' lang='lat' dir='ltr'>renunciavit</span> <span class='ocrx_word' id='word_1_509' title='bbox 1535 5327 1627 5392; x_wconf 91' lang='lat' dir='ltr'>omni</span> <span class='ocrx_word' id='word_1_510' title='bbox 1648 5327 1731 5408; x_wconf 85' lang='lat' dir='ltr'>iuri,</span> <span class='ocrx_word' id='word_1_511' title='bbox 1761 5326 1851 5408; x_wconf 88' lang='lat' dir='ltr'>quod</span> <span class='ocrx_word' id='word_1_512' title='bbox 1882 5326 2095 5409; x_wconf 88' lang='lat' dir='ltr'>competebat</span> 
     </span>
     <span class='ocr_line' id='line_1_45' title="bbox 72 5431 2094 5520; baseline -0.001 -21"><span class='ocrx_word' id='word_1_513' title='bbox 72 5436 121 5501; x_wconf 90' lang='lat' dir='ltr'>vel</span> <span class='ocrx_word' id='word_1_514' title='bbox 144 5439 335 5519; x_wconf 89' lang='lat' dir='ltr'>competere</span> <span class='ocrx_word' id='word_1_515' title='bbox 356 5435 468 5520; x_wconf 92' lang='lat' dir='ltr'>potuit</span> <span class='ocrx_word' id='word_1_516' title='bbox 490 5436 600 5501; x_wconf 90' lang='lat' dir='ltr'>eidem</span> <span class='ocrx_word' id='word_1_517' title='bbox 626 5435 661 5501; x_wconf 91' lang='lat' dir='ltr'>in</span> <span class='ocrx_word' id='word_1_518' title='bbox 688 5435 787 5501; x_wconf 89' lang='lat' dir='ltr'>bouis</span> <span class='ocrx_word' id='word_1_519' title='bbox 810 5433 966 5520; x_wconf 63' lang='lat' dir='ltr'>Brasnei)</span> <span class='ocrx_word' id='word_1_520' title='bbox 989 5435 1182 5502; x_wconf 84' lang='lat' dir='ltr'>monasterii</span> <span class='ocrx_word' id='word_1_521' title='bbox 1211 5434 1247 5498; x_wconf 91' lang='lat' dir='ltr'>in</span> <span class='ocrx_word' id='word_1_522' title='bbox 1272 5434 1420 5499; x_wconf 80' lang='lat' dir='ltr'>beveren</span> <span class='ocrx_word' id='word_1_523' title='bbox 1450 5433 1630 5498; x_wconf 87' lang='lat' dir='ltr'>liberaliter</span> <span class='ocrx_word' id='word_1_524' title='bbox 1659 5434 1694 5499; x_wconf 85' lang='lat' dir='ltr'>et</span> <span class='ocrx_word' id='word_1_525' title='bbox 1723 5432 1888 5499; x_wconf 85' lang='lat' dir='ltr'>absolute.</span> <span class='ocrx_word' id='word_1_526' title='bbox 1936 5431 2033 5511; x_wconf 87' lang='lat' dir='ltr'>Quod</span> <span class='ocrx_word' id='word_1_527' title='bbox 2055 5433 2094 5496; x_wconf 89' lang='lat' dir='ltr'>ut</span> 
     </span>
    </p>
   </div>
   <div class='ocr_carea' id='block_1_10' title="bbox 177 5539 1879 5620">
    <p class='ocr_par' dir='ltr' id='par_1_11' title="bbox 177 5539 1879 5620">
     <span class='ocr_line' id='line_1_46' title="bbox 177 5539 1879 5620; baseline -0.008 -2"><span class='ocrx_word' id='word_1_528' title='bbox 177 5572 472 5620; x_wconf 64' lang='lat' dir='ltr'>wascum-suern</span> <span class='ocrx_word' id='word_1_529' title='bbox 1836 5539 1879 5605; x_wconf 82' lang='grc'>36</span> 
     </span>
    </p>
   </div>
   <div class='ocr_carea' id='block_1_11' title="bbox 0 0 2536 6773">
    <p class='ocr_par' dir='ltr' id='par_1_12' title="bbox 0 0 2536 6773">
     <span class='ocr_line' id='line_1_47' title="bbox 0 0 2536 6773; baseline 0 0"><span class='ocrx_word' id='word_1_530' title='bbox 0 0 2536 6773; x_wconf 95' lang='lat' dir='ltr'> </span> 
     </span>
    </p>
   </div>
  </div>
 </body>
</html>
