5168 6798
439 441 503 506 114
1376 449 1551 506 1243—1244

1399 647 1496 725 406.

436 779 506 852 Ale
533 780 716 851 Hermann
744 797 807 848 non
826 775 974 848 Leccam
1003 773 1073 846 teilt
1100 774 1163 845 cler
1182 773 1283 845 Scan
1306 774 1457 845 Mindon
1483 776 1553 864 mit,
1582 776 1664 846 does
1691 799 1728 846 er
1754 775 1827 846 nael
1852 773 2021 866 petronate
2051 776 2366 852 Cistereienseer'tlrte
2394 782 2463 853 den

436 887 485 958 im
520 884 642 957 Streile
677 882 739 954 der
772 881 873 954 Sindi
912 882 975 952 mit
1008 879 1178 952 Heinrich
1212 898 1276 951 eon
1310 879 1431 951 balae
1473 879 1674 970 Geseilenen
1714 881 1831 953 Anicii
1863 906 1910 953 en
1944 884 2043 954 iteca
2079 883 2223 956 Gebcten
2256 887 2330 958 enci
2358 895 2464 978 palen

1059 985 1206 1060 Werlcen
1230 985 1420 1074 penetrent.
1478 986 1516 1057 0.
1543 987 1579 1058 J.
1607 987 1849 1080 (1243-56).

545 1110 660 1175 Frater
683 1107 930 1190 Her(mannus)
961 1105 1069 1170 dictus
1099 1103 1204 1169 abbas
1227 1103 1262 1168 in
1286 1104 1399 1168 Lucka
1420 1104 1571 1169 honestis
1593 1105 1673 1170 viris
1697 1105 1890 1171 consulibus
1915 1109 1947 1171 et
1970 1107 2135 1173 universis
2158 1109 2285 1175 civibus
2308 1111 2463 1177 Mindon-

438 1216 531 1282 'sibus
556 1215 697 1280 salutern
720 1213 754 1278 in
778 1212 894 1277 salutis
918 1212 1062 1275 auctore.
1109 1211 1200 1275 Scire
1224 1210 1376 1275 volumus
1400 1210 1649 1276 universitatem
1673 1214 1829 1294 vestram,
1864 1232 1964 1295 quam
1995 1214 2124 1280 sincere
2154 1215 2304 1281 karitatis
2338 1217 2462 1283 aflectu

437 1323 679 1406 amplectimur,
704 1321 795 1403 quod
819 1339 880 1384 nos
904 1318 947 1383 ad
970 1316 1164 1401 sopiendam
1189 1316 1449 1381 controversiam
1473 1317 1571 1381 nobis
1596 1317 1780 1396 molestam,
1816 1317 1903 1385 sicut
1925 1323 1959 1385 et
1983 1320 2046 1386 erit
2070 1341 2168 1386 omne
2198 1323 2291 1405 quod
2313 1326 2462 1388 vestram

437 1447 555 1512 pacem
577 1424 761 1491 turbaverit
784 1428 818 1490 et
839 1424 1055 1503 voluntatem,
1080 1442 1145 1506 que
1169 1421 1294 1486 scilicet
1316 1421 1378 1486 fuit
1401 1422 1489 1486 inter
1510 1442 1571 1486 vos
1594 1428 1626 1487 et
1651 1423 1823 1489 dominum
1847 1424 2074 1510 H(einricum)
2099 1426 2140 1491 de
2163 1427 2280 1508 Lotbe,
2303 1428 2462 1494 omnibus

435 1533 552 1601 occisis
577 1533 617 1598 de
641 1538 737 1614 parte
760 1533 871 1596 vestra
894 1529 1135 1596 fraternitatem
1159 1530 1191 1592 et
1213 1527 1426 1611 participium
1450 1527 1599 1592 omniurn
1622 1528 1808 1610 missarum,
1844 1550 1910 1613 que
1937 1531 1972 1596 in
2001 1533 2099 1598 domo
2127 1535 2242 1597 nostra
2277 1532 2363 1598 liunt
2397 1554 2461 1618 pro

436 1639 611 1718 defunctio,
636 1637 853 1719 omniumque
876 1637 1051 1712 bonorum,
1076 1653 1288 1717 quocumque
1310 1633 1445 1715 pietatis
1470 1654 1570 1716 opere
1593 1633 1689 1716 liunt,
1714 1635 1813 1719 plene
1837 1638 1870 1700 et
1892 1637 2076 1702 liberaliter
2097 1658 2282 1721 erogamus,
2311 1641 2401 1722 quod
2426 1645 2462 1704 el

438 1745 576 1811 abbates
600 1743 779 1825 subscripti
803 1733 1018 1806 ad'nostram
1042 1739 1148 1804 fecere
1171 1738 1366 1822 petitionem
1390 1738 1637 1805 infirmitatem
1661 1743 1694 1805 et
1717 1742 1985 1808 communionem
2010 1744 2157 1808 omniurn
2179 1746 2357 1828 bonorum,
2392 1767 2462 1828 quc

436 1851 470 1916 in
495 1850 649 1916 domibus
674 1869 790 1913 eorum
813 1847 909 1928 fiunt,
934 1846 1024 1930 ipsos
1048 1866 1122 1911 cum
1146 1845 1236 1910 omni
1260 1845 1398 1910 karitate
1421 1847 1638 1912 assumendo:
1672 1847 1776 1911 abbas
1800 1847 2007 1931 Campensis
2031 1849 2071 1914 de
2094 1849 2392 1934 Reddagesbuson,
2417 1853 2461 1917 de

439 1956 568 2039 Lapide
591 1956 700 2020 sancti
721 1955 910 2037 MychaeliS,
940 1954 981 2018 de
1010 1951 1126 2032 Cinna,
1162 1952 1203 2016 de
1227 1951 1344 2033 Lenin,
1381 1953 1422 2016 de
1446 1953 1597 2034 Sychem,
1629 1954 1671 2018 de
1693 1955 1803 2020 Veteri
1826 1949 1950 2036 monte,
1974 1955 2015 2020 de
2039 1955 2277 2036 Hemmenrod,
2300 1957 2343 2021 de
2365 1958 2461 2022 Valle

434 2061 541 2128 sancti
564 2061 666 2143 Petri,
703 2062 744 2127 de
766 2060 860 2124 Valle
883 2059 979 2140 regis,
1004 2059 1044 2122 de
1068 2057 1191 2138 Villari,
1228 2058 1269 2121 de
1291 2056 1560 2138 Vollrolderotbe,
1595 2059 1636 2123 de
1660 2059 1901 2143 Riphenstene,
1927 2061 1968 2126 de
1992 2061 2119 2145 Campo
2142 2065 2256 2127 sancte
2279 2062 2392 2144 Marte,
2414 2064 2459 2128 de

434 2168 641 2250 Ysenbagen,
678 2169 719 2232 de
742 2167 869 2231 Willari
891 2185 997 2248 prope
1021 2163 1128 2243 lletis,
1146 2211 1148 2218 .
1164 2164 1205 2228 de
1229 2165 1284 2244 Er,
1319 2163 1361 2228 de
1384 2163 1516 2228 Florido
1540 2183 1670 2247 campo,
1706 2165 1747 2228 de
1769 2165 1989 2247 iherusalem,
2025 2167 2067 2232 de
2090 2167 2184 2248 Sora,
2213 2168 2254 2233 de
2278 2168 2390 2250 Hilda,
2414 2170 2459 2234 de

436 2274 611 2354 Cameren,
642 2274 683 2338 de
707 2272 795 2337 Loco
819 2271 915 2354 regio,
952 2270 993 2335 de
1017 2269 1158 2349 Oliveto,
1195 2270 1236 2334 de
1260 2269 1356 2350 Alna,
1393 2269 1434 2334 de
1458 2270 1656 2352 Bollencort,
1692 2270 1733 2336 de
1757 2272 1906 2354 Kaladia,
1940 2273 2138 2354 BonilontiS,
2172 2275 2213 2339 de
2236 2274 2391 2358 AlpibuS,
2416 2277 2460 2340 de

434 2381 569 2460 Kareto,
593 2381 634 2445 de
659 2379 768 2460 Petra,
794 2379 835 2444 de
860 2376 1030 2457 Barberio,
1055 2377 1096 2440 de
1119 2375 1343 2457 Bellipartica,
1367 2375 1409 2438 de
1433 2375 1620 2457 Gutwallia,
1645 2377 1686 2442 de
1710 2377 1854 2458 Siniaco,
1880 2379 1921 2442 de
1945 2380 2060 2442 sancto
2084 2378 2249 2445 Eduardo
2271 2380 2307 2444 in
2330 2381 2460 2464 Scocia,

436 2486 477 2550 de
501 2485 670 2567 Parsenia,
706 2485 747 2550 de
772 2485 861 2548 Loco
886 2484 999 2548 sancte
1021 2482 1134 2559 blarie,
1168 2480 1415 2562 dellverbach,
1439 2481 1481 2547 de
1503 2481 1647 2563 Bullion,
1672 2483 1713 2547 de
1737 2483 1824 2548 Alba
1847 2483 1929 2567 ripa,
1954 2485 1995 2549 de
2017 2485 2142 2567 KylioS,
2167 2487 2208 2551 de
2231 2485 2459 2566 Arnesburcb,

437 2592 479 2656 de
502 2593 627 2673 Laude,
663 2592 704 2656 de
729 2589 900 2670 Kokessal,
936 2590 977 2653 de
1000 2588 1093 2652 Valle
1116 2586 1266 2667 Riccen'i,
1301 2587 1378 2671 de1)
1402 2587 1548 2671 Capella,
1580 2589 1622 2652 dc
1645 2588 1840 2671 Sconoviya,
1876 2590 1918 2654 de
1941 2588 2176 2674 Berenbuson,
2200 2593 2241 2658 de
2266 2590 2393 2675 Lucila,
2416 2594 2460 2658 de

435 2698 580 2779 Zvetele,
605 2694 647 2761 de
669 2696 979 2778 Bongardenberge,
1004 2695 1045 2758 de
1068 2693 1209 2774 Modela,
1234 2694 1276 2758 de
1298 2693 1479 2775 Bruweria‚
1503 2694 1544 2759 de
1569 2694 1683 2777 Longo
1707 2697 1819 2778 ponte.

649 2804 669 2869 ¹)
693 2801 746 2854 Von
765 2801 823 2854 ln'cr
842 2799 875 2852 ab
894 2817 945 2852 von
964 2799 1080 2852 enderer
1098 2797 1180 2852 Hand
1196 2799 1386 2866 leinruyeaetet.

568 2889 623 2957 Or.
647 2893 691 2954 im
714 2889 787 2973 qu.
814 2888 920 2954 sc-A.
943 2911 982 2953 zu
1004 2889 1155 2969 Meineter,
1187 2885 1300 2973 Depoc.
1324 2887 1380 2950 der·
1404 2885 1496 2951 Stude
1519 2887 1646 2951 Mindon
1668 2884 1728 2952 Ne.
1752 2885 1783 2954 2.
1830 2886 1902 2952 Dae
1927 2887 2031 2976 Sieqei
2053 2911 2120 2953 earn
2144 2889 2459 2976 Perpamenlctrea'r'en

648 2994 694 3059 ab.
740 2994 802 3060 Die
828 2994 1019 3080 Zeitenpobe
1041 2995 1121 3057 necin
1145 2995 1200 3058 der
1221 2992 1474 3057 noeiaeeiebaeen
1497 2993 1751 3079 Rapierunpazeit
1773 2995 1826 3058 dee
1849 2992 1948 3060 Abas.
1998 2994 2093 3060 θοᾶν.
2127 2994 2230 3078 Werts.
2263 2995 2459 3061 Prouinziol-

649 3100 758 3180 ΒΖΗ,
782 3099 897 3180 Heft2
922 3099 956 3166 S.
974 3100 1004 3164 l.
1051 3098 1113 3163 Die
1135 3110 1309 3185 penannten
1335 3097 1664 3163 Cistercienrerlcleieter
1686 3100 1760 3162 sind
1782 3101 1845 3180 auf
1859 3097 2044 3165 Gomadeon
2060 3101 2264 3182 Jaaamclel,
2289 3101 2458 3188 Oriqimnn

652 3207 897 3273 Cietereienaium
921 3219 990 3272 torn.
1016 3204 1043 3273 I.
1067 3210 1101 3270 in
1124 3207 1179 3271 der
1202 3205 1275 3270 oben
1298 3205 1510 3291 anqeyebenen
1533 3202 1753 3292 Reilrenfolye:
1789 3205 1885 3291 Canop
1906 3209 1951 3269 inc
1973 3206 2162 3287 Rheinlond,
2192 3207 2460 3294 Rideayslamm

649 3317 684 3378 in
708 3313 962 3399 Brauncelrneip,
986 3314 1197 3378 Mr'clraeletee'n
1222 3312 1270 3376 bei
1291 3311 1528 3397 Blonlcenburp,
1554 3308 1705 3390 Sebinno,
1729 3310 1851 3378 Lelenin
1874 3316 1894 3378 i.
1912 3314 1943 3377 (1.
1960 3313 2067 3393 Maelo,
2094 3313 2217 3380 selem
2239 3314 2286 3380 bei
2299 3313 2457 3394 maliem

649 3419 821 3506 Altenberp
842 3423 886 3483 im
910 3420 1097 3497 Rbeinland,
1122 3417 1340 3484 Himmenrede
1362 3421 1396 3482 in
1419 3419 1474 3481 der
1497 3417 1591 3500 Eisel,
1616 3416 1820 3484 Heicterbaelr
1842 3422 1887 3482 im
1912 3417 2154 3508 Seebenpebirpe
2184 3418 2323 3484 Vel-Rei
2344 3424 2380 3484 in
2402 3421 2460 3486 der

651 3527 859 3613 Cbempopne,
901 3523 1013 3591 Villere
1046 3529 1080 3589 in
1113 3522 1175 3588 lale
1204 3525 1241 3589 de
1270 3521 1404 3603 Fronee,
1446 3522 1611 3589 Volkerode
1647 3523 1672 3590 S
1679 3523 1724 3590 W.
1760 3525 1936 3610 Gottinpen,
1972 3525 2164 3603 Reiectum
2198 3551 2250 3590 am
2282 3525 2456 3608 Ecbhefelm

647 3633 838 3716 Malienfelcl
859 3630 919 3695 Kc.
943 3632 1093 3710 Minister,
1120 3628 1293 3715 Incohapen
1315 3632 1349 3694 in
1372 3627 1547 3706 Hennaeae,
1580 3628 1606 3693 V
1605 3633 1692 3695 illaec
1717 3629 1750 3696 S.
1775 3631 1857 3695 Melz
1877 3635 1913 3695 in
1935 3629 2141 3712 Fronkreielr,
2165 3631 2288 3696 Erbcelr
2308 3636 2344 3697 in
2367 3630 2458 3696 War-

650 3739 784 3825 tenbery,
808 3737 1012 3824 Bloomlcamp
1034 3742 1068 3802 in
1090 3735 1268 3814 Frieclead,
1304 3735 1479 3801 Jerusalem
1501 3740 1535 3800 in
1560 3735 1706 3816 Zeelonci
1741 3735 1820 3801 Serri
1848 3735 1894 3801 W.
1917 3737 2133 3826 Kopeniraqen,
2161 3737 2286 3804 Eldana
2306 3743 2341 3804 in
2365 3738 2458 3802 Pom-

652 3868 749 3924 mern,
787 3843 941 3910 Cameren
972 3847 1015 3908 im
1045 3841 1225 3929 Hennaeae,
1261 3841 1535 3928 Beaultar-Aeley
1571 3843 1620 3908 bei
1650 3842 1881 3930 Sentlromptom
1917 3842 2010 3909 Oliva
2040 3844 2090 3910 bei
2114 3844 2253 3930 Danda,
2287 3845 2391 3909 Atrine
2413 3848 2458 3907 11η

648 3949 830 4037 Henneqea,
855 3950 1068 4015 Bocloneoaet
1082 3953 1117 4012 in
1132 3950 1187 4014 der
1204 3948 1412 4034 Cleempaqne,
1438 3947 1575 4013 Claram
1605 3947 1650 4011 W.
1673 3946 1807 4028 Venena,
1834 3948 2109 4016 Boane-Fonteiae
2123 3955 2158 4015 in
2173 3953 2229 4016 der
2246 3949 2457 4038 Cleompnqru,

648 4081 673 4121 e.
697 4057 779 4122 Jean
801 4057 935 4143 d'Aulpe
959 4079 1010 4120 aar
1033 4054 1208 4134 Gcnferaee,
1245 4052 1377 4120 Cerredo
1397 4060 1432 4119 ire
1455 4055 1510 4118 der
1533 4053 1733 4135 Loenberdec',
1767 4055 1860 4120 Petra
1883 4060 1917 4121 in
1941 4057 2148 4138 Alica-stilicen,
2175 4056 2321 4144 Barbary
2342 4061 2377 4122 in
2400 4059 2459 4123 der

647 4159 849 4241 Normendie,
890 4161 1036 4248 Beeuprc'
1069 4164 1104 4225 in
1136 4158 1307 4238 Flauiae,
1350 4158 1486 4225 Gerenia
1520 4159 1646 4225 Kloeter
1679 4163 1745 4242 auf
1771 4160 1916 4242 Gonane,
1958 4161 2058 4250 Siqnp
2090 4167 2124 4227 in
2157 4163 2213 4228 der
2248 4161 2457 4249 Charopum

647 4292 673 4332 c.
697 4266 832 4332 Edeaee
855 4269 928 4332 oder
950 4267 1172 4333 Balneelineeb
1195 4270 1229 4330 in
1253 4264 1445 4344 selectione,
1471 4264 1637 4352 Perceiyne
1660 4264 1701 4334 N.
1728 4267 1774 4332 Le
1796 4268 1891 4332 Mona
1913 4273 1947 4334 in
1969 4266 2177 4348 Franlreal,
2202 4269 2401 4334 llon'enalatt
2423 4272 2459 4334 in

647 4372 787 4452 Necron,
821 4372 980 4438 Einhart
1002 4376 1046 4436 im
1069 4371 1245 4457 Bbeinpau,
1283 4369 1377 4436 Beue‘l
1402 4375 1516 4436 unweit
1544 4395 1569 4439 a.
1594 4372 1700 4438 Julian
1722 4375 1789 4437 und
1810 4371 1965 4461 bimoqec,
2000 4375 2157 4440 Auberiec
2178 4378 2223 4439 im
2244 4375 2348 4456 frene.
2372 4374 2457 4461 Dap.

648 4480 889 4559 Beate-Marna
924 4477 1053 4544 Kinloec
1074 4481 1108 4542 in
1129 4476 1316 4557 Scloelaacl,
1352 4477 1522 4563 Anabura
1546 4478 1595 4542 bei
1617 4477 1755 4557 (11113111,
1792 4478 1869 4544 Led
1889 4483 1924 4545 in
1948 4480 2044 4545 Pelen
2071 4481 2144 4545 oder
2172 4480 2253 4545 Leon
2282 4484 2326 4545 im
2352 4483 2456 4548 aava.

647 4585 728 4672 Deip.
751 4584 850 4663 Nord,
877 4583 1062 4670 Coppeabole
1084 4583 1131 4649 lei
1152 4581 1292 4661 London,
1316 4582 1362 4648 Le
1392 4579 1582 4648 Vae-necle·
1603 4588 1638 4648 in
1665 4585 1721 4651 der
1746 4582 1950 4665 Noemeadia
1981 4585 2179 4672 Spr'cclcoppei
2208 4585 2296 4653 Preo.
2322 4585 2458 4667 Herem,

651 4693 797 4758 Seliciana
830 4689 865 4756 Ο.
893 4689 1076 4777 1111131119
1105 4693 1140 4754 in
1166 4689 1287 4767 Badera,
1323 4688 1539 4756 Bebealroueen
1568 4693 1612 4754 im
1645 4689 1886 4770 Selwaraeale,
1921 4690 2032 4756 lnitzel
2058 4695 2102 4756 im
2128 4690 2251 4771 Elauer,
2288 4691 2400 4756 Zweld
2422 4697 2459 4758 in

654 4797 927 4876 [ἶπον-01311111,
953 4795 1244 4881 Boumportenberp
1268 4819 1310 4859 an
1325 4796 1381 4860 der
1395 4794 1511 4860 Danae
1526 4799 1559 4860 in
1579 4794 1837 4875 Ober-Oerireielr,
1860 4795 1980 4882 Mopile
2001 4821 2043 4861 an
2058 4799 2113 4863 der
2133 4795 2282 4864 Weiclret
2295 4800 2328 4862 in
2346 4797 2456 4878 Pelen,

647 4905 788 4970 Bramme
811 4907 844 4968 in
868 4905 923 4969 der
949 4901 1095 4986 Grofcelr.
1120 4901 1253 4980 Oeferd,
1277 4900 1440 4987 Lonppern
1460 4905 1503 4966 im
1523 4901 1628 4978 frene.
1652 4900 1733 4988 Deip.
1756 4903 1865 4967 Aiane.

1397 5065 1490 5141 407.

431 5196 584 5286 Bbelnof
604 5195 791 5269 Bernlrord
816 5215 879 5265 eon
906 5191 1107 5265 Pederbern
1140 5191 1315 5280 abennem
1347 5191 1424 5263 dem
1454 5190 1591 5280 Groten
1618 5191 1765 5282 Mete
1792 5213 1855 5263 eea
1882 5191 2103 5282 &reubero
2134 5193 2191 5265 die
2226 5192 2343 5283 Voplei
2368 5194 2458 5267 eber

1032 5298 1096 5368 cies
1124 5297 1210 5386 Sese
1237 5297 1459 5370 Sciileleeeiee.
1514 5297 1613 5369 1244
1637 5296 1779 5369 Jonnor
1803 5301 1858 5369 10.

569 5419 665 5487 θοῶν.
695 5417 799 5500 Weetf.
824 5415 892 5483 ΗΒ.
909 5413 930 5478 Ι
934 5413 968 5490 V,
995 5413 1029 5480 S.
1046 5414 1112 5477 223
1134 5412 1194 5477 Ne.
1210 5412 1286 5494 331,
1310 5412 1439 5502 Larney,
1465 5412 1576 5480 Geraia
1592 5415 1623 5479 (1.
1640 5413 1717 5480 err.
1733 5438 1760 5482 e.
1777 5413 1987 5501 Raeerrrbergr,
2013 5413 2085 5480 Ced.
2102 5416 2177 5501 dipl
2204 5414 2238 5480 S.
2254 5414 2296 5479 31
2319 5413 2379 5482 Nr.
2395 5416 2455 5484 25.
