5174 6798
1425 413 1494 468 1230

583 605 675 673 Neci
710 609 778 673 dem
811 606 922 671 Druck
956 605 1003 672 bei
1040 604 1237 684 Wcirdtwein,
1272 604 1363 670 Nova
1396 606 1479 673 ruba.
1511 604 1573 685 IX,
1611 605 1645 673 S.
1676 603 1716 670 71
1750 607 1935 686 wiederiolt,
1971 608 2048 672 auct
2078 607 2165 694 pede.
2196 607 2289 674 Sabe.
2318 609 2394 694 dipl.
2425 607 2469 688 X,

661 712 695 779 8.
721 712 762 778 16
786 717 843 778 mit
864 713 1068 798 1111116911
1090 710 1210 776 Datum
1232 733 1272 775 zu
1296 709 1383 774 1232
1404 711 1574 778 December
1596 711 1648 790 13,
1684 712 1821 778 deraelbe
1843 709 2161 788 decorticaret
2183 714 2266 778 auct
2286 717 2331 778 im
2355 713 2472 802 Repert

657 821 734 884 Mac.
754 817 797 898 ΙΙ,
824 817 888 883 189
913 815 971 882 Nr.
986 815 1063 881 320.
1110 815 1202 882 Feta
1221 829 1311 884 anter
1334 819 1392 882 den
1416 817 1513 905 Reyp.
1538 819 1593 882 der
1614 815 1780 904 Edelvdptc
1801 840 1869 882 voni
1888 818 1990 904 Berge
2020 815 2124 896 Wertf.
2143 817 2405 884 Provinziat-Blt.
2422 818 2469 898 ΙΙ,

657 924 738 1007 Heft
760 925 789 990 l.
2029 933 2033 942 '

1414 1048 1502 1127 210.

442 1178 598 1267 Bisclrof
619 1176 769 1249 Kourod
795 1199 858 1246 voc
877 1175 1027 1248 Mindcn
1055 1175 1188 1246 tccsctd
1214 1176 1276 1246 mit
1304 1175 1558 1266 Geaclrmipcnp
1584 1175 1645 1247 des
1665 1176 1882 1266 pdpsdicliea
1915 1175 2098 1248 Visitators
2125 1177 2192 1248 den
2218 1200 2296 1248 aum
2322 1177 2470 1266 disciol-

445 1284 554 1357 licbea
586 1283 767 1373 chelpute
798 1283 980 1372 pedoripca
1009 1281 1093 1369 Hos
1116 1283 1154 1351 in
1190 1280 1352 1352 Veliteim
1384 1304 1489 1372 peperi
1519 1283 1602 1353 awai
1629 1282 1973 1373 domtopitclcriscbe
2002 1283 2094 1371 Ho'fc
2129 1284 2167 1354 in
2194 1283 2370 1372 Renaqen
2396 1283 2472 1354 aad

1113 1386 1263 1457 Mcldem
1291 1389 1355 1457 cin.
1410 1386 1508 1458 1230
1535 1388 1721 1458 December
1749 1390 1802 1458 13.

551 1506 726 1571 Conradus
750 1506 810 1571 Dei
833 1505 943 1588 gracia
959 1504 1140 1569 llindensis
1165 1503 1342 1587 episcopus
1366 1505 1531 1584 universis
1548 1503 1670 1570 Christi
1686 1503 1840 1570 fidelibus
1854 1505 1918 1570 hoc
1934 1505 2094 1587 scriptum
2110 1503 2309 1587 inspecturis
2326 1505 2471 1571 salutem

443 1610 479 1677 in
503 1611 635 1676 Christo
659 1611 807 1695 Jhesu1).
856 1611 983 1674 Notum
1013 1630 1086 1674 esse
1115 1610 1267 1692 cupimus
1295 1611 1473 1691 universis
1509 1611 1551 1674 ad
1580 1629 1664 1692 quos
1692 1629 1830 1694 presens
1859 1610 2019 1692 scriptum
2047 1611 2248 1693 pervenerit,
2285 1612 2376 1694 quod
2407 1631 2470 1676 nos

443 1717 641 1782 auctoritate
670 1716 872 1781 venerabilis
900 1716 963 1780 viri
993 1716 1103 1779 fratris
1127 1714 1320 1800 J(ohannis)
1348 1714 1474 1780 ordinis
1499 1716 1749 1781 Predicatorum
1772 1716 1909 1780 ecclesie
1932 1718 2046 1780 nostre
2069 1715 2248 1781 visitatoris
2272 1736 2403 1782 necnon
2427 1719 2470 1782 de

443 1843 607 1887 consensu
639 1821 774 1904 capituli
809 1822 914 1886 nostri
945 1822 1153 1905 quorundam
1183 1820 1349 1886 bonorum
1381 1821 1517 1885 fecimus
1553 1822 1844 1904 permutationem,
1880 1823 1916 1885 ut
1938 1821 2092 1885 videlicet
2120 1821 2221 1886 curtis
2245 1823 2280 1886 in
2305 1823 2470 1904 Veltlrem,

442 1947 508 2010 qne
539 1928 581 1992 ad
611 1947 762 1992 mensam
786 1930 935 1991 nostram
964 1926 1164 2009 pertinebat,
1199 1926 1272 1990 sine
1301 1926 1437 2010 onere2)
1471 1927 1646 1992 advocacie
1676 1928 1770 1991 cedat
1799 1927 1955 1991 fratribus
1984 1929 2016 1990 et
2042 1925 2211 1992 ‘canonicis
2240 1929 2363 1992 nostris
2393 1948 2471 1992 cum

443 2034 533 2098 omni
565 2033 707 2098 utilitate
737 2035 772 2096 et
800 2033 884 2113 iure,
920 2052 987 2116 quo
1015 2052 1078 2096 nos
1102 2033 1210 2114 ipsam
1233 2031 1444 2112 possedimus
1468 2032 1510 2096 ab
1534 2031 1682 2116 antiquo,
1718 2033 1817 2096 curtis
1843 2052 1919 2098 vero
1942 2033 1977 2097 in
2000 2032 2207 2116 Remaghei)
2230 2037 2265 2098 et
2288 2033 2469 2105 Millehem‚

443 2139 484 2205 de
517 2139 641 2221 quibus
677 2138 813 2222 prelatis
849 2138 1004 2203 fratribus
1040 2137 1161 2203 nostris
1196 2138 1310 2203 vinum
1346 2137 1441 2202 annis
1476 2138 1613 2222 singulis
1648 2139 1848 2218 solvebatur,
1883 2158 1957 2203 curn
1987 2139 2077 2203 omni
2107 2139 2178 2203 iure
2202 2144 2236 2206 et
2258 2139 2402 2205 utilitate
2425 2143 2471 2206 ad

442 2263 593 2310 mensam
625 2246 772 2309 nostram
801 2246 1059 2327 nostrorumque
1091 2244 1207 2309 cedere
1232 2244 1351 2307 debeat
1375 2263 1615 2308 successorum.
1663 2245 1708 2308 Ut
1731 2247 1843 2308 autern
1867 2245 1928 2308 bec
1950 2245 2154 2328 permutacio
2177 2247 2249 2309 rata
2271 2250 2471 2327 permaneat

442 2353 476 2415 et
499 2349 627 2415 stabilis
650 2352 850 2433 perseveret,
878 2353 992 2413 nostro
1017 2352 1049 2414 et
1072 2349 1192 2433 prelati
1215 2349 1395 2414 visitatoris
1417 2349 1530 2431 sigillis
1547 2368 1621 2414 cam
1636 2348 1775 2414 fecimus
1792 2349 1953 2414 roborari.
1999 2349 2100 2414 Anno
2118 2349 2251 2416 Domini
2266 2349 2469 2431 M⁰CCXXX,

441 2456 519 2520 Idus
542 2456 743 2521 Decembris.

657 2559 678 2630 ¹)
697 2561 763 2614 Jesu
781 2560 813 2616 B.
852 2561 874 2628 ²)
896 2561 993 2613 honere
1011 2559 1045 2612 A.
1086 2559 1108 2625 ³)
1131 2560 1263 2628 Remagen
1282 2558 1314 2615 B.

574 2648 666 2712 Nacti
695 2650 750 2714 der
777 2648 948 2727 Abaclua‘ft
978 2649 1031 2712 dea
1059 2646 1110 2711 11.
1135 2646 1189 2712 ΙΙι.
1224 2651 1260 2712 in
1282 2647 1360 2711 Mac.
1393 2645 1462 2725 VH,
1489 2645 1577 2710 2101
1609 2645 1643 2712 8.
1666 2645 1712 2711 60
1743 2648 1799 2732 (Α)
1834 2648 1900 2711 und
1928 2648 1981 2713 dcc
2009 2646 2060 2712 16.
2084 2647 2136 2712 Ji.
2168 2649 2301 2712 11111111.
2326 2646 2371 2728 ΙΙ,
2404 2649 2469 2713 189

656 2751 690 2820 8.
712 2754 758 2816 62
783 2754 852 2838 (B).
901 2752 1014 2839 Repe-rt
1043 2753 1119 2816 llic.
1145 2749 1190 2834 II,
1221 2749 1285 2815 189
1314 2751 1374 2815 Nr.
1398 2750 1476 2830 361,
1516 2753 1664 2820 Zeitvckr:
1695 2754 1748 2816 dec
1774 2753 1844 2817 1111.
1877 2751 1943 2818 Ver.
1971 2755 1997 2833 f.
2022 2752 2342 2840 Ν1111111111111169.
2371 2754 2467 2834 1860,

655 2857 689 2926 S.
709 2857 772 2922 120
795 2857 925 2938 110190,
951 2858 1043 2934 Gdrz,
1069 2859 1264 2922 Mittelrtcc'n.
1305 2857 1404 2943 Repp·
1422 2855 1465 2935 ΙΙ,
1493 2857 1526 2924 8.
1542 2858 1610 2921 619
1632 2857 1692 2921 Nr.
1711 2857 1807 2923 1961.
1852 2857 1947 2924 Gedr.
1979 2857 2176 2938 Wzirdtwein,
2203 2859 2295 2924 81111.
2313 2862 2390 2946 dipl.
2414 2860 2468 2942 VI,

655 2963 690 3030 8.
713 2962 789 3030 386.
837 2963 1018 3048 „Remapen
1042 2987 1093 3026 aar
1109 2961 1213 3027 Riein
1234 2966 1276 3026 111
1298 2962 1443 3038 balanan
1467 2965 1633 3030 Millehern
1655 2963 1782 3040 ditifica
1804 2969 1864 3028 uvir
1887 2966 1951 3044 auf
1962 2964 2077 3029 Grvcnd
2098 2967 2156 3029 der·
2174 2963 2253 3029 Urlr.
2277 2964 2468 3047 Lacomblet,

653 3067 909 3135 Meclaria-UD.
935 3067 961 3147 I,
985 3067 1046 3133 Nr.
1069 3067 1145 3146 381,
1180 3092 1226 3132 wo
1249 3068 1314 3132 eici
1337 3069 1388 3134 dic
1410 3067 1507 3132 Forvn
1529 3070 1719 3136 Milneheim
1735 3071 1843 3152 findet,
1880 3072 1928 3134 alc
1954 3070 2085 3136 Metam
2107 3069 2193 3136 NW.
2217 3093 2274 3136 von
2297 3070 2467 3159 Remapen,

654 3174 1086 3262 Kdnipcwinter.pepcndber‚
1111 3175 1251 3239 dmin«.
1310 3172 1471 3238 Witmane.
1831 3179 1833 3186 “

1418 3321 1495 3395 211.

439 3447 579 3518 Jotacn
608 3445 821 3536 pdpstlirbcr
856 3444 1022 3516 Visitator
1055 3444 1118 3514 der
1149 3445 1329 3516 mindeaer
1356 3445 1500 3516 Dictaeae
1534 3451 1616 3517 sciat
1649 3446 1700 3517 bei
1735 3446 1797 3516 der
1832 3446 2013 3518 Visitaticn
2048 3447 2108 3518 des
2143 3448 2397 3538 Martinstiflcs
2431 3453 2470 3522 in
2581 3443 2582 3460 ¹

939 3551 1089 3622 Mindon
1117 3549 1239 3622 dassen
1267 3551 1422 3622 8111111111
1449 3553 1525 3638 fest.
1581 3550 1681 3623 1230
1710 3552 1896 3623 December
1924 3555 1977 3632 13,

548 3669 720 3734 Universis
755 3671 842 3734 hanc
875 3668 1031 3750 paginam
1065 3668 1263 3751 inspecturis
1297 3667 1398 3732 frater
1433 3670 1602 3734 lohannes
1638 3669 1765 3735 ordinis
1800 3671 2052 3735 Predicatorum
2090 3671 2216 3735 domini
2249 3691 2336 3755 pape
2372 3675 2469 3755 peni-

440 3775 615 3841 tentiarius
639 3776 781 3840 salutern
803 3775 838 3838 in
861 3774 1013 3837 Domino.
1061 3774 1145 3838 Cum
1170 3794 1210 3838 err
1233 3775 1391 3839 mandato
1422 3775 1621 3840 venerabilis
1652 3775 1758 3857 patris
1789 3776 1921 3840 Ottonis
1959 3777 2177 3841 miseracione
2212 3776 2324 3840 divina
2358 3781 2469 3845 sancti

440 3881 569 3946 Nicolai
593 3881 626 3944 in
651 3901 780 3946 carcere
805 3880 960 3945 Tulliano
985 3879 1115 3943 diaconi
1139 3880 1314 3944 cardinalis
1339 3880 1521 3961 apostolice
1545 3881 1631 3945 sedis
1656 3882 1756 3962 legati
1779 3881 1886 3946 sancti
1903 3882 2035 3946 Martini
2051 3881 2232 3947 Mindensis
2255 3882 2469 3949 visitaremus

441 3988 623 4068 ecclesiam,
658 3988 802 4070 quedam
829 3985 864 4050 in
893 4005 932 4050 ea
962 3985 1139 4048 salubriter
1175 3984 1412 4066 ordinavimus,
1448 4005 1514 4067 que
1551 3987 1684 4050 statutis
1717 3990 1750 4052 et
1779 3987 1852 4052 aliis
1884 3987 2104 4052 amminiculis
2139 3987 2276 4069 dignum
2309 3988 2468 4055 duximus

442 4093 598 4158 stabilire.
646 4093 684 4156 In
703 4092 817 4174 primis
834 4091 934 4173 igitur
950 4091 1137 4170 statuimus
1161 4094 1199 4155 ut
1223 4111 1381 4155 numerus
1405 4091 1581 4156 duodecim
1605 4085 1843 4157 canonicorum
1865 4093 1990 4156 ibidem
2013 4093 2247 4158 inviolabiliter
2271 4095 2470 4160 observetur

441 4200 489 4264 ita
512 4199 602 4281 quod
625 4198 738 4262 nullus
762 4197 825 4261 nisi
850 4199 988 4262 vacante
1011 4197 1183 4278 prebenda
1206 4197 1322 4279 quavis
1346 4196 1472 4261 astucia
1495 4197 1635 4280 eligatur
1658 4217 1719 4262 nec
1743 4199 1785 4263 ad
1808 4200 1982 4263 vacantem
2005 4199 2144 4280 eligatur
2167 4199 2378 4281 aliquatenus
2402 4203 2469 4265 nisi

441 4324 546 4384 unus3
570 4305 671 4387 quod,
695 4303 723 4367 si
746 4321 814 4366 una
836 4304 974 4366 vacante
998 4302 1112 4382 plures
1136 4301 1257 4366 fuerint
1282 4302 1376 4366 electi
1399 4302 1484 4366 votis
1508 4303 1646 4367 fratrum
1668 4304 1703 4367 in
1726 4305 1825 4386 plura
1848 4304 1972 4385 divisiS,
1996 4304 2051 4369 ille
2076 4305 2281 4387 prebendam
2305 4306 2468 4388 obtineat,

442 4430 543 4493 quem
578 4411 744 4474 sententia
778 4409 852 4472 iure
881 4407 1048 4472 ordinario
1080 4408 1289 4490 promulgata
1316 4408 1489 4473 dictaverit
1512 4409 1662 4490 optinere
1685 4409 1737 4474 vel
1760 4409 1819 4491 qui
1842 4411 1934 4474 solus
1957 4411 2152 4475 remanserit
2175 4410 2248 4474 aliis
2271 4411 2468 4476 cedentibus

442 4517 514 4581 sine
545 4515 601 4579 lite
629 4515 720 4579 omni
747 4514 912 4596 pactione,
948 4514 1038 4578 omni
1069 4514 1205 4578 arbitrio
1235 4517 1270 4578 et
1293 4515 1411 4597 quovis
1438 4515 1501 4579 alio
1524 4516 1625 4579 modo
1648 4516 1783 4598 penitus
1806 4517 1969 4597 relegatis.
2015 4516 2098 4580 Item
2120 4517 2233 4580 nullus
2257 4517 2399 4599 eligatur
2422 4520 2464 4582 ad

443 4621 650 4704 prebendam
674 4621 783 4684 minor
806 4619 1056 4702 quatuordecim
1080 4622 1187 4700 annis,
1223 4620 1341 4684 necin
1364 4621 1572 4703 prepositum
1595 4621 1649 4685 vel
1673 4622 1834 4686 decanum
1858 4641 1918 4686 seu
1942 4622 1986 4686 ad
2008 4622 2089 4686 alias
2114 4622 2291 4703 dignitates
2315 4623 2468 4688 eiusdem

443 4726 582 4792 ecclesie
605 4726 726 4808 aliquis
750 4727 950 4804 assumatur,
973 4725 1037 4788 nisi
1061 4726 1103 4789 ad
1127 4725 1236 4790 minus
1260 4726 1374 4808 viginti
1398 4725 1545 4809 quinque
1568 4745 1733 4791 annorum
1757 4727 1886 4791 existat.
1932 4727 1977 4791 Ut
2000 4729 2111 4792 autern
2133 4728 2296 4811 premissa
2318 4729 2467 4811 capitula

442 4832 674 4914 inposterum
697 4831 825 4896 firmius
849 4830 1077 4911 observentur,
1108 4830 1254 4895 decanus
1279 4835 1312 4895 et
1336 4831 1517 4913 capitulum
1541 4833 1689 4897 eiusdem
1714 4832 1852 4896 ecclesie
1874 4834 1989 4897 nostro
2012 4833 2138 4897 inducti
2161 4833 2299 4898 consilio
2322 4835 2365 4898 ad
2387 4854 2467 4917 per-

442 4940 578 5019 petuam
594 4957 710 5002 eorum
726 4937 978 5001 observanciam
994 4957 1030 5000 se
1047 4955 1157 5000 coram
1175 4937 1272 5002 nobis
1288 4936 1476 5002 iuramento
1494 4938 1709 5020 corporaliter
1725 4937 1864 5021 prestito
1881 4938 2064 5003 assiserunt
2071 4937 2107 5018 1).
2132 4938 2246 5003 Preter
2262 4939 2324 5002 hec
2340 4944 2466 5021 autem,
2581 4931 2582 4936 ’

442 5062 509 5125 que
533 5044 720 5108 iuramento
743 5043 875 5106 firmata
898 5043 986 5120 sunt,
1021 5043 1058 5104 ut
1082 5043 1235 5124 superius
1259 5046 1310 5107 est
1332 5044 1542 5126 premissum,
1577 5044 1721 5127 quedam
1756 5044 1820 5107 alia
1844 5043 1998 5109 duximus
2022 5044 2209 5124 statuenda,
2243 5045 2398 5110 videlicet
2427 5049 2467 5110 ut

443 5150 556 5214 nullus
581 5148 739 5230 deinceps
763 5147 941 5212 canonicus
976 5146 1011 5210 in
1035 5145 1176 5212 ecclesia
1197 5148 1314 5212 eadem
1337 5149 1565 5232 emancipetur
1587 5150 1640 5215 vel
1662 5149 1862 5231 installetur,
1897 5149 1960 5214 nisi
1986 5149 2081 5232 prius
2108 5151 2283 5232 prenotate
2317 5151 2466 5232 capitula

443 5256 477 5319 et
500 5253 582 5318 alias
605 5256 710 5319 bonas
734 5254 838 5317 sancti
862 5251 996 5318 Martini
1026 5254 1284 5318 consuetudines
1308 5273 1344 5318 se
1366 5254 1453 5319 iuret
1474 5253 1711 5320 inviolabiliter
1733 5256 1949 5320 servaturum.
1996 5256 2081 5320 Item
2104 5275 2221 5320 omnes
2243 5256 2465 5320 residenciam

443 5358 568 5424 iaciant
589 5359 642 5424 vel
664 5378 786 5442 penam
810 5377 830 5422 a
852 5357 948 5423 nobis
971 5361 1087 5422 contra
1110 5358 1267 5425 absentes
1289 5361 1449 5426 statutam
1471 5361 1652 5442 incurrant,
1680 5343 1805 5426 scilicet
1827 5363 1864 5424 ut
1886 5363 2037 5444 tempore
2059 5361 2214 5426 absencie
2237 5360 2363 5427 fructus
2386 5380 2465 5446 pre-
