5174 6798
1411 457 1478 512 1227

646 653 747 738 Ilerye
780 655 838 718 wie
874 653 1059 738 Abbitdun9
1093 651 1211 718 oberrda
1235 648 1261 729 I,
1284 651 1316 718 2.
1345 649 1416 736 Tos.
1438 649 1483 714 34
1507 650 1570 715 No.
1594 651 1626 717 9.
1677 652 1791 738 Repeto
1811 651 1859 718 bei
1880 653 2012 740 Mooyer,
2039 653 2115 740 1209.
2138 655 2210 718 nob.
2234 655 2272 721 de
2288 656 2391 722 Monte
2423 661 2460 722 in

651 757 757 844 Weatf.
782 758 1015 824 Pron-Bldtter
1057 758 1153 822 Bond
1172 757 1205 836 2,
1242 755 1360 838 Hoste
1403 756 1436 826 S.
1460 756 1506 822 36
1534 757 1595 822 bb.
1618 758 1672 826 35.
1725 755 1794 844 t'qt.
1822 759 1903 824 auct
1934 757 2087 827 Zeitsclrr.
2119 761 2150 824 ἄ.
2190 761 2262 826 tier.
2294 759 2363 828 Ver.
2394 764 2460 848 fiir

644 863 895 930 Ne'edoraacluon
916 864 970 950 Jq.
996 861 1083 929 1860
1108 862 1142 928 S.
1169 861 1242 930 128.

367 1045 370 1051 Ι
427 1087 579 1177 Bisclrof
592 1083 735 1157 Kourod
758 1107 823 1155 oon
843 1084 993 1155 Mindon
1020 1082 1183 1154 detondet
1201 1084 1257 1154 die
1277 976 1557 1174 contigue
1583 1081 1642 1156 ΚΖ.
1662 1085 1805 1162 Lenem.
1834 1083 1940 1157 1227
1958 1085 2083 1176 (More
2097 1083 2361 1161 19-Nooemb.
2375 1087 2456 1178 22).

538 1209 576 1272 ln
601 1204 734 1270 nomine
757 1205 871 1267 sancte
894 1205 928 1267 et
949 1201 1122 1268 individue
1143 1201 1340 1283 trinitatisl)
1376 1196 1555 1267 Cimradus
1583 1203 1798 1268 miseratione
1827 1204 1941 1268 divina
1963 1205 2147 1270 Mindensis
2178 1205 2359 1289 episcopus
2383 1207 2459 1272 uni-
2574 1207 2575 1244 r

428 1317 534 1382 versis
562 1311 684 1378 Christi
714 1309 868 1374 fidelibus
897 1309 1039 1374 salutem
1069 1308 1104 1372 in
1135 1328 1175 1372 eo
1204 1308 1261 1390 qui
1292 1311 1343 1372 est
1371 1308 1462 1372 salus
1491 1309 1649 1375 omnium.
1704 1310 1798 1374 Sicut
1827 1311 1863 1375 in
1891 1311 2139 1393 presentiarum
2167 1311 2257 1376 cerni
2285 1313 2458 1398 contingit,
2574 1297 2575 1330 ³

430 1422 577 1488 mundus
601 1420 642 1483 de
666 1417 719 1481 die
742 1417 777 1479 in
801 1415 890 1481 diem
913 1414 1017 1497 magis
1041 1419 1075 1478 et
1098 1415 1203 1497 magis
1227 1413 1319 1479 viciis
1342 1415 1525 1495 insolescit,
1554 1417 1649 1498 pravi
1674 1419 1753 1482 sunt
1780 1416 1947 1500 siquidem
1971 1437 2090 1482 sensus
2114 1418 2288 1483 hominum
2311 1420 2346 1484 et
2369 1420 2459 1502 cogi·
2574 1417 2575 1444 ³

428 1528 511 1594 tatio
535 1545 650 1594 eorum
676 1526 717 1588 ab
742 1521 968 1588 adolescentia
991 1539 1051 1584 sua
1074 1519 1230 1603 proclivis
1260 1520 1296 1585 in
1318 1520 1454 1586 malum.
1507 1523 1590 1587 Inde
1619 1525 1684 1598 est,
1717 1523 1809 1606 quod
1839 1523 1934 1588 valde
1968 1525 2192 1588 necessarium
2220 1525 2290 1606 est,
2325 1527 2363 1591 ut
2390 1545 2458 1610 quo

429 1635 528 1718 plura
551 1632 745 1698 morborum
769 1647 807 1692 ac
830 1628 1061 1711 peccaminum
1086 1628 1269 1710 exsurgunt
1291 1647 1422 1710 genera,
1447 1649 1486 1694 eo
1510 1627 1608 1711 plura
1630 1629 1835 1694 medelarum
1859 1629 2082 1694 adhibeantur
2096 1629 2242 1696 remedia
2265 1634 2459 1698 sanctorum

348 1767 350 1773 ⁸
430 1739 587 1806 videlicet
610 1735 768 1819 suffragia
791 1737 824 1798 et
847 1736 1011 1799 bonorum
1035 1733 1209 1798 hominum
1233 1733 1426 1798 intercessio
1449 1735 1617 1799 continua.
1655 1733 1694 1799 ln
1717 1753 1812 1817 spem
1835 1735 1948 1818 itaque
1972 1735 2199 1802 retributionis
2223 1740 2339 1804 eterne
2362 1738 2459 1804 duxi·

430 1867 505 1912 mus
537 1843 710 1910 instituere
746 1843 948 1906 conventum
983 1839 1190 1904 dominamm
1225 1837 1456 1905 cisterciensis
1492 1840 1633 1921 ordinis,
1668 1862 1734 1924 que
1767 1841 1803 1906 in
1830 1839 1971 1907 Liveren
2005 1841 2052 1908 ita
2083 1841 2224 1910 Domino
2257 1841 2458 1910 famulantes

430 1953 586 2032 militent,
610 1952 649 2016 ut
663 1949 724 2014 Dei
740 1947 950 2012 clementiam
975 1950 1006 2010 et
1022 1965 1084 2028 pro
1107 1945 1177 2011 suis
1200 1948 1233 2011 et
1255 1945 1362 2010 tocius
1388 1946 1506 2030 populi
1530 1947 1657 2013 delictis
1686 1947 1806 2032 iugiter
1832 1947 2061 2031 interpellent,
2104 1949 2278 2014 ecclesiam
2315 1951 2458 2015 eandem

429 2165 583 2250 pluribus
607 2161 900 2246 predecessoribus
925 2159 1047 2224 nostris
1070 2161 1113 2224 ab
1137 2159 1310 2224 advocatia
1333 2159 1491 2226 libertate
1519 2163 1580 2240 est,
1605 2160 1652 2226 ita
1681 2162 1716 2226 et
1737 2181 1799 2226 nos
1822 2181 1896 2227 eam
1924 2161 2151 2244 relinquentes
2178 2163 2221 2226 ab
2245 2161 2337 2228 omni
2360 2181 2457 2230 secu·
2575 2197 2576 2252 j

428 2273 509 2338 laris
532 2290 680 2355 persone
708 2267 898 2353 gravamine
927 2269 1151 2350 protestamur
1178 2267 1352 2331 inmunem
1380 2285 1464 2332 esse.
1523 2267 1632 2332 Locus
1662 2269 1774 2332 autem
1802 2267 1865 2333 iste
1895 2270 1933 2333 ut
1959 2271 2122 2334 cresceret
2151 2271 2184 2333 et
2213 2268 2316 2353 gratia
2343 2269 2457 2334 divina

429 2379 615 2464 opitulante
638 2375 826 2460 proliceret,
850 2374 956 2437 bonos
986 2375 1156 2456 quocquot
1184 2372 1355 2456 potuimus
1379 2377 1448 2438 tarn
1478 2373 1614 2439 clericos
1645 2391 1746 2456 quam
1770 2374 1895 2456 laycos,
1929 2377 1968 2438 ut
1995 2375 2030 2439 in
2058 2375 2241 2441 remedium
2268 2375 2456 2442 animarum

430 2505 568 2551 suarum
590 2485 680 2548 bona
704 2501 765 2546 sua
797 2481 839 2546 ad
862 2481 928 2544 iam
952 2479 1078 2543 dictum
1107 2478 1217 2543 locum
1245 2478 1450 2558 conferrent,
1483 2479 1608 2544 crebris
1639 2481 1928 2546 exhortationibus
1957 2480 2146 2546 studuimus
2173 2482 2348 2562 inducere,
2377 2501 2456 2547 nam
2576 2545 2577 2554 ,

430 2592 584 2660 dominus
619 2590 798 2654 Heinricus
833 2587 928 2652 miles
964 2586 1005 2650 de
1042 2586 1125 2650 Lere
1160 2585 1387 2650 ministerialis
1416 2586 1704 2668 Osnabruggensis
1738 2587 1875 2652 ecclesie
1909 2607 1946 2653 se
1977 2607 2053 2652 cum
2085 2606 2188 2652 uxore
2223 2607 2284 2654 sua
2319 2589 2457 2654 domina

430 2698 613 2764 Rumhilde
636 2696 679 2761 ad
701 2696 769 2760 iam
793 2693 918 2758 dictum
941 2690 1083 2756 contulit
1106 2691 1299 2772 cenobium,
1324 2690 1388 2774 ipsi
1412 2711 1546 2774 quoque
1570 2694 1737 2758 derebus
1769 2695 1839 2758 suis
1870 2696 2005 2759 centum
2034 2713 2163 2759 marcas
2191 2713 2304 2760 secum
2332 2713 2457 2779 appor-

428 2810 540 2872 tantes
571 2805 648 2868 ideo
679 2801 907 2884 erogaverunt,
936 2801 973 2862 ut
1003 2798 1161 2879 Domine,
1198 2799 1289 2879 apud
1317 2817 1418 2880 quem
1442 2798 1572 2863 nullum
1594 2799 1721 2864 bonum
1748 2799 2033 2866 irremuneratum
2057 2800 2133 2880 erit,
2166 2803 2279 2866 atam
2301 2797 2457 2884 religioso
2576 2813 2577 2830 ¹

428 2913 597 2979 conventu
621 2909 820 2992 perpetuum
843 2905 967 2970 ibidem
991 2903 1303 2986 sollempnizaretur
1326 2903 1533 2987 obsequium.
1573 2904 1680 2970 Simili
1703 2905 1802 2971 modo
1827 2906 2014 2971 sacerdotes
2031 2907 2239 2972 Giselbertus
2255 2908 2297 2973 de
2312 2907 2457 2992 Burlage

430 3022 464 3084 et
485 3016 701 3082 Bernhardus
725 3014 767 3079 de
791 3013 932 3079 Liveren
960 3031 1026 3093 que
1050 3011 1173 3075 babere
1203 3013 1358 3092 poterant
1381 3011 1423 3075 ad
1454 3010 1698 3093 promotionem
1726 3013 1877 3079 eiusdem
1906 3012 1971 3078 loci
2000 3011 2178 3079 salubriter
2209 3014 2457 3098 impenderunt,

429 3124 586 3190 dominns
609 3121 836 3187 Helimbertus
867 3119 909 3184 de
936 3119 1057 3182 Manen
1086 3119 1186 3182 etiam
1210 3117 1361 3183 eiusdem
1384 3117 1431 3182 rei
1456 3136 1556 3198 ¹causa
1579 3123 1705 3184 curtem
1729 3119 1899 3202 quandam
1922 3120 1957 3184 in
1981 3119 2122 3186 Liveren
2149 3120 2264 3200 sitem,
2289 3140 2391 3204 quam
2416 3124 2458 3188 de

429 3251 532 3296 manu
557 3232 672 3294 nostra
697 3227 814 3308 tenuit,
838 3227 870 3291 et
895 3228 1039 3308 quatuor
1064 3225 1182 3289 domos
1210 3225 1245 3289 in
1270 3223 1475 3307 Openewide
1504 3223 1591 3290 dicto
1626 3226 1764 3291 cenobio
1792 3226 1957 3304 vendidit,
1986 3245 2128 3310 quarum
2157 3226 2241 3292 duas
2269 3247 2289 3292 a
2320 3227 2458 3295 domino

431 3336 608 3419 H(enrico)
631 3334 716 3399 duce
740 3333 782 3398 de
805 3332 999 3416 Bruneswic
1028 3334 1063 3396 et
1091 3331 1174 3396 alias
1198 3332 1281 3396 duas
1310 3351 1330 3396 a
1360 3331 1496 3397 domino
1520 3332 1690 3418 A(lbert0)
1715 3334 1798 3398 duee
1827 3333 1973 3399 Saxonie
1996 3333 2032 3398 in
2059 3333 2159 3398 teudo
2188 3335 2309 3415 tenuit,
2338 3337 2372 3399 et
2394 3353 2457 3402 nos

429 3443 638 3510 advocatiam
661 3442 812 3506 eiusdem
836 3440 938 3504 curtis
963 3440 1004 3504 de
1028 3456 1193 3504 consensu
1222 3439 1359 3522 capituli
1386 3437 1493 3503 nostri
1520 3440 1649 3523 prefato
1681 3441 1754 3506 loco
1784 3439 1924 3506 liberam
1950 3441 2158 3524 reliquimus
2204 3440 2273 3505 Nos
2297 3440 2398 3506 etiam
2422 3441 2457 3508 in

429 3549 780 3632 recompensationem
804 3547 891 3611 dicte
915 3545 1052 3610 ecclesie
1077 3544 1118 3610 de
1142 3544 1299 3625 Liveren,
1323 3563 1388 3628 que
1410 3545 1454 3610 ad
1477 3545 1691 3612 donationem
1715 3547 1947 3630 archydiaconi
1970 3548 2131 3612 hactenus
2154 3546 2327 3629 pertinuit,
2351 3549 2458 3614 eccle-
2577 3605 2578 3612 ,

429 3657 514 3721 siam
538 3655 573 3720 in
598 3655 772 3721 Lintlrorst
803 3654 847 3718 ad
870 3653 1084 3718 donationem
1111 3653 1335 3737 episcopalem
1369 3671 1477 3736 usque
1511 3653 1554 3719 ad
1584 3653 1646 3719 hec
1674 3656 1826 3737 tempora
1857 3653 2082 3737 pertinentem
2116 3653 2309 3736 reliquimus
2340 3655 2459 3738 arcby-
2577 3683 2578 3694 ¹

360 3813 365 3826 .
429 3765 571 3830 diacono
601 3764 643 3829 de
668 3763 811 3828 Lutbike
840 3760 1086 3826 conserendam.
1133 3760 1407 3844 ¹Archydiaconue
1439 3759 1541 3826 etiam
1575 3779 1595 3824 a
1629 3760 1769 3826 cenobio
1808 3759 1979 3826 Liverensi
2010 3760 2149 3843 recipiet
2175 3760 2457 3845 procurationem,
2577 3803 2578 3868 }

430 3890 495 3954 que
518 3871 646 3935 ratione
669 3868 869 3934 visitationis
894 3868 1042 3932 debetur.
1089 3867 1143 3931 Ad
1167 3866 1388 3933 sufficientem
1411 3885 1546 3949 quoque
1574 3867 1738 3932 cautelam
1768 3886 1810 3932 ne
1834 3868 1910 3950 quis
1933 3866 2033 3932 huius
2062 3866 2126 3932 loci
2155 3869 2345 3950 prepositus
2369 3867 2458 3932 hanc

429 3975 570 4043 ecclesie
601 3976 788 4040 libertatem
816 3973 996 4056 infringere
1031 3975 1064 4037 et
1094 3973 1193 4040 alicui
1226 3973 1367 4038 seculari
1398 3992 1542 4056 persone
1569 3972 1699 4057 potenti
1727 3974 1824 4056 quasi
1850 3973 2011 4039 tuendam
2044 3976 2217 4055 presumat
2251 3972 2458 4057 mancipare,

430 4085 565 4166 penitus
588 4081 793 4158 inhibemus3
817 4080 875 4165 qui
898 4099 977 4145 vero
1001 4078 1108 4145 facere
1135 4079 1393 4163 presumpserit,
1421 4078 1758 4145 excommunicationi
1780 4079 1951 4146 subiaceat
1981 4084 2014 4144 et
2042 4099 2062 4144 a
2091 4077 2254 4144 beneficio
2283 4079 2459 4164 depositus

430 4189 599 4256 abscedat.
646 4189 691 4253 Ut
714 4189 825 4252 autem
848 4188 911 4251 bec
939 4189 1053 4250 nostra
1087 4187 1253 4251 ordinatio
1287 4189 1360 4250 rata
1389 4186 1552 4252 subsistat
1587 4188 1620 4251 et
1653 4186 1688 4250 in
1719 4206 1818 4252 omne
1851 4188 1987 4269 tempus
2021 4186 2219 4251 inconvulsa
2249 4190 2459 4270 permaneat,
2577 4203 2578 4208 ’

429 4295 639 4380 privilegium
680 4296 743 4358 hoc
776 4293 855 4357 inde
899 4291 1061 4357 conscribi
1100 4293 1238 4357 lecimus
1281 4296 1316 4358 et
1350 4292 1542 4375 sygillorum
1582 4293 1687 4357 nostri
1728 4295 1762 4358 et
1803 4291 1941 4358 ecclesie
1982 4291 2117 4357 maioris
2160 4311 2290 4357 necnon
2330 4293 2460 4358 domini

428 4401 608 4486 B(od0nis)
632 4399 864 4482 archydiaconi
889 4401 930 4464 de
954 4399 1095 4465 Lutbike
1119 4399 1325 4483 appensione
1349 4397 1588 4464 roboravimus.
1634 4399 1718 4465 Acta
1741 4402 1820 4464 sunt
1842 4401 1905 4464 hec
1927 4417 2015 4464 anno
2032 4398 2268 4464 incarnationis
2292 4399 2460 4465 dominice

428 4506 738 4588 M⁰.cc⁰.xx0.v11⁰,
766 4506 946 4572 indictione
970 4505 1049 4583 XV‘,
1080 4507 1299 4569 concurrente
1323 4505 1409 4585 IllI‘,
1444 4525 1532 4571 anno
1557 4504 1706 4588 Gregorii
1736 4525 1824 4588 pape
1855 4505 1964 4589 primo
1988 4507 2021 4568 et
2056 4505 2266 4589 imperatoris
2297 4505 2460 4572 Friderici

428 4633 517 4680 anno
541 4613 615 4679 v11⁰
639 4616 672 4678 et
695 4613 956 4679 consecrationis
980 4614 1092 4678 nostre
1116 4631 1204 4676 anno
1228 4613 1348 4694 quarto
1373 4611 1511 4678 decimo.

647 4720 668 4778 ²)
688 4717 735 4770 Bo
755 4718 814 4771 hier·
831 4718 1001 4787 verldnperte
1022 4715 1136 4785 Solrrrjlt.

568 4806 623 4870 Or.
646 4809 690 4870 ior
713 4805 787 4891 Kpt.
815 4805 917 4870 Sc-n.
941 4829 981 4869 zu
1003 4806 1154 4883 tidenter,
1177 4803 1297 4872 Leeern
1319 4804 1381 4870 Nr.
1404 4805 1436 4870 3.
1488 4804 1564 4870 Vorn
1591 4806 1909 4892 Perpernam-stretton
1936 4819 2031 4872 elatea
2056 4805 2160 4892 Siepel
2189 4806 2386 4892 abpefollenf
2414 4830 2461 4870 an

644 4916 764 4976 zweiter
789 4910 881 4976 sore
903 4934 1025 4996 prosaeo
1048 4912 1162 4975 cuades
1188 4910 1292 4996 Soeqel
1313 4911 1366 4974 deo
1388 4911 1603 4998 Domkapltele
1625 4917 1660 4977 in
1681 4917 1819 4978 mousom
1841 4910 1961 4980 Waclar.
2000 4912 2036 4998 3)
2061 4913 2189 4978 Rundee
2214 4911 2326 4997 Sieyed
2343 4912 2461 4976 Bracat-

647 5020 722 5096 otto,
746 5023 780 5084 iu
803 5020 859 5084 der
881 5018 1014 5084 Rectum
1034 5020 1099 5082 eine
1115 5015 1215 5095 Lete,
1244 5021 1279 5082 in
1302 5018 1357 5084 dor
1371 5017 1497 5084 Lindon
1513 5019 1615 5095 Boou
1638 5020 1687 5084 oe
1705 5018 1879 5104 Unuellra'fl
1913 5021 2009 5084 luctet
2031 5019 2240 5086 SIGILLUM
2265 5019 2461 5086 BODONIS

645 5127 701 5194 DE
730 5125 910 5192 NEDORP
942 5123 1147 5208 (Nenndors),
1183 5146 1307 5189 woraus
1335 5126 1391 5190 der
1423 5123 1527 5190 Numa
1558 5126 1612 5191 dee
1636 5124 1869 5190 Arctide‘alcone
1901 5129 1936 5190 in
1965 5126 2020 5189 der
2048 5124 2124 5192 Urlc.
2148 5129 2277 5211 erydozt
2297 5129 2347 5191 iot.
2389 5122 2460 5210 Vpl.

645 5233 705 5297 die
719 5230 899 5317 Abbildunp
929 5228 1033 5314 Weetf.
1060 5229 1175 5313 Siopol,
1207 5228 1330 5310 Heft3
1358 5228 1429 5316 Taf.
1456 5231 1518 5295 134
1544 5230 1605 5295 Nr.
1629 5231 1659 5299 2.
1694 5270 1736 5280 —
1771 5230 1866 5298 Geor.
1895 5235 1978 5296 Acta
2005 5233 2098 5296 deren
2128 5234 2233 5296 letzten
2263 5228 2462 5296 [nouatum

644 5342 679 5403 in
704 5335 826 5403 Sueten
850 5338 902 5402 deo
924 5335 1140 5423 Dornlcopiteta
1166 5359 1206 5401 zu
1228 5336 1357 5402 elindeo
1378 5339 1474 5402 wider
1503 5338 1562 5402 doe
1589 5339 1709 5405 adliclte
1732 5337 1924 5414 Domenotift
1947 5361 1987 5402 zu
2010 5335 2145 5416 Leoern,
2174 5338 2224 5402 dre
2242 5339 2337 5424 freye
2367 5335 2462 5401 Woltl

644 5445 698 5532 bey
725 5447 781 5510 der
800 5441 947 5531 Probetey
974 5445 1030 5509 der·
1056 5445 1199 5510 letzteren
1220 5443 1382 5529 betreffend
1407 5445 1533 5528 (Berlin
1556 5443 1655 5531 1768)
1681 5445 1713 5513 S.
1726 5445 1781 5523 25,
1812 5444 2058 5523 sollicitante,
2084 5445 2183 5510 Mind.
2203 5443 2444 5529 Kirctenpeoclt.
