5062 6776
459 411 525 476 312
1421 427 1489 481 1272

459 623 521 689 heo
548 622 683 706 pietatis
712 621 848 688 donatio
875 620 1072 687 inconvulsa
1098 625 1294 705 permaneat
1325 624 1358 686 et
1386 622 1490 688 robur
1518 622 1669 688 obtineat
1697 623 1809 689 debite
1839 623 2022 707 firmitatis,
2054 645 2193 709 presens
2220 627 2376 710 scripturn
2396 629 2462 696 inde

459 729 646 794 conlectum
681 727 820 792 ecclesie
855 729 968 794 nostre
1002 727 1107 810 sigillo
1138 727 1220 812 ipsis
1250 727 1402 794 dedimus
1431 729 1682 795 communitum.
1741 732 1863 796 Datum
1890 731 2002 797 Minde
2032 751 2121 798 anno
2144 734 2278 800 Domini
2306 735 2463 800 millesimo

460 835 686 902 ducentesimo
710 833 955 918 septuagesimo
979 835 1137 916 secundo,
1160 836 1239 900 Idus
1262 835 1351 900 Maii.

591 937 685 1004 Nam
707 940 775 1005 clem
798 939 908 1004 Druck
939 937 1151 1020 libratorem,
1185 937 1278 1005 Saba.
1303 941 1378 1026 dipl.
1404 938 1465 1018 XI,
1491 938 1526 1006 S.
1549 940 1603 1005 58.
1651 939 1767 1027 Repeat
1787 942 1865 1010 Msc.
1889 941 1935 1021 ΙΙ,
1959 941 2061 1022 189α,
2086 942 2146 1011 Nr.
2169 942 2237 1009 602
2259 947 2325 1025 suet
2346 949 2463 1012 unom-

672 1047 744 1111 lr'elr.
791 1045 852 1112 Die
868 1045 997 1132 Kapelle
1020 1045 1162 1111 Jotanm
1184 1047 1238 1111 des
1264 1044 1401 1125 Td’ufers
1425 1047 1528 1114 warde
1551 1051 1656 1133 spo'ter
1681 1047 1891 1114 Morktlsirclre
1912 1061 2059 1136 persumet,
2082 1052 2142 1136 vul.
2167 1049 2327 1130 Holsclrer,
2351 1051 2462 1118 Berrlr.

671 1154 724 1218 der
745 1174 839 1220 vorm.
864 1152 945 1219 Bor.
970 1153 1098 1217 blindan
1127 1151 1161 1220 S.
1184 1151 1262 1216 331.
1323 1151 1419 1217 Unter
1449 1174 1532 1219 zona
1561 1157 1604 1218 iet
1630 1155 1689 1218 rool
1715 1158 1765 1220 ein
1789 1154 1976 1220 bestimmtor
2002 1153 2068 1222 Tei!
2095 1158 2151 1222 der
2175 1155 2271 1222 stade
2293 1158 2413 1222 Mindon
2432 1182 2463 1222 zu

670 1259 838 1338 verecellen,
888 1259 943 1324 der
987 1259 1054 1323 oieb
1097 1257 1167 1338 jetzt
1208 1259 1294 1324 nicht
1336 1259 1424 1323 mem
1468 1260 1636 1337 featrtellen
1670 1261 1763 1337 Ιᾱεεες
1808 1263 1954 1328 volutem
1999 1263 2073 1349 liept
2116 1267 2166 1328 ein
2207 1261 2383 1343 Leaefelsler
2424 1265 2464 1330 bei

678 1363 866 1430 Wrirdtweirr
888 1387 952 1430 vor.

1409 1527 1531 1607 1005.

456 1656 608 1746 Biselrof
637 1656 710 1729 ouo
744 1678 809 1727 ooo
844 1655 992 1728 Mindon
1028 1655 1138 1727 erteilt
1172 1655 1269 1746 olleo
1312 1655 1434 1727 welche
1475 1656 1531 1727 die
1566 1655 1825 1729 Moriealrr'rcbe
1856 1660 1894 1729 r'rr
1928 1659 2150 1732 Helberstodt
2190 1683 2247 1731 am
2283 1661 2380 1733 Feste
2412 1663 2464 1732 der

457 1764 618 1853 Patrone,
653 1787 710 1834 om
745 1762 1049 1852 Dediloutiorrstope
1083 1762 1155 1834 ond
1189 1762 1294 1834 deren
1331 1761 1480 1835 ortaveo
1513 1761 1685 1853 desuetam,
1727 1764 1825 1835 eirea
1857 1766 2120 1857 oierripldptpen
2153 1767 2290 1839 Abluss.
2346 1767 2465 1840 Orrieto

1269 1868 1367 1942 1272
1396 1868 1591 1960 September
1616 1872 1675 1942 25.

592 1983 750 2071 Abeclm'fi
772 1986 825 2050 deo
849 1984 1228 2072 Oberlaadesperrclrmrat
1251 1985 1352 2050 Heelrt
1373 1989 1406 2050 r'rs
1429 1984 1644 2068 Helberotadt,
1683 1985 1769 2050 1832
1792 2011 1834 2052 an
1857 1989 1983 2076 Mooyer
2005 2013 2085 2066 „aaa
2101 1991 2169 2056 dem
2185 1991 2285 2056 lieben
2301 1990 2333 2054 F
2331 2015 2355 2059 r.
2373 1991 2464 2072 Stilla-

673 2092 801 2155 archim
823 2093 990 2177 mitqcteilt,
1025 2095 1059 2156 irc
1082 2092 1159 2158 Mae.
1192 2089 1261 2175 VII,
1284 2091 1401 2156 2423a
1435 2097 1478 2156 im
1500 2091 1576 2178 qu.
1603 2091 1818 2158 Stoatsarolrio
1845 2117 1884 2159 zu
1907 2095 2056 2162 Mainoter.
2102 2096 2165 2162 Die
2194 2096 2283 2177 Uria,
2319 2099 2464 2164 roetelein

669 2199 766 2262 Herem
788 2210 886 2263 ersten
914 2195 996 2264 Ter'le
1028 2197 1167 2263 woraldo
1200 2202 1257 2262 mit
1281 2200 1337 2264 der
1351 2201 1415 2285 fiir·
1437 2197 1567 2264 Stendal
1588 2221 1645 2262 con
1670 2197 1755 2264 1268
1781 2199 1995 2287 depremere
2030 2201 2118 2286 (oben
2141 2201 2202 2269 Nr.
2225 2203 2307 2289 907)
2342 2204 2464 2268 riderem·

671 2309 796 2384 etr'mmt‚
821 2304 939 2370 seboim
959 2305 1046 2368 nicht
1066 2305 1154 2370 malm
1176 2305 1352 2370 verbanden
1367 2328 1406 2369 ru
1422 2309 1496 2384 sein,
1521 2306 1563 2369 do
1579 2309 1622 2370 sie
1640 2305 1689 2370 bei
1706 2305 1854 2386 Schmidt,
1884 2305 1915 2370 U
1916 2307 1957 2372 Β.
1974 2309 2027 2373 dea
2046 2308 2139 2387 Stifos
2155 2308 2370 2390 Helberstadt,
2392 2313 2463 2388 felir.

1413 2541 1531 2619 1006.

456 2671 572 2742 thler
598 2667 784 2739 Eberhard
809 2689 875 2738 ooo
901 2668 1132 2739 Ramesootele
1159 2668 1335 2739 ocrzicbtet
1362 2674 1426 2757 out
1454 2669 1519 2740 olle
1546 2668 1750 2759 Ausprr'lclre
1777 2691 1823 2739 on
1855 2669 1912 2740 die
1946 2670 2055 2742 Gr'tter
2087 2672 2124 2741 r‘rr
2158 2670 2370 2762 Tysonosen
2405 2671 2463 2741 and

455 2774 573 2864 Brok,
612 2774 732 2846 welche
758 2775 832 2845 seire
859 2797 966 2844 socer
992 2775 1107 2846 Ritter
1135 2774 1307 2863 Gotlfrted
1333 2796 1398 2846 corr
1426 2773 1638 2865 Tysenosen
1667 2775 1744 2846 dem
1773 2775 1831 2849 m.
1860 2776 1985 2848 Lobde
2010 2777 2214 2866 obatraqeo
2240 2778 2309 2850 hot.
2364 2778 2461 2850 81αο-

1224 2881 1334 2971 lropeo
1360 2880 1460 2954 1272
1491 2880 1633 2953 Oktober
1658 2879 1721 2952 21.

563 2999 728 3064 Omnibus
750 3001 940 3082 presentem
963 2999 1117 3081 paginam
1140 2999 1339 3083 inspecturis
1356 2999 1568 3064 Everhardus
1592 2999 1686 3064 miles
1710 3000 1819 3065 dictus
1836 3001 2070 3066 Rumescotele
2093 3001 2235 3066 salutern
2259 3023 2335 3067 curn
2351 3004 2461 3068 sincere

457 3107 602 3172 caritatis
638 3106 768 3170 allectu.
816 3104 976 3170 Noverint
1007 3107 1162 3187 universi,
1191 3106 1298 3188 quod,
1328 3126 1403 3171 cum
1431 3105 1584 3172 dominus
1613 3106 1813 3172 Godelridus
1843 3107 1884 3173 de
1916 3106 2110 3189 Tysenosen
2141 3109 2237 3173 miles
2264 3129 2359 3174 meus
2385 3129 2463 3172 socer

455 3213 608 3296 provisor
631 3211 768 3278 claustri
792 3211 833 3275 de
865 3210 1004 3276 Lodhen
1035 3210 1141 3277 iactus
1168 3211 1285 3277 fuisset
1315 3215 1348 3277 et
1374 3212 1440 3295 ipsi
1468 3212 1607 3276 cenobio
1636 3231 1698 3277 sua
1727 3215 1872 3295 cepisset
1902 3213 1990 3279 bona
2019 3214 2187 3292 conferre,
2215 3217 2417 3298 questionem
2437 3215 2460 3279 ei

455 3339 588 3384 movere
612 3318 685 3402 cepi
708 3336 809 3399 super
831 3337 899 3381 uno
924 3336 1040 3384 manso
1063 3318 1097 3382 in
1121 3317 1312 3400 Tysenosen
1344 3321 1378 3383 et
1401 3338 1502 3402 super
1524 3336 1592 3382 uno
1615 3337 1734 3382 manso
1757 3319 1792 3382 in
1816 3319 1953 3402 palude,
1977 3319 2035 3403 qui
2058 3322 2150 3386 locus
2173 3321 2262 3386 Brok
2287 3323 2415 3400 dicitur,
2435 3325 2461 3384 et

455 3427 491 3491 in
518 3425 583 3490 hiis
614 3425 739 3490 mansis
768 3428 802 3488 et
831 3425 933 3489 rebus
961 3425 1034 3490 aliis
1061 3444 1114 3488 me
1143 3425 1196 3489 ius
1224 3425 1359 3508 aliquod
1390 3426 1514 3490 babere
1549 3425 1711 3504 dicebam,
1738 3426 1874 3491 tandem
1900 3445 1980 3490 vero
2007 3429 2145 3509 propter
2174 3428 2281 3493 Deum
2309 3431 2342 3494 el
2370 3430 2461 3492 anime

454 3552 528 3596 mee
552 3533 692 3596 salutem
716 3551 777 3614 pro
800 3552 854 3596 me
878 3535 911 3596 et
933 3552 1034 3597 uxore
1058 3553 1132 3598 mea
1154 3537 1189 3600 et
1212 3535 1295 3599 meis
1318 3531 1496 3598 heredibus
1519 3531 1710 3596 renunciavi
1733 3551 1818 3614 pure
1841 3535 1876 3596 et
1899 3531 2094 3614 simpliciter
2116 3535 2208 3598 omni
2230 3555 2332 3617 quarn
2354 3536 2462 3598 habuc·

455 3658 525 3703 ram
554 3638 687 3717 actioni,
722 3639 921 3720 promittens
956 3640 1154 3705 manualiter
1189 3642 1267 3705 data
1301 3639 1367 3704 fide
1403 3657 1469 3703 una
1503 3657 1579 3702 cum
1608 3637 1744 3702 domino
1769 3639 1945 3704 Lodewico
1969 3639 2010 3703 de
2034 3640 2329 3724 Engelingeborste
2352 3661 2461 3722 suoque

454 3744 524 3808 filio
548 3744 725 3809 Lodewico
748 3764 859 3809 coram
883 3745 987 3810 nobili
1009 3747 1080 3812 viro
1103 3747 1298 3812 Burohardo
1321 3745 1443 3810 comite
1468 3745 1508 3808 de
1531 3745 1668 3828 Welepe
1692 3747 1726 3808 et
1749 3745 1883 3810 domino
1902 3745 2046 3811 Henrico
2070 3747 2111 3811 de
2130 3746 2313 3831 Homborg‚
2336 3765 2462 3831 quorum

455 3850 563 3932 sigilla
586 3851 798 3933 presentibus
834 3853 957 3934 apponi
986 3853 1111 3935 rogavi,
1139 3854 1231 3936 quod
1266 3854 1445 3918 claustrum
1476 3851 1681 3915 antedictum
1709 3871 1810 3932 super
1838 3852 1967 3916 decima
1994 3851 2029 3915 iu
2060 3854 2236 3936 Mundere,
2267 3855 2415 3920 domibus
2435 3855 2461 3914 et

455 3957 553 4039 agris
576 3959 712 4038 mansio,
736 3960 1006 4040 possessionibus
1030 3963 1197 4044 rebusque
1224 3959 1403 4024 mobilibus
1428 3977 1487 4022 seu
1513 3955 1728 4022 inmobilibus
1758 3959 1888 4039 prefato
1919 3959 1992 4024 loco
2020 3958 2146 4024 collatis
2175 3960 2244 4025 sive
2267 3959 2462 4026 conserendis

454 4085 474 4128 a
489 4068 672 4129 memorato
689 4064 792 4129 milite
808 4067 942 4130 domino
960 4067 1139 4132 Godelrido
1162 4087 1290 4149 suaque
1307 4067 1446 4148 coniuge
1470 4064 1605 4130 domina
1628 4066 1810 4145 Margareta
1831 4064 1930 4128 eliam
1951 4065 1987 4128 in
2010 4065 2085 4145 hiis,
2101 4086 2167 4148 que
2186 4068 2291 4132 radhe
2307 4069 2463 4132 vocantur.

453 4190 626 4255 nunquam
651 4172 692 4235 de
716 4175 826 4237 cetero
850 4173 1044 4239 molestabo.
1092 4173 1233 4256 Insuper
1257 4193 1331 4238 cum
1362 4171 1517 4237 omnibus
1549 4170 1663 4236 amicis
1690 4171 1774 4235 meis
1797 4170 1906 4236 locum
1936 4172 2047 4254 ipsum
2071 4175 2236 4254 quantum
2259 4177 2374 4257 potero
2397 4191 2462 4254 pro-

453 4278 604 4342 movebo.
652 4277 761 4359 Super
788 4278 850 4343 hac
880 4279 1055 4344 securitate
1082 4279 1222 4344 firmiter
1248 4280 1457 4343 observanda
1484 4277 1585 4342 iidem
1614 4277 1779 4342 dederunt
1800 4277 1991 4342 Waltherus
2015 4279 2056 4343 de
2081 4279 2202 4343 Zersne
2230 4279 2326 4346 miles
2358 4283 2390 4344 et
2410 4277 2462 4340 Ar-

455 4384 576 4450 noldus
600 4385 641 4448 de
665 4385 804 4459 Zersne,
833 4382 1002 4451 lohannes
1026 4384 1106 4464 Orn,
1129 4386 1290 4450 Albertus
1314 4385 1421 4465 Cron,
1450 4384 1646 4448 Lodewicus
1670 4385 1921 4464 Rumescotele‚
1946 4385 2125 4466 Wiscelus;
2160 4386 2207 4450 hii
2236 4387 2336 4452 ambo
2359 4385 2462 4449 iratres

454 4493 532 4554 sunt
555 4489 735 4554 Everhardi
759 4489 870 4554 militis
894 4490 956 4556 bec
979 4492 1057 4556 data
1084 4491 1151 4557 lide
1179 4491 1412 4575 promittentis
1462 4490 1505 4555 Et
1528 4489 1575 4553 hii
1603 4509 1718 4554 omnes
1747 4489 1894 4554 Mindam
1921 4489 2054 4556 venient
2081 4491 2169 4556 infra
2192 4491 2381 4575 quindecim
2403 4489 2462 4554 dies

453 4615 473 4660 a
495 4599 647 4679 tempore
671 4596 802 4676 noticie,
826 4599 1006 4679 postquam
1029 4598 1210 4663 claustrum
1233 4599 1298 4664 hoc
1319 4601 1438 4663 contra
1464 4595 1616 4680 predicta
1644 4597 1816 4677 gravatum
1839 4594 1950 4677 fuerit,
1980 4599 2014 4661 et
2037 4597 2079 4661 de
2102 4598 2216 4664 Minda
2239 4618 2308 4664 non
2331 4597 2462 4667 exibunt,

453 4704 631 4785 antequam
655 4703 766 4768 omnia
789 4701 913 4768 fuerint
936 4703 1121 4768 emendata.
1171 4704 1268 4769 Hanc
1296 4703 1553 4787 promissionem
1576 4701 1809 4786 G(odefridus)
1837 4701 1932 4768 miles
1964 4703 2005 4768 de
2029 4703 2223 4782 Tysenosen
2254 4708 2288 4771 et
2310 4705 2462 4769 lohannes

454 4809 645 4874 Smerebart
667 4811 702 4874 et
717 4809 913 4874 Thidericus
928 4810 1091 4890 Hemlike,
1115 4811 1265 4876 advocati
1283 4809 1408 4876 domini
1426 4809 1587 4874 Johannis
1611 4807 1704 4872 ducis
1728 4808 1770 4872 de
1786 4807 2014 4891 Bruneswiclr,
2030 4811 2251 4894 personaliter
2266 4811 2462 4894 receperunt.

453 4915 575 4979 Datum
603 4915 638 4978 in
667 4915 826 4998 ludagine
861 4915 990 4983 comilis
1018 4916 1164 5000 Adolphi
1199 4937 1287 4982 anno
1315 4916 1447 4982 Domini
1470 4913 1764 4994 M⁰.GC⁰.LXXII⁰.‚
1793 4916 1829 4979 in
1860 4915 1913 4980 die
1944 4919 2134 4982 sanctarum
2164 4918 2319 4983 undecim
2348 4917 2461 4982 milium

449 5020 617 5102 virginum
640 5021 778 5085 Colonie
801 5021 1059 5104 quiescencium.

586 5124 747 5202 Aboelrrr'ft
772 5127 826 5192 dea
849 5124 901 5192 13.
924 5126 1037 5192 Jahrb.
1072 5130 1106 5191 in
1129 5127 1206 5192 Meo.
1236 5124 1310 5205 Vll,
1348 5125 1443 5205 1326,
1471 5128 1534 5212 fol.
1561 5123 1626 5188 118
1658 5127 1703 5188 im
1725 5125 1797 5212 Kpl.
1825 5126 1926 5193 sc-A.
1957 5149 1997 5192 zu
2020 5128 2169 5193 Mrinoter.
2216 5129 2407 5212 Tysenosen
2428 5129 2462 5188 ist

665 5232 745 5296 nael
779 5257 806 5297 o.
836 5230 1026 5318 Hodeobem,
1062 5232 1124 5298 Die
1145 5231 1275 5298 Dio'zeoe
1300 5231 1483 5310 BremenI,
1516 5231 1550 5296 S.
1576 5229 1640 5294 145
1675 5234 1741 5297 eine
1775 5231 1924 5319 Wrtstunp
1957 5235 2106 5299 zwtbeben
2138 5233 2272 5304 Houorf
2291 5235 2356 5300 mad
2376 5229 2462 5295 Nim-

668 5339 748 5425 burp
771 5363 801 5403 a.
825 5340 855 5406 d.
888 5337 943 5418 W.,
979 5340 1066 5405 Brol(
1089 5343 1131 5404 ier
1153 5340 1209 5404 der
1231 5339 1395 5423 Bruelrlros
1416 5339 1451 5404 S.
1477 5337 1680 5423 Studtlraqen.
