5032 6796
1034 389 1103 446 1296
2028 376 2094 442 509

1028 587 1142 667 1586.

65 718 140 791 Dus
172 716 398 808 Domlcopitcl
428 737 494 788 uoa
529 713 727 788 Osrcuhrttclc
759 714 871 786 morht
905 718 960 787 cin
992 713 1171 788 Butadniss
1204 715 1268 786 mit
1299 714 1377 786 dam
1405 714 1543 804 Gruscu
1572 715 1646 788 Otto
1679 736 1744 787 uon
1770 715 1991 808 Ruocnsherq
2022 717 2095 790 uad

305 823 372 895 dea
400 821 658 894 Ministcrtufcu
686 821 758 892 uad
784 817 945 912 Bitrpcm
973 822 1036 893 der
1062 821 1162 895 Studt
1191 821 1396 893 Ocnubratclc.
1451 821 1548 894 1296
1575 822 1763 894 December
1789 827 1849 899 22.

169 943 344 1008 Universis
360 940 533 1025 presencia
549 939 671 1004 visuris
687 958 749 1003 nos
766 938 865 1022 Hugu
881 940 1083 1024 prepositus
1107 938 1301 1005 Thidericus
1317 941 1523 1019 scolasticus,
1545 939 1743 1006 Lodewicus
1760 944 1884 1020 cantor,
1901 942 2093 1008 Gerhardns

62 1050 306 1128 thesaurarius
330 1047 495 1139 Ludierus
518 1046 561 1110 de
583 1045 820 1128 Bissendorpe,
846 1046 1061 1110 Hermannus
1085 1047 1127 1111 de
1151 1046 1399 1128 Ravensberge,
1422 1046 1593 1112 Arnoldus
1617 1046 1726 1112 dictus
1749 1047 1909 1130 lividere,
1933 1047 2093 1116 Ludolfus

64 1157 107 1222 de
123 1153 338 1236 Monasterio,
360 1153 529 1220 lohannes
546 1153 670 1232 Uncus,
694 1151 891 1216 Frededcus
908 1151 1024 1233 Ursus,
1048 1151 1239 1217 Gerhardus
1263 1151 1371 1216 dictus
1387 1151 1546 1234 Eyfelere,
1570 1151 1766 1218 Wilhelmus
1790 1154 1832 1218 de
1847 1153 2093 1238 Aschenberge‚

61 1261 144 1328 Otto
168 1263 210 1326 de
234 1261 468 1342 Ravensberge
496 1260 530 1324 et
555 1258 652 1341 Hugo
676 1260 718 1322 de
741 1257 909 1338 Goltereo,
940 1257 1090 1323 canonici
1122 1257 1260 1324 ecclesie
1288 1258 1565 1340 osnaburgensis,
1601 1258 1659 1340 qui
1685 1259 1789 1325 maior
1820 1263 1853 1324 et
1876 1259 1989 1326 sanior
2016 1281 2094 1344 pars

62 1387 183 1434 sumus
206 1366 344 1451 capituli
367 1366 505 1431 ecclesie
528 1365 721 1443 memorate,
746 1363 899 1446 cupimus
924 1383 997 1429 esse
1020 1365 1149 1444 notum,
1173 1364 1265 1446 quod
1288 1384 1349 1428 nos
1367 1366 1578 1429 attendentes
1602 1384 1622 1428 a
1644 1364 1884 1447 multiplicibus
1907 1367 2094 1447 predonum

63 1494 105 1538 ac
122 1475 266 1539 aliorum
282 1473 503 1555 malignomm
526 1471 716 1536 incursibus
739 1490 801 1536 nos
822 1489 896 1535 esse
919 1469 1009 1534 omni
1033 1471 1237 1535 defensionis
1260 1470 1386 1534 solacio
1414 1470 1590 1535 destitutos
1614 1489 1676 1534 nec
1691 1489 1792 1552 posse
1809 1470 2018 1536 commodius
2034 1492 2095 1554 per

62 1580 196 1663 aliquos
221 1578 363 1659 defendi,
392 1578 494 1643 immo
524 1596 585 1642 nec
614 1577 749 1641 omnino
778 1575 969 1656 subsistere,
998 1576 1062 1641 uisi
1091 1576 1212 1640 nobilis
1234 1575 1296 1640 viri
1320 1576 1446 1640 domini
1469 1575 1603 1641 Ottonis
1629 1576 1759 1640 comitis
1782 1576 1823 1640 de
1847 1576 2094 1660 Ravensberge,

64 1685 358 1751 ..ministerialium
382 1704 421 1749 ac
446 1683 587 1749 ..civium
612 1681 881 1765 Osnaburgensis
905 1681 1048 1748 civitatis
1073 1685 1106 1746 et
1129 1682 1279 1764 dyocesis
1303 1683 1453 1747 subsidio
1478 1686 1644 1763 tueamur,
1667 1683 1797 1766 prefato
1822 1683 1958 1748 dominu
1981 1683 2096 1748 Ottoni

60 1793 177 1860 comiti
213 1791 318 1858 nobili
350 1789 475 1856 vasallo
511 1790 651 1854 ecclesie
687 1791 802 1853 nostre
837 1791 870 1853 et
907 1788 1065 1871 predictis
1096 1787 1369 1853 ministerialibus
1399 1807 1530 1852 necnon
1558 1787 1685 1852 civibus
1717 1787 1906 1869 antedictis
1941 1790 1998 1872 qui
2027 1809 2096 1855 non

59 1901 188 1965 minori
217 1897 349 1963 vinculo
378 1897 507 1982 prefate
536 1895 674 1960 ecclesie
706 1897 820 1959 nostre
849 1899 929 1960 sunt
952 1895 1088 1976 astricti,
1118 1895 1392 1977 supplicavimus
1422 1898 1459 1959 ut
1483 1894 1605 1958 intuitu
1630 1893 1692 1959 Dei
1716 1897 1749 1958 et
1772 1893 1942 1960 fidelitatis
1966 1915 2028 1959 nos
2052 1896 2095 1962 ab

59 2007 261 2071 huiusmodi
294 2002 605 2088 perturbacionibus
641 2005 674 2067 et
707 2000 878 2066 violenciis
920 1999 1102 2066 defendere
1143 2004 1177 2065 et
1216 2004 1333 2067 contra
1366 2002 1538 2066 invasores
1577 2001 1737 2066 auxilium
1774 2001 1871 2066 nobis
1911 2002 2095 2084 inpendere

60 2114 294 2196 dignarentur.
340 2111 405 2189 Qui
438 2109 562 2174 nostris
598 2108 904 2191 supplicacionibus
933 2107 1158 2172 favorabiliter
1185 2110 1372 2172 annuentes
1400 2107 1555 2172 iuvamen
1585 2109 1619 2172 et
1641 2107 1800 2172 auxilium
1825 2107 1922 2174 nobis
1946 2111 2095 2192 prestare

59 2221 180 2284 contra
209 2219 379 2283 invasores
412 2219 445 2280 et
474 2215 684 2280 iniuriatores
713 2215 939 2296 promiserunt
970 2214 1033 2278 sub
1064 2213 1258 2278 condicione
1288 2214 1502 2297 infrascripta
1533 2213 1699 2294 videlicet,
1732 2215 1822 2297 quod
1845 2215 1910 2298 ipsi
1934 2216 2096 2281 iuvabunt

57 2347 137 2407 nos
177 2329 214 2390 ut
246 2323 324 2389 dicti
351 2324 520 2388 invasores
547 2321 645 2387 nobis
681 2321 887 2387 satisfaciant
921 2320 957 2385 in
980 2321 1085 2404 gratia
1109 2321 1161 2386 vel
1184 2321 1219 2385 in
1243 2320 1325 2386 iure.
1374 2320 1471 2397 Quod
1494 2321 1523 2384 si
1546 2339 1614 2384 non
1637 2321 1794 2403 poterint,
1830 2341 1891 2386 nos
1916 2325 1948 2386 et
1970 2323 2094 2387 amicos

57 2438 198 2498 nostros
221 2432 257 2497 in
281 2431 351 2496 suis
375 2428 621 2494 municionibus
645 2432 679 2493 et
702 2429 820 2493 castris
843 2429 1005 2493 tenebunt
1029 2431 1061 2491 et
1083 2427 1247 2492 iuvabunt
1269 2429 1386 2493 contra
1409 2426 1555 2511 prefatos
1579 2426 1627 2491 ita
1649 2429 1773 2509 tamen,
1796 2427 1887 2510 quod
1913 2447 1974 2492 nos
1996 2449 2095 2496 versa

57 2543 135 2605 vice
165 2540 200 2602 in
232 2537 387 2602 omnibus
416 2535 525 2600 causis
554 2534 794 2614 ecclesiasticis,
830 2553 914 2617 quas
943 2533 1082 2616 prefatis
1110 2534 1245 2598 domino
1273 2533 1388 2598 Ottoni
1417 2533 1527 2598 comiti
1557 2537 1591 2599 et
1618 2534 1828 2598 universitati
1863 2535 1987 2600 civium
2017 2555 2094 2619 pre-

59 2647 233 2712 dictorum
257 2647 290 2708 et
313 2641 585 2707 ministerialibus
609 2642 735 2706 eisdem
759 2642 795 2706 in
818 2642 880 2705 hoc
904 2641 1070 2726 promisso
1095 2639 1334 2704 adherentibus
1358 2640 1400 2703 ab
1424 2641 1498 2704 aliis
1522 2641 1645 2706 moveri
1680 2641 1732 2704 vel
1756 2640 1847 2723 ipsos
1871 2642 1989 2705 contra
2011 2641 2094 2707 alius

56 2772 201 2819 movere
241 2749 447 2830 contingerit,
482 2748 607 2813 nostris
643 2747 813 2813 laboribus
845 2750 877 2810 et
909 2749 1064 2830 expensis
1093 2747 1179 2812 sicut
1209 2749 1341 2811 nosmet
1372 2746 1463 2828 ipsos
1488 2745 1706 2811 defendemus
1730 2747 1876 2829 eosdem,
1912 2748 2093 2813 dummodo

57 2859 233 2925 iusticiam
267 2857 524 2938 prosequantur,
559 2854 601 2918 de
633 2873 699 2936 quo
735 2852 834 2918 fidem
870 2853 967 2918 nobis
1002 2873 1062 2917 suo
1097 2853 1220 2919 facient
1254 2854 1441 2918 iuramento
1476 2854 1539 2916 sub
1574 2852 1636 2918 hac
1667 2853 1773 2918 forma
1803 2853 1967 2936 videlicet,
2003 2855 2094 2938 quod

57 2965 221 3031 dominus
246 2964 325 3029 Otto
355 2981 464 3027 comes
493 2959 663 3044 predictus
692 2959 806 3044 euml)
833 2963 954 3042 quarta
978 2979 1079 3024 manu
1103 2959 1246 3024 militurn
1270 2962 1303 3024 et
1326 2959 1562 3025 ministeriales
1587 2979 1661 3024 curn
1685 2962 1807 3042 quarta
1830 2980 1930 3026 manu
1954 2961 2095 3026 militurn

55 3071 113 3136 vel
141 3071 379 3152 armigerorum
402 3068 468 3132 fide
493 3068 667 3151 dignorum
692 3070 725 3131 et
748 3067 837 3132 cives
861 3066 972 3151 cumt)
995 3087 1053 3131 sex
1077 3065 1221 3131 scabinis
1245 3066 1407 3130 iurabant
1430 3087 1466 3130 se
1483 3067 1616 3131 credere
1631 3065 1753 3132 iustam
1770 3085 1905 3131 causam
1921 3068 2045 3134 habere
2062 3073 2094 3135 et

56 3199 124 3242 nos
153 3196 228 3242 curn
251 3177 361 3240 tribus
385 3175 551 3242 canonicis
575 3195 615 3239 ex
639 3175 735 3239 nobis
760 3193 820 3238 nos
843 3173 965 3238 iustam
989 3193 1124 3239 causam
1147 3173 1270 3238 habere
1294 3173 1445 3236 similiter
1467 3171 1675 3238 firmabimus
1698 3173 1896 3255 iuramento,
1921 3178 1954 3240 et
1974 3179 2096 3241 extunc

59 3289 186 3349 mutuo
210 3283 307 3348 nobis
331 3281 488 3346 auxilium
512 3284 545 3345 et
569 3281 808 3361 defensionem,
833 3283 870 3344 ut
893 3279 1081 3362 predictum
1106 3283 1166 3359 est,
1191 3281 1263 3344 sine
1287 3279 1549 3344 contradictione
1573 3279 1722 3362 qualibet
1744 3281 1976 3364 inpendemus
2024 3282 2096 3347 Hec

56 3396 181 3457 autem
204 3388 316 3455 omnia
340 3391 373 3453 et
396 3388 534 3470 singula,
559 3389 596 3452 ut
619 3387 774 3470 superius
798 3390 879 3452 sunt
901 3405 1068 3469 expressa,
1101 3406 1163 3450 nos
1188 3387 1285 3468 Hugo
1310 3385 1512 3469 prepositus,
1535 3386 1733 3452 Thidericus
1757 3388 1963 3468 scolasticus
1988 3389 2095 3455 Lode-

54 3499 170 3562 wicus
196 3498 320 3576 cantor,
345 3494 537 3560 Gerhardus
560 3494 790 3559 thesaurarius
814 3493 986 3575 ceterique
1009 3495 1160 3559 canonici
1185 3492 1405 3576 suprascripti
1430 3493 1653 3577 promittimus
1680 3493 1746 3559 fide
1769 3495 1909 3577 prestita
1933 3496 2096 3578 corporali

54 3603 207 3668 firmiter
226 3601 404 3666 obseruare
422 3603 455 3666 et
469 3600 615 3666 fideliter
636 3600 829 3684 adimplere,
846 3601 1070 3684 presentibus,
1093 3602 1273 3683 postquam
1290 3599 1519 3665 confederacio
1535 3601 1622 3665 inter
1637 3600 1783 3665 nobilem
1799 3600 1908 3666 virum
1925 3603 2096 3668 dominum

55 3709 261 3789 Ottonemt)
284 3707 439 3772 comitem
463 3707 630 3792 prefatum
653 3727 693 3772 ex
717 3727 784 3772 una
807 3710 903 3789 parte
927 3709 962 3772 et
985 3707 1092 3771 dictos
1117 3707 1205 3771 cives
1229 3727 1268 3771 ex
1285 3707 1390 3771 altera
1406 3705 1492 3771 facta
1521 3706 1747 3788 exspiraverit,
1773 3707 1911 3772 minime
1933 3708 2093 3773 valituris

55 3817 97 3880 In
134 3816 231 3880 cuius
266 3814 313 3880 rei
344 3814 574 3879 testimonium
608 3813 754 3896 sigillum
787 3813 894 3878 nostri
929 3814 1066 3898 capituli
1101 3812 1317 3896 presentibus
1353 3815 1404 3876 est
1437 3831 1633 3895 appensum.
1681 3814 1804 3879 Datum
1839 3833 1928 3879 anno
1963 3814 2095 3880 Domini

55 3921 242 3986 millesimo
266 3920 493 3985 ducentesimo
517 3921 731 4002 nonagesimo
755 3923 860 4001 sextu,
885 3921 1029 3986 crastino
1052 3919 1141 3984 beati
1166 3920 1293 3984 Thorne
1317 3919 1469 4003 apostoli.

283 4025 306 4095 ¹)
325 4040 385 4080 cum
397 4025 472 4094 fehlt
491 4025 523 4080 Α.
561 4024 584 4095 ²)
604 4026 727 4080 Ottonom
739 4026 814 4094 fehlt
833 4025 865 4081 A.

203 4114 257 4180 Or.
280 4118 324 4178 im
346 4114 420 4200 th.
443 4113 549 4179 Steti.
573 4137 613 4178 zu
634 4114 783 4192 Materter,
811 4112 961 4192 Grascch.
979 4111 1180 4198 Ruucnsberq
1207 4111 1263 4177 Nr.
1279 4111 1333 4177 35.
1373 4113 1428 4176 An
1448 4111 1761 4200 Perpamcntatreijcn
1775 4119 1811 4178 in
1825 4119 1961 4180 wettrem
1985 4114 2096 4180 Wacltu

281 4223 339 4284 das
365 4220 468 4307 Sicyo!
495 4222 548 4286 dcc
579 4220 790 4287 osnabraickcr
812 4219 1026 4306 Doanlcupttela
1055 4221 1122 4303 (A).
1168 4218 1249 4284 Eine
1275 4223 1376 4284 zweita
1398 4220 1629 4305 Austertipunp
1660 4224 1719 4284 mit
1745 4221 1847 4307 obipcr
1872 4223 2101 4307 pleictlauund-

283 4328 331 4392 bis
362 4329 425 4407 aas
448 4331 575 4412 puinpe
604 4327 854 4414 Abaucichunpen
882 4332 926 4391 im
958 4325 1159 4391 Studtarclviv
1189 4348 1228 4389 zu
1255 4324 1441 4389 Oanobriick
1478 4328 1536 4389 mit
1561 4348 1699 4411 prorsam
1726 4325 1955 4414 Kopitclaicpel.
1998 4326 2094 4393 Gedr.

284 4432 400 4519 beneq,
430 4432 650 4498 Reichaorctio
673 4446 743 4499 torn.
768 4433 854 4496 XIX
884 4432 917 4499 S.
941 4431 1018 4511 623,
1049 4430 1176 4518 bosnay,
1205 4430 1313 4497 Gesclr.
1339 4432 1369 4496 d.
1394 4430 1471 4496 Gra.
1495 4456 1522 4496 o.
1547 4431 1757 4519 Roucusbcrq,
1793 4433 1866 4500 Cod.
1891 4435 1965 4519 depl.
1992 4432 2026 4498 S.
2050 4432 2094 4499 67

281 4538 341 4606 Nr.
360 4537 412 4618 70,
439 4539 598 4626 Sundboff,
623 4542 741 4606 Anh'st.
765 4539 884 4604 Oanob.
908 4541 978 4604 cccl.
1002 4561 1061 4604 res.
1084 4551 1161 4624 peut.
1186 4536 1231 4616 II,
1255 4537 1392 4624 Dvptmn.
1421 4537 1455 4603 S.
1471 4537 1548 4604 201.
1595 4538 1657 4604 Dic
1678 4540 1920 4625 qbattauende
1945 4539 2096 4606 Urkunda

271 4647 337 4731 fair
362 4648 412 4713 die
434 4645 525 4712 stadt
547 4646 733 4712 Ocnubm'iclc
762 4670 820 4710 uma
847 4645 1014 4711 umerum
1036 4645 1155 4710 Datum
1183 4646 1270 4731 θεάν.
1297 4643 1418 4729 (Statue)
1449 4645 1559 4712 Geruli.
1584 4647 1613 4711 d.
1642 4645 1737 4712 Stadt
1759 4646 1876 4712 Ocnub.
1904 4645 1929 4727 1,
1961 4646 1994 4713 S.
2020 4646 2095 4714 190.

1029 4808 1141 4888 1587.

57 4936 223 5026 Bischof
244 4937 382 5025 [aedulf
401 4959 467 5008 uon
496 4937 645 5008 Mindon
672 4937 828 5028 hestdtipt
855 4939 930 5009 eiua
964 4937 1127 5010 Urhuude
1155 4938 1215 5008 des
1243 4936 1465 5026 Drabbchots
1494 4937 1740 5008 Bonuoeuturo
1767 4959 1831 5008 von
1852 4939 1997 5028 Ruptum
2023 4937 2098 5009 und

57 5043 171 5132 zwdlt'
197 5044 344 5116 uudmcr
367 5043 541 5134 Bischrife,
568 5045 677 5115 werin
704 5046 754 5115 ste
782 5044 848 5116 dea
871 5044 1072 5116 Besuchcru
1099 5044 1162 5115 der
1181 5042 1312 5116 Kirctc
1338 5044 1377 5115 in
1395 5042 1537 5115 Riutclu
1565 5044 1664 5114 einen
1690 5044 1953 5134 despumet
1971 5044 2097 5116 Abluss

799 5151 946 5241 metica,
974 5151 1006 5222 d.
1034 5150 1067 5225 d.
1094 5147 1237 5240 Anauni
1262 5153 1367 5226 1296.

204 5266 369 5345 Abcchrift
392 5266 537 5355 Ccpuuua
557 5266 583 5346 I,
608 5265 669 5332 Nr.
685 5265 731 5330 62
751 5271 796 5331 im
815 5266 1039 5353 Bdckeburqer
1055 5268 1276 5346 Minaeum,
1300 5268 1429 5352 Auszuq
1452 5270 1487 5331 in
1502 5268 1579 5332 Mac.
1602 5264 1676 5346 Vll,
1699 5263 1814 5329 24230
1836 5269 1880 5329 ian
1895 5265 1969 5351 th.
1989 5265 2097 5334 St-A.

283 5393 323 5436 zu
344 5373 490 5440 Mduster.
