5112 6768
1123 409 1190 463 1296
2082 393 2149 457 499

118 611 296 694 pheudurn
317 607 488 688 tenebant,
512 607 555 672 ab
580 605 672 672 omui
695 625 795 671 onere
820 605 947 672 decime
970 607 1004 670 et
1026 605 1197 672 advocatie
1221 604 1343 669 liberos
1365 603 1497 686 penitus
1514 604 1547 667 et
1562 601 1726 667 immunes
1743 604 1785 668 ad
1801 601 1894 686 ipsos
1911 603 2149 692 R(ichardum)

119 719 156 782 et
178 715 370 800 lumbum)
399 733 419 778 a
448 715 537 779 bone
566 713 726 778 memorie
748 710 931 796 lothanne)
955 711 1045 776 dicto
1069 711 1150 776 Bloc
1173 731 1290 776 eorum
1314 714 1407 794 patre
1430 709 1642 776 successione
1666 709 1866 775 hereditaria
1888 710 2063 776 devolutos
2086 731 2149 795 pro

119 821 292 906 sexaginta
315 820 435 886 marcis
450 819 641 885 Bremensis
665 817 791 902 argenti
814 816 971 902 predictis
995 817 1122 882 decano
1145 820 1178 882 et
1201 817 1347 900 capitulo
1370 815 1476 881 sancti
1494 815 1626 882 Martini
1649 835 1725 880 cum
1749 814 1904 880 omnibus
1928 817 1998 882 suis
2018 817 2150 884 iuribus

119 931 156 995 et
182 927 393 1012 pertinentiis
420 925 643 992 vendiderunt
670 924 706 990 in
734 926 936 1008 perpetuum
964 923 1195 1006 possidendos,
1229 923 1366 1005 triginta
1393 924 1517 1005 iugera,
1553 943 1619 1004 que
1649 940 1784 1002 morgen
1813 923 1994 1006 vulgariter
2018 944 2148 990 nuncu-

118 1039 256 1120 pantur,
286 1053 349 1118 pro
372 1051 490 1099 manso
513 1032 655 1114 integro,
686 1029 834 1096 sedecim
857 1050 936 1095 vero
959 1029 1073 1112 iugera
1096 1049 1157 1112 pro
1180 1049 1297 1094 manso
1322 1029 1459 1095 dimidio
1487 1030 1733 1110 computantes
1765 1028 1851 1110 agris
1874 1031 1943 1094 tam
1966 1031 2150 1096 maioribus

119 1161 223 1224 quarn
252 1139 437 1206 minoribus
464 1139 508 1202 ad
538 1137 675 1203 eosdem
709 1156 860 1202 mansum
884 1139 918 1201 et
941 1135 1114 1200 dimidium
1137 1135 1382 1218 pertinentibus
1407 1135 1589 1200 numeratis
1614 1137 1646 1198 et
1671 1135 1816 1200 ostensis
1839 1155 1900 1218 per
1922 1135 2054 1218 singula
2076 1137 2150 1202 loca

120 1248 248 1312 eisdem
264 1248 390 1312 decano
407 1248 441 1310 et
455 1243 605 1327 capitulo
621 1242 727 1308 sancti
742 1243 874 1308 Martini
897 1243 932 1308 in
949 1261 1066 1325 campo
1089 1242 1218 1324 prefato
1241 1243 1343 1326 paulo
1367 1243 1445 1306 ante
1469 1240 1697 1306 venditionem
1721 1241 1912 1306 huiusmodi
1935 1243 2149 1325 presentibus

118 1353 235 1419 multis
264 1352 393 1418 civibus
417 1349 647 1416 Mindensibus
676 1350 719 1415 ad
746 1349 810 1416 hoc
836 1349 961 1414 vocatis
989 1348 1177 1431 specialiter
1204 1351 1237 1412 et
1266 1347 1399 1430 rogatis.
1445 1346 1514 1411 Nos
1543 1347 1667 1430 itaque,
1696 1350 1733 1411 ut
1761 1347 1909 1430 predicta
1936 1349 2084 1414 venditio
2109 1371 2149 1414 eo

117 1459 247 1524 firmior
275 1463 310 1523 et
338 1456 487 1523 stabilior
519 1458 720 1540 perseveret,
754 1455 992 1540 proprietatem
1016 1455 1197 1519 eorundem
1221 1453 1328 1518 mansi
1352 1457 1385 1518 et
1410 1453 1535 1518 dimidii
1560 1453 1601 1518 de
1625 1473 1792 1518 consensu
1816 1454 1932 1519 decani
1956 1456 1989 1519 et
2013 1456 2150 1540 capituli

118 1566 260 1632 ecclesie
289 1567 402 1630 nostre
426 1563 609 1628 Mindensis
639 1562 797 1646 predictis
826 1563 952 1627 decano
982 1563 1015 1625 et
1042 1561 1188 1643 capitulo
1216 1559 1322 1626 sancti
1344 1559 1478 1624 Martini
1506 1579 1566 1640 pro
1590 1579 1710 1624 novem
1733 1559 1863 1640 marcis,
1898 1580 1982 1644 quas
2010 1561 2043 1626 in
2069 1583 2151 1629 usus

118 1674 156 1737 et
177 1671 356 1736 utilitatem
378 1669 519 1736 ecclesie
542 1672 656 1734 nostre
680 1667 901 1732 convertimus
924 1668 1031 1751 ipsius
1048 1667 1187 1733 ecclesie
1202 1669 1317 1733 nostre
1335 1666 1448 1732 debita
1464 1666 1641 1745 solventes,
1664 1666 1923 1732 irrevocabiliter
1938 1670 2151 1736 vendidimus

117 1780 284 1860 perpetuo
314 1775 553 1858 possidendam
584 1774 734 1856 ipsorum
763 1775 871 1838 mansi
895 1777 926 1838 et
951 1773 1077 1839 dimidii
1123 1773 1305 1838 dominium
1328 1774 1364 1837 in
1387 1772 1570 1857 predictam
1595 1773 1701 1837 sancti
1725 1772 1854 1837 llartiui
1879 1773 2049 1840 ecclesiam
2074 1796 2149 1841 curn

119 1883 279 1948 omnibus
302 1883 373 1947 suis
396 1881 526 1947 iuribus
549 1880 790 1946 transferentes
814 1899 852 1944 ac
874 1880 1035 1945 iacientes
1058 1883 1194 1963 pactum
1217 1900 1279 1962 pro
1303 1879 1400 1944 nobis
1424 1883 1458 1942 et
1481 1879 1727 1944 successoribus
1743 1881 1866 1944 nostris
1882 1883 1917 1945 et
1934 1901 1995 1963 pro
2011 1883 2150 1948 ecclesia

117 1991 236 2056 nostra
259 1988 424 2053 Mindensi
457 1988 497 2052 de
522 2007 589 2052 nun
613 1986 798 2068 repetendo
823 1985 962 2050 ulterius
985 1986 1224 2068 proprietatem
1248 1986 1433 2068 predictam
1457 1988 1490 2050 et
1513 1986 1745 2050 renunciantes
1769 1987 1859 2050 omni
1882 1986 1964 2052 iuris
1987 1988 2150 2054 beneficio

119 2095 273 2161 canonici
297 2097 330 2158 et
352 2094 466 2176 civilia,
502 2114 562 2176 per
584 2095 674 2177 quod
698 2093 846 2175 predicte
870 2092 1084 2176 proprietatis
1106 2091 1253 2156 venditio
1276 2093 1385 2157 valeat
1409 2092 1620 2174 aliquatenus
1645 2092 1776 2156 irritari.
1824 2094 1912 2159 Sane
1935 2095 2150 2178 proprietatis

117 2203 227 2286 ipsius
258 2201 454 2266 venditione
485 2199 570 2264 iacta
594 2198 783 2264 Riclrardus
816 2201 850 2262 et
871 2198 1017 2264 lacobus
1048 2198 1188 2281 predicti
1220 2201 1254 2262 et
1277 2197 1456 2281 Lutburgis
1480 2218 1576 2262 soror
1597 2199 1748 2280 ipsorum
1772 2200 1914 2282 innupte
1938 2205 1972 2265 et
1996 2202 2060 2266 due
2085 2201 2149 2266 alie

118 2328 253 2375 sorores
288 2308 438 2391 ipsorum
471 2305 662 2388 Walburgis
695 2308 729 2369 et
756 2304 881 2370 Alsidis
916 2305 1070 2369 maritate
1102 2306 1143 2369 de
1170 2323 1337 2368 consensu
1376 2303 1572 2368 maritorrun
1608 2325 1745 2369 suorum
1776 2306 1932 2372 videlicet
1962 2308 2150 2373 Hermanni

119 2415 201 2480 dicti
226 2414 353 2479 Crusen
381 2417 415 2478 et
439 2412 603 2495 Asscyini,
633 2411 691 2494 qui
720 2414 894 2493 presentes
921 2415 1026 2492 erant,
1057 2431 1212 2476 mansum
1240 2413 1274 2476 et
1301 2411 1476 2475 dimidium
1504 2411 1652 2493 prefatos
1681 2412 1716 2475 in
1746 2413 1899 2478 manibus
1923 2415 2149 2496 predictorum

118 2520 240 2584 decani
270 2524 304 2584 et
332 2519 468 2602 capituli
498 2518 605 2584 sarrcti
628 2518 760 2581 Martini
789 2537 864 2581 cum
897 2517 1051 2581 omnibus
1080 2518 1148 2580 suis
1176 2517 1388 2600 pertinentiis
1417 2517 1636 2598 resignarunt.
1685 2518 1836 2603 Cumque
1865 2521 2040 2585 memorati
2065 2521 2150 2585 Her-

117 2645 266 2691 mannus
297 2629 330 2690 et
353 2627 537 2690 Asscvinus
568 2626 842 2706 recognoscerent
872 2623 935 2686 sibi
967 2622 1066 2686 nichil
1096 2624 1177 2688 iuris
1208 2628 1398 2706 competere
1428 2624 1463 2687 in
1488 2625 1612 2688 eisdem
1636 2644 1753 2691 manso
1778 2627 1811 2689 et
1834 2626 1971 2693 dimidio
1994 2647 2056 2692 nec
2080 2629 2149 2693 suis

117 2732 303 2797 heredibus
339 2737 409 2796 tam
443 2732 530 2797 natis
558 2750 659 2813 quarn
690 2729 795 2794 eciam
822 2727 1009 2810 nascituris,
1040 2729 1228 2794 Richardus
1259 2735 1293 2795 et
1320 2729 1463 2796 lacobus
1494 2729 1612 2795 fratres
1642 2731 1760 2814 prelati
1790 2733 1915 2797 decano
1944 2736 1977 2797 et
2005 2734 2150 2816 capitulo

118 2840 229 2904 sancti
252 2837 383 2904 Martini
406 2837 590 2902 Mindensis
619 2836 859 2918 promittebant
889 2855 951 2919 pro
980 2855 1015 2899 se
1043 2838 1077 2900 et
1104 2835 1172 2899 suis
1200 2835 1380 2901 heredibus
1409 2837 1450 2901 de
1478 2835 1574 2901 dictis
1598 2858 1715 2902 manso
1739 2841 1772 2902 et
1795 2838 1932 2903 dimidio
1956 2842 2014 2904 aut
2037 2839 2151 2923 aliqua

116 2945 274 3028 ipsorum
304 2948 400 3026 parte
430 2945 522 3009 litem
550 2943 602 3008 vel
633 2943 842 3026 questionem
867 2942 934 3007 ullo
957 2945 1108 3024 tempore
1132 2962 1200 3006 non
1225 2942 1347 3007 inferre
1372 2962 1432 3007 nec
1455 2942 1609 3007 inferenti
1633 2944 1832 3024 consentire,
1868 2948 1902 3010 et
1925 2946 1952 3010 si
1977 2966 2043 3028 quo
2066 2950 2150 3011 tern-

116 3071 206 3135 pore
228 3051 268 3116 lis
293 3050 344 3114 vel
369 3050 596 3116 controversia
620 3051 677 3113 aut
700 3049 831 3131 questio
856 3049 982 3113 decano
1006 3051 1041 3113 et
1064 3049 1210 3132 capitulo
1235 3048 1277 3112 ab
1301 3048 1468 3131 aliquibus
1492 3069 1551 3114 seu
1576 3052 1617 3113 ab
1642 3051 1752 3133 aliquo
1776 3071 1837 3116 suo
1860 3053 1983 3117 herede
2006 3053 2058 3117 vel
2083 3073 2150 3120 non

116 3159 245 3222 herede
274 3176 475 3240 quocunque
503 3157 604 3220 modo
627 3156 801 3220 moveatur
824 3175 926 3238 super
949 3154 1076 3220 eisdem
1099 3175 1217 3221 mansu
1241 3159 1273 3219 et
1297 3154 1433 3219 dimidio
1457 3160 1515 3221 aut
1538 3155 1652 3239 aliqua
1674 3157 1826 3240 ipsorum
1848 3161 1954 3240 parte,
1989 3159 2150 3241 sepedicti

117 3264 347 3346 R(ichardus)‘
371 3266 404 3327 et
427 3262 600 3346 Ja(cobus)
628 3263 757 3345 pretate
786 3261 923 3326 ecclesie
951 3261 1056 3325 sancti
1080 3261 1213 3326 Martini
1242 3262 1284 3326 de
1308 3261 1470 3326 evictione
1494 3264 1659 3328 cavebunt
1683 3268 1718 3328 et
1740 3263 1848 3346 ipsam
1872 3264 2047 3329 ecclesiam
2071 3285 2151 3330 con·

116 3371 304 3435 servabunt
326 3370 459 3454 penitus
484 3369 555 3434 siue
579 3369 735 3450 dampno.
776 3369 820 3432 Ut
843 3370 955 3433 autern
978 3368 1141 3451 premissa
1164 3369 1275 3434 omnia
1299 3373 1332 3433 et
1355 3369 1485 3451 singula
1500 3372 1662 3454 perpetue
1677 3368 1843 3434 firmitatis
1860 3371 1961 3435 robur
1977 3371 2153 3436 obtineant

117 3477 249 3540 decano
279 3479 312 3541 et
340 3476 484 3559 capitulo
516 3475 622 3540 sancti
646 3474 778 3539 Martini
806 3474 995 3555 sepedictiS,
1024 3495 1163 3557 presens
1189 3475 1348 3557 scriptum
1379 3475 1485 3558 sigillo
1510 3481 1623 3542 nostro
1647 3479 1682 3540 et
1705 3475 1822 3542 maiori
1846 3476 1953 3559 sigillo
1977 3478 2093 3543 decani
2118 3481 2153 3542 et

117 3583 260 3665 capituli
292 3582 431 3648 ecclesie
458 3584 572 3648 nostre
595 3581 781 3645 Mindensis
810 3580 965 3645 duximus
996 3581 1232 3646 roborandum.
1280 3582 1350 3646 Nos
1375 3582 1539 3647 Geroldus
1569 3584 1716 3648 decanus
1747 3588 1780 3647 et
1803 3583 1988 3665 capitulum
2013 3585 2153 3648 ecclesie

116 3689 307 3753 Mindensis
330 3691 606 3772 recognoscentes
630 3707 691 3751 nos
716 3689 751 3751 in
775 3687 875 3751 domo
899 3687 1080 3769 episcopali
1104 3687 1316 3769 supradictis,
1347 3691 1384 3753 ut
1407 3689 1606 3770 premissum
1631 3691 1691 3770 est,
1716 3689 1908 3754 interfuisse
1932 3710 1970 3755 ac
1994 3690 2151 3756 omnibus

117 3799 155 3858 et
185 3794 325 3877 siugulis
354 3794 564 3859 consensisse
597 3795 742 3876 sigillum
766 3794 873 3858 maius
898 3793 1035 3858 ecclesie
1059 3798 1174 3859 nostre
1197 3794 1412 3876 presentibus
1436 3795 1590 3860 duximus
1614 3795 1862 3879 apponendum.
1910 3795 2027 3860 Testes
2050 3796 2153 3861 huius

116 3901 170 3964 rei
199 3904 291 3965 sunt:
324 3900 515 3965 Gerhardus
545 3899 742 3965 domicellus
772 3899 895 3964 nobilis
917 3899 1111 3964 Advocatus
1142 3901 1183 3964 de
1207 3901 1329 3980 Monte,
1352 3899 1568 3966 Bernhardus
1592 3905 1702 3965 rector
1726 3903 1865 3966 ecclesie
1889 3901 1924 3964 in
1949 3901 2152 3984 Apelderen,

116 4007 313 4072 Gerhardus
338 4010 446 4072 rector
469 4007 607 4072 ecclesie
630 4007 665 4070 in
687 4005 866 4085 Bocenem,
890 4004 1127 4069 Helembertus
1144 4005 1353 4070 Camerarius
1376 4005 1481 4085 miles,
1506 4007 1682 4071 Conradus
1707 4007 1748 4071 de
1765 4006 1985 4090 Gripeshope,
2008 4006 2151 4072 Adolfus

115 4113 232 4178 dictus
255 4113 382 4178 Knicke
404 4112 519 4177 famuli
544 4118 578 4178 et
601 4112 658 4177 alii
681 4112 930 4195 quamplures.
978 4110 1139 4196 uatum2)
1161 4113 1274 4176 Minde
1298 4112 1351 4176 die
1375 4115 1408 4178 et
1431 4132 1519 4177 anno
1542 4113 1676 4178 Domini
1700 4113 1911 4196 supradictis,

337 4219 358 4288 ¹)
378 4217 438 4270 Oc:
459 4220 534 4271 sitas.
573 4217 595 4288 ¹)
619 4217 673 4271 Von
691 4217 750 4270 hier
769 4217 802 4268 ab
821 4217 849 4268 io
866 4233 980 4285 procrea
998 4217 1249 4270 Zuischenriimnen
1268 4216 1334 4270 iiber
1353 4217 1394 4270 die
1413 4235 1499 4286 parrae
1518 4218 1604 4270 Zeila.

254 4305 308 4372 Or.
332 4309 377 4369 im
399 4306 471 4392 qu.
499 4305 603 4372 sn-A.
626 4329 666 4370 zu
694 4307 840 4383 ruslaer,
865 4330 889 4370 a.
908 4305 1028 4370 dlarte'u
1051 4308 1086 4368 in
1102 4305 1229 4369 Mioden
1252 4303 1310 4371 Nr.
1327 4303 1380 4372 34.
1428 4305 1525 4371 Beide
1551 4306 1654 4392 Sieqet
1676 4305 1760 4372 nebu
1776 4307 1979 4393 Borestiqunq
2002 4309 2149 4374 vertum.

333 4411 486 4477 Drwa'lrnt
524 4410 628 4498 Wectf.
654 4409 914 4476 Ρνουίηείαί-Βὶἱ.
939 4409 987 4489 II,
1016 4409 1046 4489 l,
1078 4409 1112 4476 S.
1136 4410 1179 4474 64
1207 4408 1267 4474 Nr.
1293 4409 1366 4476 149.
1413 4413 1568 4481 hlerteslo
1591 4416 1633 4476 iat
1655 4415 1712 4477 wol
1734 4417 1778 4476 im
1810 4411 1852 4476 W.
1876 4435 1934 4477 con
1958 4414 2086 4479 Minden
2107 4438 2148 4479 zu

335 4519 458 4598 mian,
482 4520 548 4583 und
569 4530 658 4583 uhter
681 4520 814 4602 Heythe
837 4515 936 4582 Heide
960 4517 1010 4580 bei
1031 4515 1243 4602 Rotlvenuffeln
1266 4540 1305 4581 zu
1326 4519 1492 4596 uersatum,
1516 4520 1576 4604 aql.
1602 4519 1679 4582 auct
1703 4519 1777 4584 oben
1802 4517 1861 4582 Ne.
1885 4517 1961 4583 967.

1082 4712 1192 4794 1567.

112 4841 281 4914 Declvunt
309 4842 382 4913 und
408 4840 627 4932 Dornkapilel
654 4863 719 4912 oon
748 4841 897 4912 Mindon
925 4840 1100 4914 detundere
1128 4843 1194 4913 den
1230 4843 1384 4931 Vertuut
1409 4845 1502 4914 anes
1529 4843 1670 4915 Huuses
1697 4845 1735 4915 lu
1763 4843 1913 4916 Mindon
1939 4843 2013 4917 uad
2033 4845 2150 4918 Gratu-

466 4948 679 5038 dungalum
706 4949 961 5019 Anutucrsares
987 4970 1052 5018 uus
1079 4949 1266 5020 demselbeu
1293 4948 1423 5024 Haase.
1478 4948 1580 5021 1296
1608 4949 1713 5041 April
1743 4949 1801 5020 14.

228 5065 390 5132 Geroldus
414 5067 560 5132 decanus
584 5071 618 5131 et
640 5066 822 5150 capitulum
845 5066 983 5131 ecclesie
998 5066 1180 5132 Mindensis
1204 5069 1361 5133 omnibus
1384 5068 1448 5133 hoc
1471 5069 1633 5152 scriptum
1651 5067 1770 5134 visuris
1786 5070 1929 5134 salutern
1944 5070 1979 5134 iu
1995 5070 2149 5138 Domino.

113 5171 300 5252 NoveritiS‚
329 5173 420 5254 quod
448 5172 637 5240 constitutis
663 5173 700 5237 in
727 5174 842 5237 nostra
872 5173 1040 5256 presentia
1063 5173 1214 5240 iohanne
1239 5175 1280 5239 de
1304 5174 1529 5258 Dungherden
1554 5173 1659 5241 milite
1683 5194 1723 5240 ex
1749 5195 1815 5240 una
1838 5177 1943 5259 parte,
1972 5177 2149 5259 Ryehardo

112 5277 242 5345 Jacobo
273 5278 431 5342 tratribus
463 5278 561 5344 dictis
584 5279 687 5345 Bloch
711 5281 744 5344 et
767 5278 931 5361 Lutburgi
954 5281 1059 5343 matre
1082 5279 1231 5362 ipsorum
1253 5279 1335 5346 Bloc
1366 5299 1405 5344 ex
1428 5279 1532 5346 altera
1555 5280 1644 5345 idern
1667 5282 1762 5347 miles
1787 5281 1911 5348 eisdem
1935 5281 2093 5346 fratribus
2116 5285 2148 5348 et

111 5383 218 5451 matri
249 5385 401 5468 ipsorum
433 5385 582 5450 vendidit
616 5387 753 5450 domum
789 5403 891 5450 unam
921 5404 997 5449 curn
1025 5387 1097 5449 orto
1126 5388 1160 5451 et
1186 5388 1336 5470 pomerio
1364 5386 1605 5468 adiacentibus
1640 5387 1711 5452 sitis
1740 5406 1846 5470 prope
1875 5387 2010 5454 domum
2041 5388 2153 5472 ipsius

1863 5513 1930 5578 63*
