5022 6778
1038 419 1106 474 1300
2029 404 2095 468 537

1029 617 1146 695 1669.

66 744 159 834 (irat
194 747 270 819 Otto
297 766 360 816 von
395 745 515 835 Wtitpc
540 743 678 816 scienti
705 743 781 815 dem
809 740 862 820 Kt.
890 743 1040 816 Loccum
1065 746 1149 816 awai
1176 743 1300 832 Hutca
1326 745 1365 816 in
1393 744 1534 816 Do'ttren
1561 743 1803 836 (Dornadhe),
1833 744 1952 817 welche
1979 745 2098 818 Rittcr

403 850 547 923 Gerbert
571 856 721 941 nunaunt
747 851 935 922 Rosemuat
960 874 1026 923 uon
1052 851 1124 921 itm
1150 873 1194 921 au
1221 850 1320 922 Lata
1344 857 1506 942 aetraqen
1531 851 1600 924 tot.
1654 854 1759 923 1300.

202 967 299 1033 Naclt
320 969 388 1032 dem
410 966 579 1032 Loccumct·
602 967 721 1053 Kopion
746 965 780 1032 S.
796 965 863 1031 217
885 966 944 1032 Nr.
959 966 1028 1031 333
1049 969 1135 1053 ycdr.
1159 992 1186 1032 v.
1211 966 1408 1054 Hodenbctq,
1435 966 1641 1053 Catenberyer
1669 966 1740 1032 ΠΒ.
1765 969 1858 1032 Atta.
1881 967 1943 1048 ΙΙΙ,
1970 968 2003 1037 S.
2027 968 2095 1033 331

282 1073 343 1140 Nr.
365 1073 443 1153 533,
466 1099 492 1140 o.
520 1073 678 1161 Spc’tclcar,
696 1074 806 1140 Gccclt.
831 1074 861 1139 d.
886 1073 961 1139 Grr.
984 1098 1012 1138 υ.
1044 1072 1144 1160 Wotpe
1166 1073 1199 1138 S.
1222 1072 1299 1140 264.

1028 1272 1144 1349 1670.

62 1399 132 1469 Dic
163 1399 361 1471 Rotsterrn
393 1421 458 1470 voa
486 1353 637 1470 Mintien
670 1399 831 1471 orsochon
864 1400 920 1471 dte
952 1422 1018 1471 oon
1054 1399 1259 1489 umanum,
1294 1401 1390 1471 ihrer
1423 1401 1602 1490 Buryeria
1631 1399 1798 1490 Irmqorci
1825 1400 2023 1472 Schiuescte
2049 1424 2097 1473 zu

98 1505 216 1576 itrem
244 1505 350 1577 Gelda
375 1528 420 1576 aa
444 1504 626 1595 vernum,
655 1506 720 1591 das
746 1508 797 1578 sic
824 1506 901 1577 dem
926 1505 1066 1578 Jottunn
1094 1506 1215 1578 active
1239 1506 1391 1595 qettcttcn
1426 1506 1494 1577 tot.
1552 1506 1589 1578 0.
1617 1506 1652 1577 J.
1683 1504 1800 1599 (Euda
1828 1507 1887 1576 ctas
1913 1507 2051 1598 Jatrt.)

172 1624 261 1689 Viris
284 1625 505 1708 prudentibus
529 1629 562 1690 et
585 1626 735 1691 honestis
759 1623 925 1690 ..scabinis
949 1627 982 1689 et
1006 1625 1221 1690 ..consulibus
1245 1624 1591 1708 Osnabmrgensibus)
1616 1625 1770 1690 consules
1792 1625 1981 1690 Mindenses
2002 1625 2095 1708 quic-

59 1729 144 1812 quid
171 1733 314 1813 possunt
337 1731 539 1813 beneplaciti
561 1734 594 1796 et
616 1731 762 1795 honoris.
810 1732 1002 1813 Conquesta
1024 1732 1075 1794 est
1097 1731 1195 1795 nobis
1218 1731 1429 1815 Ermegardis
1455 1731 1557 1796 vidua
1573 1731 1774 1796 Schivesche
1798 1731 1943 1796 concivis
1967 1736 2095 1813 nostra,

59 1837 155 1918 quod
187 1837 356 1901 iohannes
391 1837 499 1902 dictus
527 1837 646 1902 Schive
674 1837 844 1921 piivignus
875 1837 1025 1902 eiusdem
1054 1837 1154 1903 vidue
1188 1841 1270 1921 aput
1299 1858 1359 1901 vos
1388 1857 1527 1902 manens
1560 1838 1596 1902 in
1621 1838 1770 1921 quinque
1795 1839 1915 1905 marcis
1938 1841 2095 1904 teneatur

56 1943 184 2023 eidem,
218 1962 302 2026 quas
334 1943 447 2026 sepius
477 1944 624 2008 monitus
654 1947 687 2008 et
716 1946 849 2026 rogatus
880 1944 1008 2010 solvere
1038 1964 1108 2008 non
1139 1946 1275 2009 curavit.
1323 1945 1494 2028 Rogamus
1529 1943 1630 2028 igitur
1665 1944 1914 2027 providentiam
1948 1947 2093 2010 vestram

58 2050 205 2129 attente,
233 2049 392 2132 quatinus
420 2051 577 2133 equitatis
604 2051 726 2116 intuitu
758 2053 791 2115 et
818 2070 956 2135 precum
987 2052 1178 2116 nostrarum
1205 2053 1360 2133 respectu
1395 2051 1584 2133 predictum
1607 2050 1793 2117 iohannem
1825 2052 1868 2116 ad
1891 2051 2094 2118 solutionem

56 2155 217 2239 predicte
248 2156 390 2239 pecunie
421 2155 599 2222 efficaciter
628 2157 806 2223 inducatis.
853 2157 925 2223 Hoc
954 2159 1045 2241 apud
1074 2178 1134 2222 vos
1168 2161 1202 2223 et
1232 2160 1362 2222 vestros
1393 2157 1577 2240 promereri
1609 2159 1799 2223 curabimus
1829 2159 1865 2223 in
1890 2177 1970 2224 casu
1994 2157 2095 2223 simili

56 2267 90 2326 et
113 2261 251 2326 maiori.

199 2365 268 2445 Or„
294 2367 522 2453 yesclcloasener
543 2367 647 2448 Bricf,
682 2372 727 2432 im
751 2367 953 2434 Stodtarcltio
978 2391 1018 2434 au
1044 2367 1224 2433 Omahmiclc
1252 2367 1330 2436 XII.
1357 2367 1397 2436 Ε.
1421 2369 1453 2446 2,
1486 2369 1547 2446 auf
1572 2371 1628 2436 dor
1660 2367 1823 2434 Rsiclcseite
1853 2368 2095 2456 Sieyetahdruclc

280 2473 463 2542 erkennbar.

151 5533 252 5580 Wastt
265 5534 403 5581 Uria-Buch
416 5537 457 5584 VI.
