5086 6768
434 478 504 542 380
1428 481 1497 540 1280

436 710 498 774 per
521 688 738 753 substitutum
762 684 879 768 ipsiuS,
910 686 1012 767 prout
1035 683 1099 748 sibi
1122 683 1289 747 videbitur
1317 681 1490 764 expedire,
1518 682 1729 764 iuratusque,
1760 701 1846 763 quos
1877 682 2025 746 decanus
2056 684 2182 747 ratione
2211 683 2415 766 prelationis
2439 683 2463 746 in

436 795 582 878 capitulo
605 812 666 877 pro
689 792 809 857 ceteris
840 790 1006 855 canonicis
1039 790 1216 872 ampliores
1248 787 1422 853 consuevit
1453 787 1612 870 recipere,
1642 788 1764 852 dehinc
1794 789 1882 852 inter
1912 788 2005 870 ipsos
2034 789 2196 854 decanum
2225 793 2259 854 el
2285 791 2464 856 canonicos

437 902 601 986 equaliter
624 899 826 963 dividantur.
872 897 972 961 Dabit
996 895 1094 961 etiam
1123 895 1269 960 decanus
1293 895 1334 959 de
1358 893 1496 958 ecclesia
1518 894 1554 958 in
1575 894 1703 958 Aleden
1728 895 1872 977 capitulo
1897 895 1990 960 Nove
1998 895 2027 980 5)
2050 895 2192 960 civitatis
2216 897 2298 961 duas
2322 916 2464 977 marcas,

435 1027 581 1092 quarum
605 1025 706 1071 unam
730 1003 898 1087 persolvet
925 1003 961 1067 in
984 1003 1211 1068 anniversario
1235 1003 1323 1066 bone
1347 1001 1509 1064 memorie
1534 1000 1660 1064 domini
1684 1001 1846 1083 Reynoldi
1869 1001 2058 1066 fundatoris
2081 1003 2317 1067 canonicorum
2341 1023 2464 1068 eorun-

435 1117 525 1194 dem,
552 1114 650 1179 aliam
672 1111 708 1176 in
730 1110 815 1175 testo
843 1109 1029 1188 Michaelis,
1060 1128 1125 1191 que
1156 1108 1292 1190 quidem
1324 1104 1467 1180 marceit
1494 1107 1581 1171 inter
1608 1107 1700 1190 ipsos
1729 1109 1891 1173 decanum
1920 1111 1954 1172 et
1985 1108 2164 1173 canonicos
2187 1109 2350 1191 equaliter
2373 1109 2465 1174 simi

432 1220 545 1302 literss)
570 1219 776 1296 dividantur3
805 1217 995 1281 sacerdotes
1024 1215 1123 1280 etiarn
1148 1215 1301 1280 denan'os
1325 1212 1528 1296 unctionist)
1557 1216 1590 1277 et
1612 1213 1811 1279 visitationis
1834 1213 2040 1279 infirmorum
2074 1217 2107 1279 et
2130 1235 2195 1297 que
2219 1216 2415 1280 offeruntur
2437 1216 2465 1280 iu

437 1327 663 1412 peculiaribus
685 1326 720 1389 et
743 1325 778 1388 in
802 1323 876 1388 aliis
900 1321 1020 1397 missis,
1045 1341 1128 1404 quas
1151 1320 1311 1385 celebrari
1328 1321 1500 1403 contigerit
1523 1320 1558 1385 iu
1582 1319 1769 1405 ecclesia¹⁰)
1808 1319 1901 1385 Nove
1925 1320 2066 1386 civitatis
2090 1321 2207 1402 sinen)
2244 1322 2421 1388 adiutorio
2432 1321 2465 1407 ¹²)

437 1436 675 1509 ministrorum,
699 1431 762 1494 sibi
787 1430 850 1494 soli
872 1428 1034 1507 habeant,
1057 1431 1095 1492 ut
1118 1427 1196 1510 quia
1219 1427 1294 1509 plus
1324 1427 1470 1491 habeant
1498 1426 1608 1491 oneris
1632 1426 1757 1508 plusti)
1785 1427 1931 1491 habeant
1961 1429 2124 1493 commodi
2148 1431 2181 1492 et
2203 1428 2350 1494 honoris.
2402 1429 2464 1494 Sed

436 1562 479 1606 ne
504 1541 654 1606 videatur
677 1536 781 1620 lusu)
806 1535 1095 1599 archidiaconatus
1119 1535 1153 1599 in
1178 1533 1306 1597 Aleden
1330 1532 1395 1597 ledi
1418 1535 1557 1616 propter
1581 1532 1754 1596 ecclesiam
1777 1533 1813 1596 in
1830 1532 1971 1612 Aleden,
1995 1553 2060 1616 que
2084 1535 2162 1599 olim
2186 1535 2229 1599 ad
2252 1535 2464 1600 collationem

437 1645 661 1713 archidiaconi
683 1644 885 1728 pertinebat,
910 1641 1084 1706 ecclesiam
1116 1639 1374 1718 inBothsen15)
1399 1639 1495 1721 quasi
1506 1638 1548 1723 ¹⁶)
1576 1639 1830 1723 permutationis
1857 1639 1957 1704 titulo
1986 1641 2103 1704 damus
2127 1641 2418 1706 archidiaconatui
2433 1640 2464 1726 5)

433 1755 497 1819 tali
520 1753 637 1830 modo,
673 1753 711 1816 ut
739 1750 871 1814 collatio
900 1748 1006 1830 ipsius
1042 1747 1180 1811 ecclesie
1212 1747 1247 1810 in
1279 1744 1478 1826 Bothsenv)
1513 1764 1588 1809 cum
1616 1746 1784 1810 vacaverit
1819 1746 1861 1810 ad
1889 1745 2159 1812 archidiaconum
2187 1747 2368 1830 pertineat,
2410 1749 2464 1812 sed

437 1879 593 1945 persona,
618 1858 670 1922 cui
693 1856 815 1921 collata
838 1855 956 1932 fuerit,
988 1855 1107 1918 debeat
1130 1851 1296 1918 canonicis
1324 1853 1418 1917 Nove
1449 1852 1591 1917 civitatis
1615 1854 1711 1917 annis
1735 1851 1871 1934 singulis
1899 1852 1933 1917 in
1963 1856 2163 1936 perpetuum
2191 1853 2335 1918 infesto
2358 1854 2462 1918 sancti

436 1965 606 2032 Michaelis
642 1966 725 2030 duas
756 1981 882 2026 marcas
914 1959 1155 2042 Bremensislss)
1185 1960 1311 2040 argenti
1342 1979 1404 2042 pro
1433 1959 1675 2042 temporalibus
1710 1959 1908 2024 ministrare.
1959 1960 2053 2023 Idem
2083 1959 2184 2024 etiam
2212 1959 2462 2024 arciridiaconus
2541 1990 2542 2013 2

435 2074 591 2138 denarios
615 2069 790 2153 synodales
813 2069 848 2132 in
872 2068 967 2131 Nova
991 2066 1125 2131 civitate
1149 2065 1286 2147 recipiet
1309 2065 1345 2130 in
1368 2067 1580 2150 perpetuum,
1604 2084 1689 2148 quos
1705 2065 1958 2148 predecessores
1981 2066 2034 2130 sui
2058 2085 2125 2130 non
2140 2067 2329 2130 habuerunt
2353 2071 2462 2144 antea

437 2198 591 2262 quosque
622 2177 779 2241 denarios
815 2173 965 2238 canonici
996 2174 1091 2237 Nove
1122 2172 1265 2238 civitatis
1293 2172 1544 2253 acquisiverunt
1573 2171 1642 2236 suis
1669 2172 1857 2254 sumptibus
1893 2173 1935 2236 ab
1964 2173 2196 2238 archidiacono
2220 2173 2255 2234 in
2277 2171 2461 2236 Mandelslo

439 2286 550 2352 dando
574 2279 908 2366 archidiaconatum)
932 2281 967 2344 in
990 2279 1174 2344 Mandelslo
1198 2298 1351 2342 mansum
1376 2298 1480 2344 unum
1503 2279 1602 2342 situm
1626 2280 1662 2342 in
1685 2278 1764 2343 villa
1787 2279 1980 2360 Mandelslo,
2009 2299 2108 2362 quem
2132 2278 2211 2344 olim
2235 2277 2461 2358 alienaturum)

438 2395 482 2457 ab
505 2391 624 2456 eodem
647 2389 916 2454 archidiaconatu
939 2385 1081 2470 predicti
1105 2386 1199 2450 Nove
1224 2384 1366 2449 civitatis
1391 2384 1540 2450 canonici
1564 2385 1632 2450 suis
1649 2387 1930 2469 recuperaverunt
1947 2385 2116 2467 expensis3
2141 2383 2226 2470 et21)
2249 2385 2296 2449 sic
2319 2391 2461 2468 uterque

433 2498 688 2564 archidiaconus
711 2497 885 2580 permanet
908 2493 1083 2558 indemnia.
1133 2493 1196 2557 Per
1219 2492 1306 2555 hanc
1329 2493 1440 2555 autern
1462 2491 1705 2556 ordinationem
1729 2494 1878 2556 nostram
1902 2493 1943 2556 de
1965 2511 2132 2556 consensu
2149 2491 2334 2574 capitolin)
2360 2493 2459 2554 nostri

436 2624 569 2670 necnon
593 2605 635 2668 de
658 2603 787 2668 Aleden
811 2607 844 2665 et
868 2597 1051 2664 Mandelslo
1076 2599 1383 2663 archidiaconorum
1408 2597 1580 2682 factamtt)
1602 2597 1767 2677 volumus
1793 2601 1829 2662 ut
1852 2598 1981 2663 articuli
2006 2599 2151 2664 contenti
2175 2598 2209 2660 in
2233 2597 2460 2662 instrumentis
2541 2670 2543 2677 ,

439 2732 498 2777 seu
522 2710 611 2791 deli)
636 2707 831 2775 fundatione
855 2727 915 2771 seu
939 2707 980 2770 de
989 2704 1033 2790 24)
1055 2706 1275 2771 translatione
1291 2704 1528 2768 canonicorum
1550 2704 1642 2768 Nove
1665 2703 1808 2768 civitatis
1824 2705 1986 2769 consertis
1996 2703 2050 2787 ²⁵),
2074 2704 2132 2786 qui
2148 2707 2290 2785 possunt
2305 2705 2461 2768 suscitare

436 2818 612 2884 materiam
635 2813 835 2900 questionis,
869 2812 1045 2896 presertim
1081 2832 1183 2895 super
1215 2809 1534 2891 archidiaconatu²⁶)
1570 2809 1605 2874 in
1628 2810 1759 2876 Aleden
1788 2813 1820 2886 et
1855 2811 1889 2874 in
1916 2809 2065 2874 Bothsen
2099 2809 2235 2874 invalidi
2273 2809 2460 2892 nulliusque

436 2921 604 2988 firmitatis
628 2918 834 3003 existantvt),
859 2920 932 2985 aliis
956 2920 1108 2983 omnibus
1133 2919 1297 2983 contentis
1322 2918 1357 2982 in
1380 2917 1609 2980 instrumentis
1633 2915 1819 2998 eisdem28),
1844 2915 1927 2998 in29)
1952 2917 2151 2998 perpetuum
2174 2917 2335 2980 valituris.
2375 2915 2460 2979 Nulli

438 3035 550 3096 autem
574 3027 795 3110 hominum30)
819 3026 964 3106 liceatil)
997 3025 1083 3089 banc
1108 3026 1254 3090 nostram
1284 3024 1527 3088 ordinationem
1549 3022 1727 3106 infringere
1758 3023 1810 3086 vel
1835 3022 1866 3086 ei
1891 3041 1975 3087 ausu
2003 3023 2178 3086 temerario
2205 3022 2383 3086 contraire.
2428 3023 2460 3086 Si

437 3137 512 3219 quis
537 3139 648 3202 autem
677 3133 792 3218 hoc32)
821 3135 1021 3215 attemptare
1050 3130 1310 3214 presumpserit,
1345 3130 1429 3194 iram
1456 3129 1695 3211 omnipotentis
1724 3129 1784 3192 Dei
1813 3149 1848 3192 se
1876 3129 2007 3193 noverit
2032 3129 2255 3193 incursurum.
2304 3129 2342 3192 ln
2371 3129 2460 3193 cuius

437 3243 485 3308 rei
507 3241 737 3307 testimonium
765 3260 904 3323 presens
914 3239 954 3320 ³³)
986 3239 1146 3320 scriptum
1176 3237 1254 3301 inde
1286 3236 1473 3309 coniectum
1483 3235 1523 3318 55)
1558 3239 1682 3317 nostro,
1718 3235 1854 3318 capituli
1878 3235 1993 3314 nostri,
2029 3233 2174 3298 Conradi
2198 3234 2316 3298 decani
2347 3235 2460 3307 nostri,

436 3349 570 3414 Gisonis
595 3347 817 3414 archidiaconi
840 3346 875 3411 in
898 3344 1076 3428 Aleden35)
1101 3363 1229 3409 necnon
1256 3342 1392 3426 capituli
1416 3343 1510 3406 Nove
1534 3342 1673 3405 civitatis
1705 3341 1819 3424 sigillis
1853 3342 1991 3406 fecimus
2023 3340 2233 3406 communiri.
2281 3341 2403 3404 Datum
2430 3344 2460 3402 et

434 3458 549 3520 actum
573 3474 661 3518 anno
686 3453 818 3518 Domini
843 3451 1067 3532 MCCLXXX,
1091 3450 1160 3515 Vll.
1184 3448 1352 3514 Kalendas
1377 3448 1577 3513 Decembris.

654 3595 675 3665 ¹)
695 3596 727 3647 dc
748 3593 805 3649 AB.
846 3593 868 3662 5)
888 3595 1050 3646 sussitentur
1068 3591 1102 3644 A.
1141 3591 1163 3651 5)
1184 3591 1304 3643 Aledhcn
1323 3608 1348 3644 a.
1367 3591 1457 3642 imrner
1476 3589 1507 3644 B.
1546 3589 1569 3659 ⁴)
1589 3589 1727 3658 possident
1746 3588 1779 3644 A.
1818 3589 1840 3656 5)
1860 3590 1962 3656 sitaque
1982 3587 2015 3644 A.
2054 3588 2076 3658 5)
2101 3604 2168 3641 novo
2190 3590 2223 3642 A.
2263 3590 2284 3658 5)
2304 3589 2461 3641 manuaeA

759 3683 782 3754 5)
796 3681 1001 3735 similimiterA.
1040 3682 1062 3746 5)
1076 3697 1134 3732 cum
1148 3682 1235 3732 oneris
1250 3681 1283 3734 A.
1324 3678 1358 3749 ¹⁰)
1378 3679 1504 3732 acclesiae
1518 3678 1551 3734 A.
1591 3678 1626 3747 ²¹)
1639 3679 1694 3730 sive
1708 3677 1738 3731 B.
1779 3677 1813 3746 ¹¹)
1827 3679 1881 3730 siva
1895 3677 2045 3729 audiutorio
2061 3679 2093 3728 A.
2134 3677 2292 3746 ¹⁸)feleltA.
2326 3677 2461 3744 '‘lhisA.

760 3773 795 3843 55)
815 3772 943 3824 Bolthsan
962 3770 1016 3822 aad
1033 3771 1122 3822 irnmer
1141 3769 1174 3822 A.
1214 3769 1249 3838 ²⁸)
1269 3769 1365 3836 quauai
1385 3769 1419 3821 A.
1458 3766 1493 3837 55)
1512 3767 1741 3820 archidiaconatus
1760 3766 1794 3820 A.
1833 3766 1868 3836 55)
1888 3767 2027 3819 itremensi
2040 3765 2074 3819 A.
2114 3765 2150 3836 ¹⁹)
2169 3765 2355 3818 archidiacono
2375 3768 2417 3817 sui
2430 3767 2462 3818 A.

759 3862 795 3930 55)
815 3861 899 3912 aliens
920 3865 973 3912 tam
995 3859 1027 3911 A.
1084 3856 1120 3927 55)
1138 3863 1169 3909 ut
1187 3855 1246 3912 AB.
1322 3856 1358 3925 55)
1378 3856 1494 3924 capitulo
1514 3856 1548 3909 A.
1623 3855 1659 3924 55)
1679 3855 1777 3908 factum
1799 3855 1856 3910 AB.
1931 3855 1966 3924 55)
1978 3855 2053 3924 sebit
2072 3854 2128 3910 AB.
2199 3855 2235 3922 55)
2254 3856 2386 3907 consortis
2405 3854 2462 3908 AB.

758 3949 795 4018 55)
806 3949 881 4018 fehlt
899 3950 931 4000 A.
983 3947 1019 4016 55)
1038 3949 1150 4000 eristant
1168 3946 1201 4000 A.
1252 3945 1288 4014 55)
1308 3945 1424 3997 eiusdem
1444 3944 1478 3997 A.
1529 3944 1564 4014 55)
1581 3943 1650 4006 fehlt
1668 3943 1701 3998 A.
1751 3944 1787 4015 55)
1807 3945 1938 3996 hominem
1958 3944 1992 3998 A.
2042 3943 2078 4013 55)
2098 3944 2183 3996 laceat
2203 3945 2235 3996 A.
2292 3943 2328 4012 55)
2346 3945 2386 3995 sic
2405 3942 2462 3994 AB.

760 4039 795 4109 55)
814 4053 910 4108 prcaeu
929 4037 962 4091 A.
1012 4036 1050 4106 55)
1069 4041 1221 4088 convectum
1241 4035 1275 4089 A.
1333 4033 1368 4102 55)
1390 4034 1510 4086 Aladhen
1529 4035 1562 4085 A.

572 4163 666 4228 Nocti
689 4166 744 4228 der·
766 4168 800 4228 in
824 4164 899 4226 Illac.
932 4158 1004 4239 Vll,
1027 4158 1115 4222 2814
1142 4158 1176 4222 S.
1200 4154 1223 4221 6
1245 4161 1288 4221 im
1314 4157 1383 4242 Kpt.
1410 4156 1516 4222 St.-A.
1540 4181 1579 4221 zu
1602 4160 1743 4222 ilirinater
1761 4158 1819 4241 (A)
1845 4157 2045 4239 befindiiclzcn
2065 4157 2274 4235 sotterlraften
2297 4155 2464 4232 Abachra'si

652 4272 705 4336 dea
729 4270 781 4335 18.
805 4269 858 4334 Jt.
883 4273 968 4333 einer
990 4271 1010 4330 i.
1027 4265 1058 4330 J.
1078 4263 1164 4328 1596
1187 4265 1285 4328 durch
1308 4265 1367 4327 den
1388 4265 1547 4328 mindener
1563 4263 1813 4330 Domdeclronten
1829 4261 1998 4328 Eberhard
2019 4285 2077 4326 aon
2094 4261 2316 4326 Alalliackrodt
2338 4261 2463 4345 depluu-

650 4377 749 4463 biqteo
775 4376 937 4458 Abachra‘jt
960 4375 1019 4459 (A)
1042 4373 1108 4437 und
1135 4373 1190 4436 der
1212 4370 1375 4450 Abachrirt
1408 4369 1592 4434 Culcrnonna
1622 4375 1656 4434 in
1680 4371 1755 4435 Mac.
1785 4368 1819 4434 T.
1842 4369 1887 4432 25
1910 4371 1967 4434 ool.
1993 4367 2019 4444 I,
2047 4367 2080 4434 S.
2104 4367 2172 4432 320
2173 4368 2215 4452 ff
2241 4367 2299 4452 (B)
2324 4371 2366 4429 im
2387 4365 2460 4449 Kpl.

653 4484 760 4548 St.-A.
785 4507 823 4546 zu
847 4481 1022 4545 Horrnover.
1070 4479 1218 4546 Bothsen
1241 4481 1281 4542 iat
1303 4477 1523 4541 Kircliboitzen
1544 4481 1588 4540 im
1612 4476 1670 4543 Kr.
1695 4475 1929 4562 Fallinpboatel.

1396 4746 1507 4822 1196.

437 4881 543 4971 Grof
564 4880 724 4954 Gerbord
751 4903 815 4951 oon
835 4877 1066 4951 Halia-manu
1092 4876 1285 4965 atbereipnet
1313 4875 1388 4946 dem
1410 4873 1467 4944 m.
1489 4873 1637 4944 Leccam
1665 4873 1740 4942 ciret
1759 4872 1880 4961 Hufeu
1907 4873 1945 4942 ia
1965 4868 2173 4958 Warthere,
2202 4869 2260 4941 dic
2278 4867 2462 4940 Bernhard

974 4985 1093 5054 Blome
1120 4983 1189 5053 'ihm
1216 4982 1395 5070 rasipniart
1422 4979 1488 5050 bot.
1546 4978 1648 5051 1280
1675 4979 1860 5050 Darandai·
1888 4975 1946 5048 13.

574 5122 669 5187 Nam
691 5125 759 5188 dem
786 5122 839 5188 Or.
873 5124 930 5184 mit
962 5131 1019 5204 qut
1052 5119 1235 5183 erlooltooem
1268 5115 1372 5200 Sieqei
1405 5138 1446 5178 on
1476 5113 1790 5198 Perparnentatrar'fea
1823 5115 1867 5177 im
1898 5111 2016 5176 Archiv
2049 5111 2103 5176 dea
2132 5109 2185 5174 Kr.
2210 5108 2343 5174 Loccun
2372 5106 2456 5191 pair.

652 5253 679 5292 a.
704 5226 896 5310 Hodenberq,
924 5224 1130 5308 (tamberqer
1158 5223 1227 5291 ΠΒ.
1250 5222 1347 5287 Abra.
1373 5219 1435 5299 III,
1462 5221 1496 5286 S.
1520 5221 1584 5284 251
1610 5219 1670 5286 Nr.
1694 5219 1775 5298 398,
1811 5219 1946 5297 Scheidt
1984 5215 2058 5282 Vom
2079 5216 2172 5294 Adel,
2195 5215 2229 5281 S.
2256 5215 2327 5281 105.
2375 5198 2458 5276 Uber

652 5336 826 5400 Wcrthere
848 5335 908 5417 api.
934 5331 1010 5396 oben
1033 5329 1095 5398 Nr.
1122 5327 1217 5394 1095.
1265 5327 1312 5392 Im
1335 5328 1434 5392 Jatre
1459 5326 1545 5392 1290
1574 5327 1738 5392 iberacealrt
1762 5326 1838 5390 auch
1860 5323 1985 5402 Ludotf
2002 5348 2030 5389 v.
2054 5321 2279 5400 Hauemmad,
2309 5319 2457 5384 Dora-terr

653 5445 687 5505 io
710 5439 911 5518 Hildeaheim‚
935 5439 1004 5502 dem
1026 5436 1151 5502 Kloater·
1174 5438 1223 5500 cire
1249 5433 1353 5514 Giitcr,
1377 5436 1437 5520 opi.
1463 5459 1491 5498 a.
1517 5457 1547 5499 a.
1575 5433 1611 5497 O.
1639 5434 1672 5498 S.
1695 5431 1763 5496 300
1787 5431 1847 5496 Nr.
1873 5429 1948 5497 478.
