5062 6776
442 431 510 496 300
1436 439 1504 496 1270

1414 637 1505 716 967.

441 769 598 858 Bisctos
622 769 697 840 Otto
725 789 785 839 con
816 767 966 838 Mindon
993 765 1167 855 iibetrd‘pl
1194 766 1271 838 den
1299 765 1516 943 ξὲηέἒαῧιὶἷί
1538 765 1599 944 {ic}
1626 766 1696 836 itm
1722 768 1944 858 resipuiccten
1971 770 2053 841 cwei
2073 769 2194 858 Helen
2221 771 2256 841 in
2275 769 2442 846 Merteslo.

1498 895 1512 942 c
1590 927 1597 942 .

551 1009 668 1077 Frater
691 1011 771 1076 Otto
795 1009 908 1074 divina
930 1009 1148 1093 permissione
1172 1007 1353 1073 Mindensis
1376 1009 1554 1091 episcopus
1578 1009 1732 1074 omnibus
1755 1012 1928 1092 presentes
1952 1011 2079 1076 litteras
2101 1012 2299 1095 inspecturis
2321 1015 2443 1082 salutem
2519 1045 2520 1048 ¹

445 1119 480 1184 in
512 1119 654 1184 Domino
686 1117 936 1200 sempiternam.
989 1114 1075 1193 Quia
1110 1113 1220 1180 labilis
1252 1114 1424 1179 bominum
1452 1114 1636 1180 dinoscitur
1663 1135 1736 1181 esse
1762 1117 1932 1196 memoria,
1964 1119 2001 1180 ut
2030 1137 2141 1182 rerum
2168 1121 2333 1202 gestarum
2357 1125 2443 1188 series

443 1224 644 1292 immutabili
679 1223 817 1290 veritate
852 1223 1013 1289 clarescat
1040 1223 1073 1288 et
1102 1223 1145 1287 ad
1171 1224 1325 1305 posteros
1356 1219 1537 1304 perveniat,
1573 1223 1789 1288 almodernis
1817 1243 1857 1288 ea
1885 1242 1948 1306 que
1977 1225 2121 1306 aguntur
2151 1225 2185 1288 in
2219 1228 2364 1310 tempore
2388 1248 2444 1296 non

442 1331 610 1399 immerito
640 1333 886 1396 consueverunt
914 1329 1085 1394 literarum
1110 1328 1260 1412 apicibus
1284 1327 1438 1392 eternari.
1484 1327 1632 1394 Vestram
1656 1328 1755 1414 igitur
1778 1329 2029 1394 universitatem
2053 1350 2151 1395 nosse
2174 1331 2337 1414 volumus,
2360 1335 2444 1417 quod,

442 1459 520 1504 cum
547 1437 741 1530 Florencius
772 1435 959 1521 Wigravius
990 1437 1105 1499 noster
1134 1435 1217 1501 duos
1248 1454 1383 1499 mansos
1411 1433 1505 1500 iuxta
1528 1433 1682 1502 Merteslo
1710 1435 1791 1501 sitos
1819 1435 2071 1503 honorabilibus
2103 1437 2248 1502 dominis
2277 1439 2393 1504 decano
2418 1445 2444 1506 et

443 1545 590 1629 capitulo
622 1542 760 1608 ecclesie
790 1544 903 1607 nostre
933 1560 996 1624 pro
1025 1540 1246 1624 quadraginta
1275 1540 1396 1606 marcis
1425 1540 1553 1624 argenti
1575 1539 1766 1606 Bremensis
1796 1540 1930 1626 publice
1953 1543 2167 1624 vendidisset,
2199 1564 2262 1609 nos
2285 1545 2445 1628 intellecto,

441 1651 535 1735 quod
564 1649 643 1715 dicti
670 1649 779 1713 mansi
807 1648 1014 1733 pertinerent
1045 1647 1087 1712 ad
1113 1645 1269 1726 officium,
1299 1666 1366 1729 quo
1390 1645 1582 1712 nominatus
1605 1646 1791 1728 Wigravius
1815 1669 1834 1713 a
1858 1649 1954 1713 nobis
1977 1649 2041 1714 sub
2064 1668 2166 1714 censu
2191 1669 2303 1717 annuo
2325 1651 2445 1734 inpbeo
2520 1679 2521 1716 l

444 1758 543 1823 datus
567 1755 690 1837 existit,
713 1754 942 1820 vendicionem
966 1757 1072 1818 ratam
1096 1753 1220 1819 habere
1244 1751 1413 1818 noluimus
1436 1753 1649 1832 antedictam,
1673 1773 1789 1819 verum
1813 1756 1928 1820 eodem
1944 1755 2111 1838 Wigravio
2134 1758 2270 1822 tandem
2293 1776 2351 1840 per
2370 1759 2445 1822 iura-
2520 1739 2521 1776 ³

442 1867 592 1930 mentum
620 1862 804 1946 proprium,
832 1862 923 1944 quod
950 1861 980 1926 ei
1005 1861 1046 1925 de
1070 1858 1336 1924 ministerialium
1360 1861 1549 1924 nostrorum
1577 1859 1715 1925 consilio
1744 1881 1806 1944 pro
1836 1859 2014 1926 sufficienti
2042 1862 2246 1944 probacione
2278 1863 2444 1935 detulimus,

444 1969 641 2050 affirmante,
676 1969 766 2051 quod
802 1968 908 2032 dictos
938 1987 1073 2032 mansos
1103 1967 1234 2030 teneret
1265 1984 1285 2029 a
1314 1965 1411 2029 nobis
1438 1965 1536 2031 titulo
1565 1967 1689 2049 pheodi
1718 1965 1893 2049 singularis
1923 1968 1965 2032 ad
1994 1967 2194 2050 prelibatum
2225 1968 2366 2034 officium
2390 1990 2445 2035 non

444 2077 635 2161 spectantes
664 2078 698 2139 et
721 2075 811 2157 quod
835 2073 946 2139 taliter
968 2094 1008 2139 ex
1031 2073 1305 2156 predecessorum
1329 2072 1519 2136 nostrorum
1543 2071 1759 2137 concessione
1781 2093 1842 2156 per
1865 2074 2109 2139 successionem
2132 2075 2362 2140 hereditariam
2382 2096 2444 2160 per-

442 2183 614 2249 venissent
642 2183 684 2247 ad
712 2181 833 2265 ipsum,
863 2179 1024 2264 premisse
1054 2178 1243 2244 vendicioni
1266 2177 1454 2243 consentire
1482 2179 1671 2243 curavimus
1700 2182 1733 2244 et
1761 2199 1780 2243 a
1807 2180 1957 2262 predicto
1980 2179 2147 2264 Wigravio
2178 2201 2217 2246 ac
2241 2182 2338 2246 Beria
2359 2201 2445 2246 urore

444 2309 505 2354 sua
520 2289 625 2354 libera
641 2287 804 2354 dictorum
821 2306 1012 2352 mansorum
1029 2285 1254 2368 resignacione
1270 2285 1416 2366 recepta,
1438 2285 1605 2349 Harberto
1621 2286 1662 2350 de
1679 2285 1850 2352 Mandeslo
1866 2286 1970 2352 milite
1986 2286 2121 2371 suisque
2137 2288 2270 2353 duabus
2285 2289 2445 2366 sororibus

443 2394 698 2478 consanguineis
727 2394 805 2458 dicti
828 2393 997 2476 Wigravii‚
1027 2411 1138 2458 coram
1167 2391 1264 2456 nobis
1288 2410 1444 2474 expresse
1468 2391 1740 2457 renunciantibus
1764 2392 1854 2457 omui
1878 2392 1954 2474 iuri,
1984 2394 2074 2476 quod
2098 2393 2181 2476 ipsis
2203 2415 2246 2459 ex
2269 2413 2446 2478 quocunque

442 2501 540 2568 titulo
564 2503 599 2566 in
624 2501 749 2567 mansis
773 2502 963 2584 competere
986 2501 1100 2583 posset
1124 2499 1260 2579 eisdem,
1289 2498 1530 2582 proprietatem
1553 2498 1705 2580 ipsorum
1728 2518 1805 2563 cum
1828 2499 1984 2564 omnibus
2008 2499 2224 2582 pertinenciis
2250 2499 2317 2566 suis
2340 2501 2445 2566 decano

441 2612 477 2674 et
507 2608 650 2693 capitulo
679 2608 881 2688 memoratis,
916 2606 1040 2689 quibus
1069 2610 1188 2671 tenues
1222 2608 1255 2668 et
1283 2603 1385 2668 exiles
1412 2604 1602 2687 prebendas
1631 2605 1833 2670 habentibus
1864 2604 2122 2670 beneficenciam
2152 2609 2303 2672 nostram
2323 2605 2446 2670 libenter
2521 2641 2522 2686 l

445 2715 681 2798 impendimus
705 2734 781 2779 cum
805 2713 1006 2779 liberalitate
1021 2712 1184 2778 benevola
1200 2711 1353 2776 duximus
1370 2711 1614 2776 conserendam.
1654 2711 1699 2776 Ut
1714 2710 1812 2794 igitur
1827 2731 1929 2795 super
1945 2711 2118 2795 premissis
2134 2713 2229 2778 nulla
2245 2713 2281 2778 in
2296 2715 2446 2796 posterum
2521 2695 2522 2706 ἵ

443 2822 667 2888 dubitacionis
697 2821 805 2885 valeat
829 2820 972 2885 suboriri
996 2819 1145 2899 materia,
1178 2837 1319 2901 presens
1343 2817 1505 2900 scriptum
1528 2815 1600 2881 fieri
1623 2816 1761 2882 fecimus
1785 2819 1818 2882 et
1839 2820 1909 2882 tam
1932 2819 2181 2901 subscripsione
2203 2818 2341 2884 testium
2362 2837 2447 2901 quan

443 2930 552 2994 nostri
575 2927 674 3013 sigilli
704 2927 889 2993 munimine
920 2925 1081 2992 roborari.
1127 2925 1244 2990 Testes
1267 2924 1367 2989 huius
1391 2925 1437 2989 rei
1462 2927 1556 2989 sunt:
1586 2923 1760 2989 Conradus
1784 2924 1825 2988 de
1849 2924 1962 2989 Utilen
1987 2927 2019 2988 et
2042 2924 2239 2990 Tbidericus
2263 2924 2349 2990 iilius
2370 2943 2446 2999 suus,

445 3036 606 3100 Hinricus
630 3035 671 3098 de
688 3034 912 3116 Dungberden
937 3035 970 3097 et
986 3032 1179 3097 Florencius
1202 3031 1304 3095 irater
1320 3031 1437 3114 ipsius,
1462 3031 1654 3096 Gerbardus
1671 3032 1704 3094 et
1720 3031 1893 3095 Conradus
1909 3030 2028 3096 fratres
2045 3031 2085 3096 de
2103 3031 2275 3112 Lutteren‚
2297 3030 2446 3097 Iohannes

442 3144 486 3207 de
511 3142 714 3220 Barcbusen,
750 3140 947 3205 Tbidericus
971 3139 1013 3204 de
1038 3138 1251 3218 Hursebolte,
1282 3136 1421 3218 milites3
1456 3136 1599 3202 Wiselus
1629 3137 1671 3201 de
1700 3136 1857 3218 Ratbere,
1891 3135 2063 3202 Iohannes
2087 3137 2179 3214 Bloc,
2208 3138 2395 3220 burgenses
2421 3137 2447 3198 et

442 3248 500 3312 alii
528 3267 629 3330 quam
660 3247 774 3329 plures
802 3245 940 3311 ecclesie
968 3247 1081 3310 nostre
1116 3243 1237 3308 milites
1272 3244 1305 3308 et
1340 3243 1463 3309 vasalli.
1515 3245 1637 3308 Datum
1672 3246 1705 3307 et
1739 3246 1850 3308 actum
1881 3263 1970 3308 anno
2001 3243 2132 3309 Domini
2163 3243 2389 3310 M⁰.CC.LXX..
2419 3242 2446 3305 in

443 3355 555 3438 vigilia
576 3352 702 3421 Jacobi.

581 3475 749 3561 Abacbmfl
771 3477 825 3540 des
850 3475 900 3538 14.
924 3475 979 3538 Jl.
1003 3479 1037 3538 in
1061 3475 1136 3538 Mac.
1169 3471 1238 3552 VII,
1262 3473 1361 3551 2401,
1385 3471 1417 3538 S.
1444 3473 1485 3536 41
1509 3475 1552 3536 im
1576 3471 1649 3557 th
1677 3471 1783 3538 Seu.
1807 3494 1845 3536 zu
1869 3473 2017 3537 llantur.
2064 3471 2177 3557 chcat
2200 3474 2279 3539 Mac.
2298 3471 2340 3551 ΙΙ,
2365 3469 2447 3541 189α,

658 3580 717 3648 Nc.
740 3581 816 3647 359.
868 3580 962 3647 Gedr.
994 3579 1188 3658 Wcirdtccein‚
1215 3579 1309 3645 Saba.
1331 3580 1406 3666 dipl.
1427 3577 1488 3658 XI,
1511 3577 1565 3645 53.
1613 3579 1767 3646 Merteslo
1800 3577 1843 3645 W.
1863 3601 1921 3643 von
1936 3579 2063 3644 Minden
2084 3601 2123 3644 zu
2145 3579 2269 3658 auden,
2292 3580 2351 3664 opt.
2372 3587 2448 3641 auten

527 3711 529 3716 ·
658 3686 719 3753 Nc.
746 3685 832 3752 1566
865 3689 931 3752 aad
964 3689 1042 3752 auct
1071 3689 1120 3752 dic
1145 3686 1353 3772 Abbcndlunq
1377 3687 1515 3772 Moopcra
1546 3685 1624 3750 tiber·
1648 3683 1773 3748 illac-llo
1794 3689 1828 3749 in
1854 3684 2015 3750 laedebam
2040 3686 2155 3750 Archiv
2185 3683 2275 3765 VIII,
2299 3683 2331 3752 S.
2357 3681 2413 3746 173
2414 3681 2447 3766 ff

1415 3919 1510 3998 968.

526 4049 679 4140 Bisctrof
700 4049 775 4122 Otto
803 4072 866 4120 oon
898 4049 1047 4120 Mindon
1074 4047 1277 4225 bacchraicha}
1286 4049 1356 4225 'gie
1383 4046 1700 4226 ngsggrdserlungen
1727 4047 1790 4118 der
1815 4046 1932 4118 Judeu
1959 4049 1996 4118 iu
2023 4047 2086 4119 der
2113 4047 2214 4119 stadt
2243 4046 2394 4120 Mindon.

1228 4197 1244 4226 ι
1273 4157 1285 4225 i
1334 4177 1375 4225 en
1560 4155 1610 4224 ui
1663 4159 1691 4225 1.

553 4294 669 4358 Frater
691 4293 770 4358 Otto
801 4292 1021 4376 permissione
1043 4291 1156 4357 divina
1178 4291 1362 4355 Mindensis
1386 4289 1563 4374 episcopus
1587 4291 1716 4356 dilectis
1739 4291 1773 4355 in
1798 4291 1929 4355 Christo
1953 4291 2154 4370 consulibus,
2183 4289 2310 4355 civibus
2333 4291 2366 4353 et
2388 4285 2451 4352 uui·

444 4400 597 4465 versitati
621 4399 794 4464 bominum
816 4399 851 4464 in
874 4398 988 4463 Minda
1011 4399 1151 4464 salutern
1175 4397 1210 4462 in
1234 4397 1376 4463 Domino
1400 4397 1649 4479 sempiternam.
1689 4397 1773 4462 Cum
1795 4398 1831 4462 in
1854 4397 1999 4479 generali
2022 4397 2161 4464 concilio
2178 4396 2221 4462 sit
2236 4398 2402 4474 statutum,
2419 4393 2451 4455 ut

447 4507 546 4573 Judei
583 4526 700 4590 graves
725 4509 757 4570 et
780 4507 1006 4571 inmoderatas
1041 4524 1160 4570 usuras
1192 4524 1212 4568 a
1240 4503 1436 4568 Christianis
1460 4523 1528 4568 non
1551 4503 1693 4567 debeant
1716 4505 1924 4585 extorquere,
1949 4522 2011 4568 uos
2035 4503 2077 4567 de
2100 4501 2235 4585 capituli
2258 4501 2362 4568 nostri
2384 4517 2451 4563 con·

443 4613 520 4678 silio
544 4615 577 4677 et
601 4630 738 4677 assensu
762 4611 951 4690 statuimus,
975 4614 1012 4675 ut
1031 4611 1129 4677 Judei
1153 4613 1397 4676 commorantes
1420 4609 1455 4674 in
1479 4609 1610 4675 civitate
1626 4609 1789 4674 Mindensi
1814 4608 1857 4673 ab
1880 4609 1952 4674 eius
1974 4608 2149 4692 indigenis,
2173 4607 2300 4674 clericis
2316 4612 2348 4673 et
2363 4604 2451 4682 laicis,

446 4738 656 4802 nequaquam
680 4718 723 4782 ad
746 4717 966 4801 septimanam
990 4717 1032 4782 de
1055 4717 1190 4782 marcha
1211 4715 1288 4800 plus
1310 4735 1411 4799 quam
1435 4719 1577 4799 quatuor
1600 4717 1755 4781 denarios
1778 4715 1912 4781 usuales
1936 4715 2101 4799 accipiant
2124 4716 2259 4781 nomine
2281 4729 2451 4780 usurarum,

445 4825 521 4902 Quo
557 4824 644 4888 circa
678 4823 927 4889 universitatem
963 4825 1107 4889 vestram
1146 4841 1298 4906 rogamus
1334 4827 1367 4887 et
1402 4823 1574 4886 hortamur
1614 4825 1742 4888 attente
1781 4822 1815 4887 in
1851 4821 2080 4889 remissionem
2119 4823 2215 4888 vobis
2256 4819 2452 4905 pecaminum

445 4931 666 5014 iniungentes‚
701 4934 869 5014 quatenus
904 4931 947 4995 ad
977 4931 1040 4996 boc
1071 4930 1157 4995 detis
1187 4947 1324 5012 operam
1355 4927 1533 5008 efficacem,
1569 4931 1606 4994 ut
1636 4928 1827 4995 huiusmodi
1858 4932 2010 4994 nostrum
2042 4931 2204 4994 statutum
2235 4925 2452 4993 inviolabiliter

445 5038 652 5103 obseraretur.
700 5036 822 5102 Datum
846 5037 956 5102 Minde
980 5035 1021 5101 ΙΙ.
1044 5036 1214 5101 Kalendas
1236 5035 1379 5118 Augusti
1403 5053 1492 5099 anno
1516 5034 1650 5100 Domini
1674 5033 1925 5101 ltt⁰.CC⁰.LXX⁰.

583 5161 636 5226 Or.
660 5163 704 5224 im
726 5159 800 5245 Kpl.
828 5159 1165 5236 Sc.-A.zal1amcer,
1196 5157 1309 5243 Depoa.
1334 5159 1388 5222 clei·
1413 5157 1508 5222 stadt
1532 5158 1658 5223 Minden
1681 5155 1740 5223 Nr.
1767 5157 1818 5220 12.
1865 5158 1920 5221 An
1945 5157 2259 5245 Poryomentatreifcn
2281 5159 2340 5222 dos
2363 5149 2453 5237 Sicpet

659 5267 711 5332 dea
734 5266 883 5344 Biacbofa
909 5265 986 5330 (tuo.
1034 5264 1127 5331 Θεῶν.
1161 5262 1265 5342 Wectf.
1292 5263 1554 5328 Provincial-Btl.
1582 5262 1609 5343 I,
1634 5261 1712 5342 Heft
1733 5262 1765 5342 2,
1788 5262 1820 5328 S.
1848 5263 1898 5330 13.
