5168 6798
1073 481 1141 537 1246
2063 471 2127 536 133

246 674 339 741 (ἔσάν.
371 670 478 756 Weetf.
507 672 577 738 ΠΒ.
597 671 658 751 III,
685 671 718 740 8.
734 672 802 736 243
824 671 883 740 Nr.
902 670 977 751 452,
1000 697 1027 738 o.
1044 672 1192 754 Ledeia,
1218 675 1334 742 Archiv
1351 673 1411 754 III,
1435 674 1468 741 S.
1483 674 1560 741 305.
1616 675 1739 743 Werner
1760 681 1802 743 iat
1823 680 1907 745 nicht
1929 678 2126 767 Dornpropst‚

321 783 454 848 condet-a
478 779 592 868 Propat
611 803 669 844 von
691 802 717 846 a.
735 779 864 845 Martio.
918 777 985 864 Vpl.
1011 781 1089 844 auct
1108 779 1307 869 Kiadlinpma
1331 782 1437 848 aesca
1455 807 1481 850 v.
1505 779 1686 848 Volmeetein
1701 781 1746 863 II,
1772 782 1808 849 8.
1822 783 1868 848 62
1889 787 1956 852 und
1978 786 2128 852 Zancle.

321 889 352 952 d.
376 888 448 952 laist.
480 884 547 953 Ver.
564 888 597 972 f.
622 884 867 952 Nadasaetsen
889 884 942 972 19.
969 883 1055 953 1860
1080 885 1114 952 8.
1141 885 1214 952 129.

1074 1085 1163 1162 461.

116 1219 217 1308 Papst
245 1215 415 1287 Innocena
443 1210 512 1284 IV.
541 1211 735 1301 beonstropt
762 1211 919 1284 Declmnt
945 1210 1018 1282 aad
1045 1211 1189 1304 Kopttet
1215 1233 1280 1284 aon
1307 1213 1436 1303 Enper,
1464 1214 1529 1284 den
1547 1211 1710 1285 Kterttcr
1727 1214 1918 1306 Hermann,
1948 1216 2040 1289 Sota
2068 1218 2129 1289 des

201 1321 334 1392 Rittcrs
360 1318 541 1390 Hermann
568 1339 632 1390 aon
668 1317 851 1407 Walcrttca
879 1317 931 1389 ote
960 1316 1164 1388 Kononilcer
1191 1317 1451 1407 onfaanclrmen.
1508 1319 1607 1410 Lpoa
1635 1318 1736 1392 1246
1763 1321 1949 1394 Daemon
1977 1320 2037 1396 17.

244 1435 339 1502 θεᾶν.
364 1433 476 1512 Fame,
503 1433 573 1500 PU.
603 1432 710 1515 Weatf.
737 1432 772 1499 8.
797 1433 863 1498 218
885 1432 946 1500 Nr.
971 1433 1045 1500 471.

113 1748 185 1819 Das
211 1742 431 1834 Domlmpitel
456 1763 522 1813 oon
554 1741 697 1814 Miaden
725 1741 999 1813 venandam
1027 1741 1237 1830 Vopteioon
1273 1742 1563 1834 Wdlptnplmnsen
1587 1765 1693 1834 papea
1720 1746 1794 1817 ciac
1812 1745 1911 1835 Hafa
1938 1746 2010 1818 aad
2025 1747 2132 1835 jaar-

784 1847 870 1918 deae
900 1845 1035 1937 Abpabc
1062 1849 1100 1918 in
1129 1847 1287 1918 Eocrlob.
1344 1851 1479 1920 1246st

216 1965 445 2051 T(bidericus)
453 1965 481 2051 ¹)
504 1965 565 2030 Dei
588 1964 692 2047 gratia
714 1965 918 2048 prepositus,
944 1963 1180 2048 G(iselbertus)
1204 1966 1350 2030 decanus
1373 1968 1547 2049 totumque
1563 1967 1736 2033 Mindense
1760 1968 1943 2051 capitulum
1967 1970 2130 2035 universis

110 2077 297 2160 presentem
319 2072 463 2137 litteram
486 2071 685 2154 inspecturis
710 2073 860 2137 eternam
882 2071 916 2136 in
941 2071 1082 2136 Domino
1107 2071 1259 2136 salntem.
1306 2072 1379 2150 Que
1403 2075 1563 2154 geruntur
1585 2073 1620 2136 in
1642 2075 1793 2156 tempore
1817 2093 1859 2138 ne
1875 2074 2031 2140 labantur
2052 2096 2127 2141 cum

109 2187 258 2263 tempore
283 2178 363 2260 poni
386 2177 495 2244 solent
517 2177 551 2242 in
576 2178 690 2259 lingua
714 2178 850 2242 testium
874 2179 907 2242 et
930 2177 1093 2260 scripture
1116 2177 1275 2241 memoria
1298 2177 1508 2261 perlrennari.
1557 2179 1643 2243 Hinc
1666 2181 1727 2259 est,
1757 2181 1848 2263 quod
1881 2181 2029 2247 universi
2061 2185 2130 2248 tam

109 2288 280 2371 presentes
315 2305 416 2368 quam
451 2283 554 2349 futuri
590 2283 708 2365 sciant,
743 2285 835 2366 quod
863 2283 912 2347 vir
939 2283 1100 2348 honestus
1128 2282 1381 2366 wolfhardus2)
1409 2283 1504 2348 miles
1533 2285 1575 2348 de
1597 2285 1807 2369 Wetbergei)
1837 2286 1879 2350 de
1907 2306 2073 2352 consensu
2097 2291 2130 2353 et

110 2394 281 2458 roluntate
303 2390 362 2456 tilii
386 2391 438 2455 sui
460 2390 624 2455 Woltberi
656 2390 865 2455 advocatiam
887 2389 922 2454 in
944 2387 1229 2473 Welpingehusen
1253 2389 1354 2455 libere
1379 2392 1412 2454 et
1435 2390 1588 2456 absolute
1612 2390 1755 2457 contulit
1778 2390 1916 2456 ecclesie
1940 2394 2063 2474 nostre,
2093 2393 2129 2458 in

107 2501 197 2565 cuius
229 2497 576 2581 recompensationem
607 2515 759 2560 mansum
793 2515 898 2560 unum
927 2494 962 2558 in
986 2493 1152 2579 Evelsle⁴)
1183 2496 1218 2560 in
1242 2495 1399 2578 parocbia
1422 2495 1614 2561 Geinbusen
1645 2497 1746 2562 situm
1773 2498 1981 2580 porreximus
2005 2499 2129 2564 eisdem

110 2608 176 2670 iure
210 2605 380 2688 perpetuo
414 2601 665 2686 possidendum,
700 2601 746 2666 ita
772 2604 886 2667 tamen
921 2601 1013 2684 quod
1043 2601 1215 2666 annuatim
1247 2602 1395 2685 quinque
1419 2600 1542 2667 solidos
1566 2603 1663 2668 nobis
1687 2603 1957 2685 adprehendam
1981 2607 2129 2670 nostram

110 2710 350 2778 ministrabunt
374 2710 415 2774 de
439 2710 567 2774 eodem.
614 2709 660 2773 Ut
683 2711 796 2773 autem
818 2709 880 2772 hec
903 2708 1005 2774 robur
1028 2707 1205 2772 obtineant
1228 2708 1388 2789 debitum,
1412 2711 1601 2792 presentem
1625 2709 1790 2774 conscribi
1813 2711 1969 2794 paginam
1992 2710 2129 2776 fecimus

107 2819 194 2884 bulle
219 2819 335 2882 nostre
359 2815 565 2898 appensione
589 2814 789 2881 roboratam.
836 2815 959 2878 Datum
983 2832 1071 2877 anno
1095 2812 1228 2878 Domini
1252 2813 1427 2878 millesimo
1452 2815 1678 2879 ducentesimo
1702 2813 1810 2880 XLVI.

323 2921 344 2992 ¹)
372 2919 404 2972 W.
424 2920 472 2974 luat
488 2919 517 2974 G.
556 2919 578 2990 ¹)
598 2919 761 2974 Wulffnrdus
789 2917 822 2976 W.
860 2917 883 2990 ³)
904 2919 1047 2988 Worberge
1070 2917 1106 2970 W.
1144 2917 1168 2989 ⁴)
1188 2917 1293 2972 livelsta
1316 2918 1352 2975 W.

236 3027 335 3092 Neela
362 3029 429 3091 dnn
452 3025 561 3089 Druck
600 3024 812 3104 ll'rlrdtweins,
844 3023 938 3090 Saba.
967 3024 1042 3110 dipl.
1077 3021 1130 3103 VI,
1160 3023 1194 3090 S.
1225 3024 1289 3088 418
1316 3026 1495 3090 moderavit.
1542 3026 1655 3112 Reqect
1685 3027 1761 3092 Mac.
1786 3025 1831 3106 II,
1863 3025 1937 3106 189,
1969 3027 2031 3092 Nr.
2055 3027 2131 3109 433,

327 3131 555 3218 Wippennonn,
590 3131 689 3217 Repy.
718 3129 886 3196 &tauma
925 3129 960 3198 S.
986 3128 1028 3194 73
1056 3129 1116 3197 Nr.
1144 3129 1216 3196 137.
1263 3132 1392 3198 Evelsle
1420 3135 1462 3196 ist
1483 3129 1617 3198 Euerlolr
1646 3136 1690 3198 im
1711 3132 1770 3197 Kr.
1796 3130 1932 3212 Lindia,
1976 3132 2132 3220 11619199-

323 3239 440 3304 baasae
462 3242 506 3302 im
531 3236 865 3324 Soboumburqicchea.

1075 3399 1168 3475 463.

102 3530 317 3620 Dompropst
351 3527 510 3598 Dietricle
544 3548 619 3597 nom
653 3524 717 3598 See
749 3547 793 3596 aa
827 3526 976 3596 Mindon
979 3524 1177 3702 fficlbmttI
1182 3524 1270 3703 2899
1305 3523 1365 3596 Iss.
1395 3525 1544 3597 Leccam
1578 3525 1687 3598 (later
1720 3525 1791 3615 auf
1819 3526 1897 3598 dem
1923 3525 2132 3605 Wertherc.

1023 3653 1059 3702 m
1085 3653 1128 3702 cn
1263 3688 1270 3701 .

209 3749 393 3817 Universis
423 3750 546 3815 Christi
573 3748 729 3815 fidelibus
756 3770 896 3834 presens
925 3750 1085 3834 scriptum
1109 3747 1308 3830 inspecturis
1332 3747 1524 3814 Thidericus
1549 3749 1609 3814 Dei
1632 3749 1734 3831 gratia
1757 3750 1863 3816 maior
1885 3751 2075 3834 prepositus
2098 3751 2134 3816 in

102 3859 216 3923 blinda
254 3858 366 3924 dictus
399 3856 440 3920 de
469 3857 533 3922 See
567 3856 709 3922 salutem
738 3857 773 3920 in
802 3855 934 3921 Christo
964 3856 1079 3921 lbesu.
1125 3854 1179 3920 Ad
1209 3854 1412 3920 audientiam
1449 3855 1656 3938 singulorum
1691 3859 1761 3920 tam
1793 3857 1996 3938 presentium
2031 3877 2130 3940 quam

102 3963 296 4030 futurorum
330 3964 486 4028 volumus
516 3964 701 4046 pervenire,
737 3965 828 4045 qnod
851 3983 913 4028 nos
936 3982 996 4047 pro
1020 3962 1166 4028 uberiori
1189 3961 1323 4045 proprie
1347 3961 1464 4026 salutis
1487 3961 1633 4027 remedio
1659 3964 1882 4044 comparando
1905 3964 1994 4028 bona
2017 3967 2134 4030 nostra

106 4069 139 4134 in
162 4069 347 4134 Wertherc
371 4069 570 4134 hereditario
593 4068 663 4134 iure
687 4069 785 4134 nobis
809 4069 1019 4152 pertinentia,
1043 4089 1109 4150 que
1126 4069 1281 4135 dontinus
1298 4067 1528 4152 Tb(idericus)
1544 4067 1639 4133 miles
1656 4067 1764 4132 dictus
1781 4069 1822 4133 de
1838 4068 1986 4133 Ekessen
2002 4089 2022 4134 a
2038 4068 2134 4134 nobis

101 4175 133 4239 in
158 4176 266 4241 feodo
291 4175 410 4256 tenuit,
446 4175 482 4238 in
505 4194 623 4238 manns
648 4177 778 4239 nostras
801 4175 905 4241 libere
928 4174 1108 4258 resignavit
1131 4174 1221 4239 omni
1245 4173 1307 4239 iuri
1332 4193 1393 4237 suo
1429 4174 1464 4237 in
1488 4173 1535 4238 eis
1558 4173 1709 4256 plenarie
1733 4173 1971 4254 renunciando‚
2005 4174 2075 4239 Deo
2100 4177 2132 4240 et

104 4283 201 4346 beate
224 4281 335 4346 Marie
359 4281 477 4362 virgini
501 4282 534 4344 et
557 4281 735 4346 conventui
757 4281 897 4346 fratrum
922 4280 963 4346 de
986 4280 1098 4346 Luoka
1121 4281 1362 4358 Cysterciensis
1387 4279 1513 4345 ordinis
1548 4282 1582 4343 et
1609 4281 1722 4344 nostre
1752 4279 1902 4362 dyocesis
1938 4299 2014 4345 cum
2043 4279 2133 4344 omni

98 4387 168 4453 iure
200 4391 236 4454 et
267 4387 510 4466 iurisdictione,
544 4406 610 4468 que
640 4389 825 4452 noscuntur
856 4386 899 4451 ad
933 4405 972 4450 ea
999 4387 1099 4450 modo
1130 4386 1281 4469 quolibet
1309 4386 1487 4468 pertinere,
1522 4387 1556 4449 et
1577 4385 1731 4450 omnibus
1755 4404 1871 4450 eorum
1894 4385 2077 4451 attinentiis
2101 4388 2135 4450 et

100 4493 247 4559 utilitate
274 4495 312 4558 in
337 4493 388 4558 ius
413 4492 613 4557 contulimus
637 4493 848 4575 proprietatis
872 4495 905 4557 et
927 4494 1089 4576 perpetue
1112 4492 1335 4575 possessionis
1363 4490 1405 4555 ab
1429 4489 1519 4554 omni
1542 4491 1733 4572 gravamine
1757 4492 1850 4557 salva
1872 4494 2034 4574 perpetuo
2057 4511 2134 4576 per-

98 4619 275 4680 mansura,
314 4600 361 4664 ita
388 4602 425 4664 ut
455 4597 604 4663 eiusdem
639 4598 776 4663 ecclesie
811 4598 915 4664 abbas
950 4601 984 4662 et
1014 4602 1199 4664 conventus
1224 4598 1265 4662 de
1288 4598 1372 4680 ipsis
1395 4596 1494 4662 bonis
1518 4596 1621 4660 libere
1645 4596 1775 4661 ordinet
1799 4599 1831 4662 et
1855 4597 2012 4682 disponat
2034 4600 2134 4681 prout

98 4706 159 4769 sibi
196 4705 286 4772 utile
323 4704 516 4769 iudicaverit
547 4706 582 4769 et
611 4704 778 4788 expedire.
833 4704 884 4768 Ne
913 4705 1024 4769 autern
1053 4722 1155 4786 snper
1189 4704 1252 4768 boc
1284 4701 1373 4767 facto
1407 4703 1522 4766 nostro
1552 4701 1743 4767 rationabili
1776 4703 1907 4785 questio
1943 4703 2067 4768 oriatur
2099 4703 2134 4768 in

96 4816 293 4892 posterum,
319 4813 510 4894 presentem
533 4810 688 4893 paginam
711 4809 969 4875 testimonialem
988 4809 1065 4874 inde
1087 4809 1310 4891 conscriptam
1325 4807 1424 4891 sigilli
1439 4809 1545 4874 nostri
1561 4808 1769 4891 inpressione
1786 4808 1977 4892 diligentius
1993 4809 2133 4876 fecimus

98 4918 319 4984 communiri.
366 4917 452 4982 Acta
474 4918 554 4980 sunt
575 4916 639 4980 bec
661 4916 696 4980 in
720 4915 831 4981 Minda
854 4935 943 4982 anno
967 4915 1100 4981 Domini
1122 4914 1400 4992 M⁰.CC⁰.XLVI⁰.‚
1422 4913 1602 4978 indictione
1624 4913 1707 4995 mr,
1732 4917 1948 4980 concurrente
1971 4915 2055 4980 Vll⁰.

237 5021 300 5088 Or.
325 5025 369 5085 im
393 5021 510 5084 Archia
533 5021 587 5084 dea
613 5018 705 5097 Sasu
728 5019 862 5084 Leccam
885 5017 945 5085 Nr.
964 5018 1038 5084 106.
1084 5019 1139 5084 Aa
1159 5019 1362 5105 pcfloclatenen
1384 5021 1513 5083 manaen
1535 5015 1780 5103 Honfeclamtrea
1802 5021 1837 5083 ia
1858 5023 1995 5085 massera
2024 5018 2135 5084 Woclse

323 5128 502 5212 opitzoeoles
527 5125 631 5212 Siepcl
657 5127 711 5190 dee
732 5126 930 5202 Anastellera
963 5127 1097 5191 eitzmde
1119 5123 1223 5212 Fipnr
1251 5129 1286 5188 in
1302 5123 1538 5208 sottenreiclscm
1563 5122 1718 5190 Gemande
1747 5126 1858 5206 (Amne
1878 5126 1966 5190 nicht
1986 5125 2074 5190 oseba·
2095 5149 2134 5189 eu

324 5232 496 5317 erkennen).
561 5231 750 5308 Umeclsrit't:
787 5241 820 5292 4-
854 5232 1085 5299 THIDERIC³
1119 5231 1176 5296 DE
1211 5231 1262 5298 SE
1296 5231 1437 5297 MAIOR
1476 5230 1710 5297 ΡΗΕΡΟΞΙΤο
1748 5231 1793 5296 IN
1827 5231 1976 5297 MINDA.
2037 5229 2133 5297 θεάν.

324 5363 350 5403 o.
376 5336 573 5423 Hodnaberp,
610 5335 811 5423 Cblenberper
839 5335 910 5400 ΠΒ.
941 5337 1039 5401 Αὐτὴ.
1063 5335 1125 5417 ΙΙΙ,
1164 5335 1198 5402 8.
1223 5335 1264 5399 81
1296 5334 1355 5404 Nr.
1381 5333 1455 5401 106.
1506 5333 1604 5400 Uebcr
1630 5337 1679 5402 die
1702 5334 1792 5421 Lago
1823 5338 1921 5402 dieses
1947 5337 2133 5419 Wertherc,

324 5445 381 5510 der
405 5443 454 5509 bei
469 5442 615 5510 Heimsen
630 5444 697 5508 aad
714 5441 950 5530 Sctltiaselbarp
965 5466 1004 5507 zu
1019 5443 1141 5522 molen,
1165 5443 1225 5527 apl.
1243 5443 1293 5506 die
1309 5440 1511 5527 Annmrlaunp
1525 5465 1553 5505 o.
1572 5439 1753 5527 Hodenberp
1768 5465 1797 5509 a.
1816 5465 1845 5507 a.
1867 5440 1902 5509 O.
1925 5464 1966 5507 zu
1980 5439 2039 5508 Nr.
2057 5440 2135 5505 425.
