5506 6826
1116 449 1185 504 1268
2143 445 2208 511 279

199 649 291 719 nostri
317 645 494 731 H(einrici)
532 645 758 711 commisimus
787 644 990 728 colligendos
1024 648 1058 711 et
1085 646 1257 711 annuatim
1291 650 1360 712 tam
1389 647 1446 713 diu
1469 649 1663 715 vendendos
1697 651 1936 720 cumconsilio
1968 655 2118 722 eiusdem
2148 655 2210 724 filii

198 756 300 832 nostri,
323 774 498 839 quousque
526 754 567 818 de
589 751 734 837 pecunia
763 751 811 817 sic
841 753 979 817 collecta
1002 753 1152 835 quinque
1182 752 1367 836 plaustrate
1397 771 1529 819 annone
1561 753 1714 822 videlicet
1738 757 1884 841 quinque
1908 759 2035 827 maldra
2058 763 2208 848 siliginis,

197 865 333 948 quinque
362 860 454 925 ordei
482 863 516 924 et
545 859 696 942 quinque
723 877 828 924 avene
859 858 902 924 ad
931 859 1042 924 dotem
1073 858 1214 941 predicti
1248 858 1361 925 altaris
1393 860 1525 926 valeant
1553 864 1746 946 comparari.
1793 865 1923 943 Quibus
1951 871 2152 953 comparatis
2176 874 2211 936 et

196 969 307 1036 vicario
335 967 412 1032 dicti
439 966 555 1032 altaris
583 964 758 1048 assignatis
790 965 878 1030 idem
910 965 1065 1030 sacerdos
1100 965 1246 1047 deipsis
1280 966 1315 1029 in
1347 967 1535 1032 nocturnali
1564 969 1703 1035 candela
1731 971 1893 1054 perpetuo
1930 975 2134 1058 providebit,
2176 981 2210 1043 et

195 1081 266 1142 lunc
286 1093 422 1139 mansus
444 1074 479 1137 in
501 1072 642 1152 Nasone,
669 1071 790 1137 domus
825 1071 860 1136 in
882 1071 1035 1138 Velthem
1062 1075 1097 1137 et
1126 1073 1255 1137 decima
1286 1071 1321 1136 in
1345 1072 1554 1157 Melebergen
1581 1075 1624 1140 ad
1654 1077 1796 1142 heredes
1819 1076 1949 1145 nostros
1972 1081 2076 1148 libere
2099 1103 2209 1149 rever-

195 1186 306 1248 tentur.
352 1180 389 1246 Si
412 1200 491 1246 vero
515 1178 723 1262 sepedictum
746 1177 971 1260 presbiterum
995 1197 1014 1242 a
1037 1177 1135 1242 nobis
1163 1178 1230 1244 iarn
1259 1177 1441 1245 liberaliter
1468 1180 1657 1247 institutum
1688 1184 1806 1250 cedere
1836 1186 1889 1250 vel
1913 1187 2072 1254 decedere
2103 1192 2210 1256 conti-

195 1288 279 1371 gerit.
302 1287 383 1351 iusti
397 1287 538 1352 heredes
562 1285 667 1351 nostri
683 1284 738 1349 alii
755 1285 920 1350 sacerdoti
935 1284 1092 1351 vicariam
1116 1283 1299 1368 predictam
1321 1287 1364 1352 ad
1387 1287 1492 1352 altare
1515 1287 1674 1373 deinceps
1691 1289 1885 1356 conferendi
1908 1292 2047 1360 liberam
2064 1297 2211 1362 habeant

193 1393 388 1473 facultatem,
419 1392 477 1476 qui
505 1392 664 1458 canonice
691 1392 868 1458 institutus
895 1393 929 1456 ct
959 1392 1085 1457 decano
1117 1391 1251 1458 maioris
1283 1393 1421 1458 ecclesie
1455 1398 1667 1478 presentatus
1696 1397 1919 1464 obedientiam
1954 1400 2017 1465 sibi
2050 1402 2150 1468 faciet
2177 1406 2210 1468 et

189 1502 281 1565 choro
304 1499 469 1565 deserviet
491 1498 580 1564 sicut
601 1499 716 1565 vicarii
739 1498 922 1563 Mindensis
945 1497 1083 1564 ecclesie
1106 1499 1214 1564 lacere
1230 1503 1475 1565 consuevemnt
1497 1500 1539 1566 ad
1563 1502 1667 1567 altare
1683 1521 1799 1584 suum;
1823 1505 2058 1572 nichilominus
2074 1509 2209 1574 missam

193 1625 283 1672 unam
306 1606 425 1671 diebus
448 1604 585 1689 singulis
609 1605 820 1670 ministrabit.
868 1605 919 1668 Ne
943 1607 1056 1670 autem
1078 1606 1143 1671 hoc
1165 1607 1290 1671 factum
1313 1609 1381 1672 tam
1396 1607 1638 1674 rationabiliter
1661 1610 1851 1676 ordinatum
1866 1611 1975 1694 possit
1998 1613 2209 1697 aliquatenus

191 1712 306 1792 violari,
329 1717 523 1795 presentem
546 1713 703 1795 paginam
725 1711 833 1795 sigillo
858 1711 993 1777 maioris
1017 1712 1169 1793 ecclesie,
1193 1713 1300 1794 sigillo
1325 1717 1438 1780 nostro
1467 1717 1500 1780 et
1523 1715 1630 1798 sigillo
1657 1715 1716 1781 filii
1740 1717 1847 1783 nostri
1869 1719 2025 1785 duximus
2048 1721 2210 1787 roboran-

189 1819 267 1884 dam.
313 1818 437 1884 Actum
467 1822 500 1884 et
532 1820 647 1884 datum
676 1818 789 1884 Minde
824 1837 912 1883 anno
943 1817 1075 1884 Donum
1110 1818 1285 1885 millesimo
1320 1819 1549 1888 ducentesimo
1584 1824 1791 1906 sexagesimo
1820 1828 1951 1907 octavo,
1979 1826 2099 1909 quinto
2130 1830 2209 1895 Idus

187 1925 349 2007 Octobris,
378 1927 593 2009 presentibus
622 1925 788 1991 universis
815 1925 950 1990 maioris
984 1926 1123 1991 ecclesie
1153 1926 1332 2010 canonicis,
1361 1927 1494 1993 domino
1528 1928 1707 1994 Lamberto
1742 1933 1774 1994 et
1801 1930 1994 1998 Reinhardo
2026 1934 2067 1999 de
2095 1939 2210 2002 sancta

187 2031 281 2096 Maria
303 2032 488 2114 canonicis,
532 2032 745 2117 presentibus
768 2031 870 2098 etiam
894 2031 1028 2098 domino
1053 2032 1211 2098 Heinrico
1235 2033 1276 2097 de
1301 2032 1465 2116 herbela,
1495 2035 1651 2100 Heinrico
1676 2037 1718 2101 de
1741 2036 1919 2120 Eisberch,
1952 2038 2153 2107 Godescalco
2177 2045 2210 2108 et

188 2137 330 2203 iohanne
355 2138 502 2223 Selcopp
525 2138 687 2205 militibus
710 2139 743 2205 et
767 2139 839 2204 aliis
864 2158 965 2221 quam
989 2138 1143 2222 pluribus
1166 2139 1208 2204 ad
1232 2140 1296 2205 hoe
1319 2140 1442 2206 vocatis
1466 2143 1500 2205 et
1521 2141 1652 2224 rogatis.

396 2243 418 2314 ¹)
439 2245 566 2298 Rikasten
594 2243 626 2298 W.
1932 2243 1935 2248 ’

311 2329 406 2397 Nach
441 2333 508 2398 dem
543 2331 655 2398 Druck
697 2330 911 2412 Weirdttocina
949 2329 1043 2398 Saba.
1067 2331 1142 2418 dipl.
1167 2330 1228 2412 IX,
1251 2330 1284 2399 S.
1309 2331 1375 2398 100
1408 2335 1592 2400 mantola
1639 2335 1753 2422 Repcat
1774 2338 1850 2405 Mac.
1868 2337 1912 2418 II,
1940 2337 2032 2405 189a
2055 2339 2114 2409 Nr.
2130 2341 2208 2421 611,

393 2464 419 2506 v.
448 2437 641 2526 Hodcnberp,
670 2438 776 2527 Iloyer
808 2437 878 2506 UB.
910 2439 1005 2506 Athe.
1037 2435 1128 2517 VIII,
1155 2437 1189 2504 S.
1215 2438 1267 2518 75,
1296 2437 1356 2503 Nr.
1380 2437 1435 2521 93,
1473 2437 1578 2526 Westf.
1609 2442 1783 2511 Pron-Bit.
1809 2441 1854 2523 ΙΙ,
1883 2443 1913 2524 I,
1940 2445 1975 2512 S.
1999 2445 2044 2512 49
2069 2446 2130 2514 Nr.
2153 2447 2207 2518 90.

393 2543 440 2610 Ea
461 2569 536 2632 neap
565 2545 633 2612 he'er
661 2546 799 2611 cruam
826 2545 957 2625 werden,
986 2546 1061 2610 does
1084 2547 1144 2610 das
1170 2543 1328 2632 Nekrolop
1358 2547 1412 2612 dea
1442 2547 1642 2626 Morazste'ftes
1672 2549 1761 2636 (Mac.
1794 2547 1863 2630 VII,
1886 2548 1985 2633 2718,
2019 2552 2053 2619 S.
2077 2554 2138 2640 25)
2165 2559 2210 2621 tm

395 2651 503 2720 St-A.
537 2675 577 2717 za
612 2652 753 2719 Mainalos
786 2653 844 2718 den
874 2651 924 2719 13.
964 2651 1099 2718 Oktober
1133 2653 1182 2716 ats
1220 2649 1370 2740 Todesaq
1405 2653 1458 2718 das
1492 2651 1658 2741 Edelooqte
1695 2653 1860 2722 Widetind
1891 2660 1959 2723 aad
1989 2664 2091 2727 scinco·
2118 2659 2209 2727 stau

395 2757 534 2825 Rikereza
558 2757 672 2845 aaps'ht.

1149 2923 1236 3002 913.

182 3047 328 3140 Bischof
358 3050 434 3122 Otto
467 3071 530 3121 ooo
566 3049 716 3121 Mindon
748 3048 900 3140 aanor
932 3050 993 3121 mit
1027 3049 1264 3139 Zostimrnnap
1297 3049 1356 3121 des
1390 3049 1624 3142 Domlcopttets
1658 3053 1735 3124 dero
1769 3051 1824 3125 Κλ.
1852 3053 2109 3129 Amalunnborn
2143 3059 2209 3130 dea

183 3157 328 3228 Zehntca
356 3159 396 3227 in
424 3156 613 3245 Reitcifacn
642 3155 962 3249 (Reynlevessen),
991 3155 1057 3228 den
1088 3157 1159 3227 ihm
1186 3157 1242 3228 die
1272 3155 1408 3246 Grofen
1441 3179 1505 3230 oon
1531 3159 1716 3231 anrsteia
1748 3158 1967 3251 oafpelossen
1999 3163 2123 3253 haben,
2158 3165 2210 3237 ola

181 3263 383 3352 Etpastum
433 3287 495 3335 zur
537 3263 824 3354 Eahchddipaap
868 3263 928 3334 des
963 3263 1084 3352 Stilles
1116 3263 1289 3354 diotrepi
1322 3263 1423 3352 Grof
1450 3264 1598 3356 Dtdwip
1632 3287 1695 3337 oon
1724 3267 1906 3338 Euersam
1938 3270 2014 3340 aaa
2041 3269 2138 3360 Hufe
2170 3273 2209 3343 io

182 3369 360 3441 cumaea
386 3366 634 3464 (Goldbecke)
663 3370 739 3441 dem
755 3367 904 3457 Bischof
924 3370 996 3441 aad
1035 3371 1157 3441 nimmt
1192 3371 1243 3441 sic
1273 3391 1338 3441 ooo
1365 3369 1437 3441 ihm
1461 3371 1632 3444 sabaha.
1687 3372 1838 3445 Mindon
1864 3377 1962 3447 1268
1993 3375 2207 3449 Olotobcr13.

280 3489 397 3554 Huius
420 3489 467 3554 rei
490 3491 592 3554 testes
616 3491 709 3554 sunt:
738 3488 932 3554 Gerhardus
955 3490 1119 3568 decanus,
1143 3488 1336 3553 Bernardus
1360 3490 1401 3554 de
1425 3490 1594 3574 Rostorpe
1618 3491 1799 3556 canonicus
1821 3493 2019 3573 Mindensis,
2051 3496 2209 3579 magister

181 3595 344 3663 Henricus
374 3595 518 3678 scriptor
539 3597 670 3676 noster,
698 3596 799 3661 frater
821 3595 993 3660 Arnoldus
1022 3595 1064 3660 de
1087 3595 1204 3661 ordine
1234 3595 1493 3676 predicatorum,
1518 3597 1684 3663 Henricus
1715 3599 1897 3664 advocatus
1927 3601 2068 3668 ecclesie
2095 3606 2208 3668 nostre

180 3702 279 3767 dictus
304 3702 349 3768 de
374 3702 588 3786 Scakeshcrg,
614 3701 796 3768 Gherlacus
820 3701 950 3786 dapifer
972 3706 1103 3780 noster,
1127 3699 1277 3767 Achilles
1301 3701 1343 3766 de
1367 3703 1624 3784 Hemenhusen,
1655 3705 1822 3770 Heodcus
1846 3705 2063 3789 Ovelysernc,
2098 3708 2209 3774 Gode-

177 3809 300 3875 scalcos
325 3809 459 3893 Selcop.

305 3913 406 3978 Nach
427 3913 495 3980 dan
516 3911 783 3979 Amelunabomar
809 3911 932 3999 Κορέαν
953 3909 1024 3991 VII,
1049 3911 1077 3975 B
1097 3911 1160 3976 112
1171 3913 1234 3996 sot.
1256 3910 1319 3979 109
1344 3917 1387 3977 ion
1407 3913 1552 4001 Herzopt.
1570 3913 1901 4002 Londeahouptorohio
1922 3939 1962 3982 zu
1983 3916 2208 4000 Wolfenbaittet.

392 4019 505 4106 Repetit
530 4046 557 4085 a.
584 4019 734 4107 Spilckcr‚
768 4017 877 4086 desen.
908 4021 937 4086 d.
965 4017 1042 4084 Gra.
1065 4044 1092 4085 o.
1121 4015 1291 4098 boaressia,
1322 4018 1390 4086 ΠΒ.
1414 4018 1447 4085 S.
1475 4019 1548 4100 118,
1578 4019 1683 4101 Wcatj.
1715 4021 1941 4090 Procius-BH.
1968 4023 2011 4103 II,
2036 4023 2067 4104 4,
2094 4024 2128 4090 S.
2154 4026 2207 4104 49,

393 4123 454 4193 Nr.
476 4125 530 4207 91,
556 4127 642 4192 beide
668 4150 708 4192 zu
738 4126 874 4192 october
900 4126 950 4190 16.
999 4124 1063 4191 Die
1093 4123 1295 4212 Resipnota'on
1327 4127 1380 4190 des
1409 4125 1543 4192 Zetnten
1571 4131 1605 4191 in
1634 4127 1804 4209 Reiteifzm
1830 4130 1928 4194 durch
1959 4128 2051 4208 Graf
2073 4129 2208 4218 Lstdwe'p

390 4260 417 4300 o.
441 4231 603 4299 Eversum
627 4259 655 4301 a.
681 4259 710 4300 α.
739 4231 774 4299 O.
800 4233 851 4298 Bt.
878 4232 942 4297 108
966 4234 1039 4297 olme
1062 4231 1192 4310 Datum,
1217 4231 1330 4318 Reqest
1354 4229 1570 4320 Hardenberp,
1596 4231 1678 4298 Hae.
1702 4233 1928 4301 damoclem.
1955 4235 1989 4302 S.
2015 4235 2112 4303 1700.

1137 4449 1226 4525 914.

172 4575 324 4668 Bischof
348 4577 425 4651 Otto
452 4599 515 4649 ooo
547 4577 693 4649 Mindon
727 4576 891 4648 habundet
927 4576 1081 4648 Verstcbl
1108 4576 1167 4647 das
1201 4575 1374 4667 Kaoppen
1400 4575 1540 4648 Jolann
1571 4598 1636 4649 ooo
1661 4577 1905 4652 Hormhousen
1944 4581 2010 4670 aa(
2035 4580 2143 4653 Galter
2169 4584 2208 4654 ia

714 4682 970 4756 Hormhoasen.
1025 4682 1277 4777 Mindenberg
1303 4685 1401 4754 1268
1429 4683 1618 4755 November
1647 4682 1680 4754 1.

275 4804 402 4870 Frater
429 4801 511 4868 Otto
543 4801 656 4868 divina
690 4802 910 4885 permissione
945 4801 1127 4867 Mindensis
1162 4801 1340 4884 episcopus
1375 4801 1531 4867 omnibus
1565 4803 1628 4866 hoc
1657 4803 1818 4886 scriptum
1845 4803 1968 4869 visuris
2003 4805 2143 4871 salutern
2172 4806 2206 4872 in

174 4909 317 4975 Domino
343 4909 592 4993 sempiternam.
641 4908 850 4975 Constitutus
878 4909 913 4973 in
941 4907 1115 4991 presencia
1142 4910 1257 4972 nostra
1285 4908 1456 4973 iohannes
1486 4909 1632 4974 famulus
1662 4909 1770 4975 dictus
1799 4911 1841 4974 de
1871 4911 2206 4996 Hermenninghusen

173 5016 347 5081 confessus
374 5018 425 5080 est
455 5018 488 5080 et
516 5015 650 5098 publice
678 5015 869 5098 recognovit
896 5034 1008 5081 coram
1040 5013 1153 5079 multis
1187 5013 1337 5097 providis
1367 5017 1401 5079 et
1427 5015 1593 5097 honestis,
1625 5016 1714 5098 quod
1738 5016 1838 5081 nichil
1866 5015 1948 5082 iuris
1975 5019 2116 5084 haberet
2144 5038 2207 5085 nec

173 5139 334 5207 umquam
359 5122 533 5188 habuisset
555 5122 589 5188 in
612 5121 709 5188 bonis
732 5122 767 5186 in
792 5121 1070 5204 Herminghusen.
1117 5119 1159 5185 Et
1186 5121 1250 5185 hoc
1273 5120 1485 5202 presentibus
1515 5123 1750 5203 protestamur.
1797 5123 1914 5188 Testes
1943 5126 2039 5189 sunt:
2067 5125 2205 5208 Widego

171 5229 371 5313 prepositus
403 5228 509 5293 sancti
537 5229 688 5309 Martini,
723 5228 802 5293 Otto
838 5228 879 5293 de
903 5227 1056 5311 Welepa,
1091 5226 1262 5292 Amoldus
1287 5227 1395 5292 dictus
1431 5227 1472 5292 de
1501 5227 1665 5309 Schinna,
1701 5227 1953 5295 archidiaconus
1988 5229 2023 5295 in
2051 5230 2205 5312 Alethen,

172 5334 326 5400 canonici
343 5333 556 5416 Mindenses3
580 5334 769 5420 Lippoldus
791 5335 833 5400 de
857 5334 1038 5414 Mandeslo,
1062 5332 1208 5400 Achilles
1232 5333 1274 5397 de
1290 5331 1541 5414 Hemenhusen,
1565 5333 1755 5400 Gerhardus
1780 5335 1821 5400 de
1838 5335 2020 5417 Homhem,
2045 5336 2206 5402 Ludolfus

171 5437 210 5504 de
232 5441 447 5521 Nienborch,
472 5441 634 5507 Ludolfns
657 5441 699 5505 de
715 5439 875 5522 Retlrem,
892 5442 1085 5507 Volcmarus
1109 5441 1151 5506 de
1167 5438 1341 5521 Stederen,
1366 5439 1497 5520 milites3
1522 5440 1688 5506 Henricus
1705 5440 1839 5528 Cnigge,
1864 5440 2006 5522 Olricus,
2030 5442 2204 5508 Conradus
