5062 6806
1030 487 1101 543 124⁴
2025 473 2087 538 117

1033 685 1121 762 412.

85 819 221 908 Bucbof
239 817 377 890 Joharm
410 837 473 886 oon
504 814 654 886 Mindon
686 813 762 885 anri
792 812 916 904 (tropa
951 811 1076 904 sopore
1101 833 1167 884 oon
1193 812 1412 904 Rntmsbem
1445 813 1618 886 betuuden
1652 815 1708 886 die
1743 817 1998 909 Uebertrupung
2023 841 2091 891 vore

86 929 200 1004 auae
226 947 272 996 on
302 921 361 994 Ki.
390 921 539 1010 baem,
574 920 657 1010 fulls
686 921 797 992 dieses
830 920 887 992 dic
914 918 1172 1009 Geaebmipurcp
1204 919 1266 992 des
1291 919 1447 1009 Hcraopc
1481 943 1548 992 oon
1571 918 1841 1016 Bruunscbweip
1874 925 1928 996 uls
1955 927 2088 998 chns·

469 1033 587 1118 irdper
612 1027 731 1099 Maca
756 1024 1055 1098 anamnesis
1082 1024 1191 1097 Jabre
1218 1025 1335 1100 abab.
1389 1025 1488 1098 1244
1515 1027 1623 1119 April
1649 1033 1680 1101 9.

174 1151 341 1217 Jobannes
366 1149 425 1214 Dei
449 1147 553 1230 gratia
576 1146 758 1213 Mindensis
782 1145 971 1229 episcopus,
995 1143 1154 1228 S(ophia)
1178 1144 1347 1210 comitissa
1370 1145 1411 1210 de
1435 1147 1652 1230 Ravensberg
1675 1148 1838 1214 universis
1860 1150 1981 1216 Christi
2003 1151 2088 1218 fide-

83 1263 157 1329 libus
178 1276 339 1342 prensens
363 1254 524 1338 scriptum
547 1252 668 1318 visuris
691 1252 833 1317 salutem
856 1252 891 1316 in
915 1251 1066 1316 Domino.
1113 1250 1279 1328 Quoniam
1307 1252 1429 1317 oblivio
1458 1252 1592 1318 inimica
1622 1256 1780 1320 memorie
1805 1275 1844 1320 ea
1872 1277 1937 1340 que
1960 1258 2086 1325 faciunt

82 1366 217 1434 homines
240 1364 325 1428 solet
348 1359 500 1444 sepelire,
524 1359 749 1424 necessarium
773 1357 906 1423 ridetur
926 1361 961 1422 et
984 1359 1046 1436 est,
1069 1359 1108 1423 ut
1131 1375 1180 1439 ea,
1204 1376 1270 1440 que
1292 1357 1523 1441 temporaliter
1547 1361 1717 1441 geruntur,
1742 1361 1873 1445 scriptis
1896 1366 1930 1428 et
1950 1347 2091 1430 attestass

81 1473 217 1539 cionibus
240 1469 446 1538 sternentur.
493 1465 638 1532 Proinde
661 1467 777 1529 notum
807 1483 881 1529 esse
909 1463 1063 1529 volumus
1089 1465 1158 1528 tam
1185 1463 1397 1545 presentibus
1420 1484 1521 1547 quam
1544 1466 1681 1536 futuris.
1706 1467 1795 1549 quod
1824 1467 1922 1534 nobis
1949 1489 2087 1554 presen-

80 1581 158 1646 tibus
179 1576 330 1641 Luderus
354 1573 449 1639 miles
473 1574 582 1638 dictus
605 1573 649 1637 de
670 1571 782 1636 Werle
804 1589 908 1636 uxore
930 1589 992 1634 sua
1015 1568 1190 1651 Engelradi
1198 1569 1237 1654 1),
1259 1569 1330 1635 illio
1352 1590 1414 1636 suo
1437 1571 1585 1638 Gerardo
1613 1576 1646 1638 et
1668 1573 1769 1639 fratre
1794 1593 1855 1639 suo
1878 1576 2087 1644 Wedelrindo

79 1684 277 1772 presentibus
302 1686 336 1748 et
359 1679 652 1746 consencientibus
673 1677 737 1743 fuit
759 1676 893 1762 publice
915 1678 1130 1764 protestatus,
1154 1677 1246 1758 quod
1268 1677 1358 1741 bona
1381 1677 1571 1744 Goldenhof
1589 1682 1623 1746 et
1645 1679 1842 1765 Vegenlage,
1868 1702 1935 1766 que
1959 1703 1979 1747 a
2002 1685 2087 1750 duce

82 1795 115 1860 de
135 1788 325 1856 Brnneswic
348 1790 451 1866 tenet,
473 1785 614 1852 Alberto
636 1787 671 1850 et
693 1784 835 1850 Alberto
858 1783 1018 1850 fratribus
1041 1781 1121 1848 filiis
1143 1783 1267 1849 domini
1291 1782 1489 1850 Bertrammi
1513 1785 1555 1852 de
1580 1785 1721 1866 Hedem,
1751 1787 1919 1854 Wicberto
1943 1794 1978 1856 et
2000 1788 2086 1856 Bru-

79 1898 148 1966 noni
169 1897 209 1962 de
233 1895 358 1960 Thesle
392 1895 428 1958 in
451 1892 549 1959 feodo
573 1890 779 1970 contulisset,
816 1895 851 1955 et
873 1889 1067 1974 Engelradis
1097 1887 1249 1973 predicta
1276 1892 1311 1954 et
1332 1888 1422 1955 filius
1446 1911 1527 1956 suus
1552 1892 1720 1960 Gerardus
1744 1894 1842 1960 dictis
1864 1897 1962 1962 bonis
1986 1898 2086 1980 plane

78 2004 354 2072 renunciaverunt.
400 2000 543 2082 insuper
577 1998 654 2063 talis
687 1995 750 2061 fuit
785 1995 917 2062 adiecta
952 1995 1128 2075 ordinatio,
1164 1996 1253 2078 quod
1282 1995 1367 2062 inira
1397 1998 1548 2079 spacium
1577 2019 1635 2064 sex
1659 2019 1821 2067 annorum
1845 2003 2027 2069 claustrum
2051 2006 2087 2071 in

79 2113 215 2178 Leveren
249 2107 493 2192 proprietatem
517 2105 680 2170 dictorum
703 2103 878 2181 bonorum,
913 2101 942 2166 si
965 2103 1090 2184 posset,
1125 2103 1253 2168 educe
1276 2103 1453 2183 obtineret,
1487 2106 1521 2170 et
1544 2089 1708 2188 sepedicti
1732 2107 1887 2174 Luderus
1910 2112 1943 2174 et
1965 2110 2088 2177 Wede-

78 2219 184 2282 kindns
207 2216 298 2280 dicta
321 2213 411 2280 bona
433 2212 468 2278 in
492 2230 609 2276 manus
633 2209 727 2274 ducis
751 2208 969 2292 resignabunt
991 2228 1032 2274 ea
1055 2209 1144 2274 dicto
1167 2208 1307 2276 cenobio
1331 2210 1367 2274 in
1384 2210 1533 2276 Leveren
1549 2231 1625 2277 cum
1640 2208 1730 2278 o'mni
1747 2214 1818 2280 iure
1834 2219 1867 2280 et
1882 2217 2087 2300 proprietate

77 2327 228 2409 perpetuo
253 2320 468 2388 conferenda.
513 2317 549 2384 Si
571 2335 650 2384 vero
680 2317 899 2382 memoratum
927 2315 1103 2381 cenobium
1137 2316 1381 2401 proprietatem
1414 2317 1576 2384 dictorum
1607 2319 1772 2386 bonorum
1795 2340 1814 2386 a
1838 2322 1921 2387 duce
1944 2323 2087 2390 retinere

78 2451 136 2497 non
157 2428 315 2512 potuerit,
338 2427 448 2492 dictus
472 2424 625 2490 Luderus
648 2423 746 2488 miles
770 2425 806 2487 et
827 2423 932 2488 frater
955 2441 1036 2488 suus
1059 2421 1289 2488 Wedekiudus
1313 2425 1346 2487 et
1369 2424 1509 2489 heredes
1531 2423 1681 2508 ipsorum
1705 2427 1828 2509 quibus
1852 2428 2029 2495 cenobium
2051 2429 2086 2494 in

79 2538 215 2603 beveren
249 2533 395 2599 voluerit
417 2530 589 2596 conferent
611 2529 646 2594 in
669 2526 766 2594 feodo
791 2527 928 2611 pacifice
952 2529 1080 2611 absque
1103 2529 1194 2594 omni
1217 2527 1456 2612 impedimento
1480 2529 1695 2614 possidenda.
1742 2531 1883 2612 Quando
1907 2555 1986 2600 vero
2010 2555 2087 2620 pre-

80 2641 227 2708 nominati
253 2639 407 2706 Luderus
431 2639 466 2703 et
488 2636 716 2703 Wedekindus
746 2654 807 2718 pro
840 2633 1062 2718 resignatione
1097 2634 1262 2701 dictorum
1296 2636 1461 2700 bonorum
1496 2658 1535 2702 ex
1564 2657 1728 2704 consensu
1756 2643 1790 2704 et
1813 2639 1984 2708 voluntate
2008 2643 2088 2710 dicti

79 2748 196 2816 cenobii
221 2749 343 2812 ducem
367 2744 461 2810 adire
484 2743 658 2824 voluerint,
694 2743 877 2808 claustrum
899 2741 934 2806 in
958 2741 1108 2807 Leveren
1138 2743 1187 2808 eis
1211 2740 1246 2807 iu
1270 2741 1427 2827 expensis
1449 2744 1936 2830 competentibusprovidebit.
1983 2747 2026 2812 Et
2050 2752 2088 2814 ut

76 2857 129 2922 bec
153 2858 234 2932 rata,
271 2857 307 2919 et
329 2850 526 2917 inconvulsa
547 2851 776 2933 permaneant,
810 2851 999 2932 presentem
1022 2847 1177 2932 paginam
1201 2847 1319 2914 exinde
1344 2847 1563 2934 conscriptam
1587 2853 1619 2916 et
1643 2850 1880 2936 apensionibus
1904 2853 2089 2938 sigillorum

76 2965 252 3028 nostrorum
289 2959 480 3024 roboratam
515 2956 603 3020 dicto
639 2955 777 3021 cenobio
811 2955 846 3019 in
874 2955 1023 3020 Leveren
1056 2955 1092 3021 in
1116 2954 1344 3021 testimonium
1376 2955 1523 3021 validum
1547 2976 1729 3040 erogamus.
1776 2957 1894 3025 Testes
1918 2960 2017 3026 huius
2040 2959 2088 3026 rei

77 3071 161 3134 sunt:
184 3064 347 3132 Hinricus
370 3063 499 3130 iuvenis
523 3082 633 3128 comes
657 3063 698 3127 de
719 3061 968 3142 Tekeneborch‚
993 3059 1200 3126 Giselbertus
1225 3061 1266 3125 de
1283 3059 1398 3140 Horst,
1423 3059 1583 3127 Hinricus
1607 3063 1648 3128 de.
1665 3063 1800 3145 Rusele,
1824 3065 2028 3132 Lantbertus
2045 3068 2088 3133 de

75 3175 249 3254 blenethen,
286 3171 458 3238 Gerardus
481 3172 515 3234 et
538 3169 753 3234 Hermannus
787 3165 908 3232 fratres
938 3167 980 3232 de
1008 3166 1271 3248 Haddenhusen,
1307 3167 1476 3235 Gerardus
1508 3170 1549 3234 de
1573 3169 1752 3252 Offlethen,
1786 3170 1956 3238 lohannes
1980 3174 2089 3240 dictus

75 3281 173 3363 Werb,
196 3277 430 3345 Willebelmus
451 3277 555 3360 Span,
578 3273 715 3354 milites;
738 3272 930 3339 Bernardus
955 3273 1147 3357 capellanus
1170 3273 1205 3338 in
1221 3273 1466 3356 Reinnehercn,
1491 3275 1655 3342 Ludolfus
1678 3277 1842 3360 plebanus
1866 3279 1907 3343 de
1923 3279 2089 3364 Diliggen;

75 3386 231 3454 lohannes
256 3385 455 3468 Thiggreve,
480 3382 696 3448 Hermannus
721 3381 762 3446 de
785 3380 1034 3464 Kallentborpe,
1059 3379 1181 3444 Giselro
1202 3381 1243 3446 de
1259 3379 1517 3466 Blakentborpe,
1541 3382 1703 3450 Ludolfus
1721 3383 1762 3448 de
1777 3383 1923 3465 withan,
1947 3385 2089 3454 Rabodo

75 3495 109 3560 de
133 3493 373 3577 Wordighore,
408 3488 633 3575 Bern(ardus)
662 3489 703 3554 de
737 3486 980 3570 Oldenthorpe,
1016 3485 1186 3551 castellani
1220 3487 1261 3552 de
1293 3489 1448 3569 Vlotove3
1483 3487 1658 3555 Conradus
1693 3488 1865 3572 sacerdos,
1900 3491 2089 3557 Richardus

76 3600 191 3684 dapifer
229 3603 265 3665 et
311 3597 367 3663 alii
410 3616 511 3680 quam
554 3595 678 3679 plures.
747 3593 831 3659 Acta
875 3596 954 3659 sunt
999 3593 1061 3657 bec
1104 3611 1193 3659 anno
1231 3592 1364 3660 Domini
1407 3593 1704 3677 M⁰.CC⁰.XLIIII⁰.,
1748 3597 1784 3662 in
1827 3597 1968 3664 sabbato
2006 3602 2090 3670 ,ante

74 3707 167 3786 Quasi
188 3707 292 3773 modo
315 3704 426 3788 geniti.

280 3813 302 3879 ¹)
321 3809 382 3864 Or..·
400 3809 533 3879 Egelradi.

198 3899 254 3964 Or.
287 3902 332 3964 im
361 3897 435 3985 qu.
467 3896 571 3963 su-A.
604 3919 644 3960 zu
673 3896 820 3973 Mamur,
856 3893 978 3959 bevera
1008 3892 1067 3957 Nr.
1095 3895 1149 3960 55.
1196 3894 1259 3960 Du
1290 3895 1397 3962 beiden
1426 3893 1532 3981 Siepel
1564 3900 1598 3960 in
1624 3900 1761 3962 weissem
1796 3895 1908 3961 Wacbs
1942 3921 1984 3962 on
2014 3897 2090 3964 Per·

276 4005 533 4092 qammtstrecfen
569 4001 754 4088 ὂεεσὴᾱᾰίρΐ.
823 3999 921 4065 Ueber
956 4001 1145 4068 Goldenhof
1175 4003 1269 4089 oer'ql.
1305 4001 1381 4067 obera
1418 3998 1479 4068 Nr.
1513 3999 1589 4069 389.
1650 4005 1838 4088 Vegenlage
1875 4007 1918 4068 ist
1956 4001 2091 4091 Velrluqe

279 4113 318 4178 0.
343 4110 472 4177 mera

1028 4272 1115 4350 413.

72 4401 216 4492 Riscbof
241 4401 387 4476 Joboan
420 4422 486 4472 uon
519 4399 669 4474 Miodeu
709 4399 901 4489 liberem
938 4399 1015 4470 dem
1055 4399 1114 4473 Kl.
1147 4399 1282 4471 Lenem
1319 4398 1391 4469 itm
1424 4398 1624 4488 resipnicrte
1666 4398 1773 4472 thcr
1807 4399 1855 4470 im
1891 4398 1994 4472 Oeten
2026 4422 2092 4472 cun

510 4503 521 4516 ⁹
747 4507 939 4598 Diettnpcu.
995 4509 1093 4579 1244
1120 4505 1226 4596 April
1253 4503 1411 4578 10-16.

167 4625 344 4692 iohannes
371 4624 435 4691 Dei
463 4625 575 4707 gracia
600 4624 784 4692 Mindensis
818 4625 997 4709 episcopus
1031 4623 1185 4690 omnibus
1212 4642 1352 4708 presens
1383 4623 1545 4708 seriptum
1567 4623 1688 4688 visuris
1712 4624 1855 4690 salutem
1879 4623 1914 4689 iu
1937 4625 2090 4691 Domino.

73 4730 164 4798 Geste
187 4734 238 4799 rei
263 4732 389 4798 noticia
410 4734 615 4815 propagatur
636 4731 672 4796 in
694 4734 859 4814 posteros,
883 4750 959 4797 cum
982 4730 1162 4796 auctoritas
1185 4733 1218 4795 el
1241 4727 1343 4796 robur
1370 4732 1461 4796 venit
1483 4729 1611 4795 firmius
1635 4749 1656 4796 a
1677 4728 1871 4795 testimonio
1894 4730 2091 4796 litterarum.

72 4835 174 4904 Sciant
197 4838 302 4924 igitur
323 4840 496 4922 presentes
520 4840 553 4902 et
576 4841 780 4920 cognoscant
803 4838 941 4921 posteri,
966 4837 1156 4920 quodcum
1175 4836 1369 4903 Wulfardus
1392 4837 1489 4902 miles
1506 4837 1547 4902 de
1563 4835 1678 4918 Wede,
1703 4835 1929 4903 ministerialis
1954 4837 2092 4904 ecclesie

71 4947 187 5037 nostre,
212 4948 361 5029 quatuor
385 4963 481 5027 agros
504 4943 640 5008 invilla
663 4943 794 5028 Dilinge
817 4963 838 5008 a
860 4945 956 5026 parte
979 4943 1133 5010 orientali
1156 4943 1248 5025 sitoS,
1272 4963 1357 5026 quos
1381 4963 1400 5008 a
1423 4943 1521 5009 nobis
1540 4942 1576 5007 in
1590 4942 1689 5008 feodo
1712 4943 1857 5022 tenebat,
1881 4963 1958 5009 cum
1973 4944 2093 5009 volun-

71 5052 133 5114 tate
165 5054 198 5116 et
228 5051 478 5117 collaudatione
511 5051 675 5116 heredum
708 5069 846 5115 suorum
881 5051 916 5114 in
943 5049 1097 5115 manibus
1132 5050 1255 5115 nostris
1290 5051 1502 5134 resignasset,
1537 5067 1599 5114 nos
1630 5048 1795 5116 dictorum
1829 5068 1983 5134 agrmum
2014 5069 2093 5133 pro·

71 5155 243 5237 prietatem
280 5157 323 5222 ad
352 5176 413 5223 nos
445 5156 668 5241 pertinentem
702 5176 779 5222 cum
813 5155 905 5222 omni
938 5156 1011 5221 iure
1041 5155 1190 5240 ipsorum
1224 5155 1364 5223 cenobio
1394 5157 1431 5222 in
1459 5155 1608 5222 Leveren
1638 5155 1838 5223 contulimus
1860 5155 1896 5220 in
1919 5155 2093 5239 proprium

71 5263 201 5344 capituli
237 5263 345 5330 nostri
373 5281 538 5328 consensu
563 5265 598 5327 et
619 5261 792 5328 voluntate
815 5262 858 5328 ad
880 5263 944 5327 hoc
966 5263 1156 5328 accedente.
1202 5263 1248 5329 Ut
1271 5266 1383 5328 autem
1405 5263 1468 5328 hec
1490 5265 1562 5329 rata
1585 5265 1804 5346 permaneant
1827 5264 1862 5327 et
1885 5261 2092 5344 inconvulsa,

70 5371 257 5448 presentem
286 5369 443 5452 paginam
471 5368 636 5434 conscribi
666 5371 699 5434 et
722 5368 820 5451 sigilli
842 5367 947 5434 nostri
971 5368 1153 5435 munimine
1176 5369 1313 5436 fecimus
1337 5369 1499 5436 roborari.
1546 5369 1664 5434 Testes
1687 5368 1788 5434 huius
1811 5368 1858 5434 rei
1882 5370 1977 5433 sunt:
2012 5367 2092 5432 Thi·

72 5470 193 5540 dericus
231 5475 339 5540 maior
372 5475 575 5558 prepositus,
610 5474 824 5540 Hermannus
859 5474 981 5540 nobilis
1012 5475 1054 5541 de
1075 5476 1212 5556 Amem,
1249 5475 1463 5541 Hermannus
1488 5477 1529 5542 de
1553 5475 1817 5556 Haddenhusen,
1852 5473 2027 5540 Conradus
2051 5473 2093 5540 de
