5086 6768
441 393 509 458 438
1405 409 1474 466 1288

551 603 637 683 Quia
664 602 878 671 honorabiles
900 601 963 668 viri
988 603 1157 669 ..decanus
1180 602 1384 686 Angarensis
1408 605 1441 668 et
1468 603 1628 686 magister
1650 605 1809 671 Albertus
1833 606 1875 671 de
1900 607 2095 673 Brochusen
2119 608 2301 676 canonicus
2323 611 2478 676 Wildes-

443 711 599 777 busensis
623 710 836 776 ecclesiarum
853 709 1123 792 osnaburgensis
1147 709 1299 792 diocesia,
1323 710 1382 792 qui
1406 730 1442 775 se
1466 709 1581 776 dicunt
1604 714 1797 778 executores
1813 713 1995 778 Thethardi
2018 715 2060 779 de
2075 714 2220 781 Rodben
2242 716 2352 782 clerici
2368 737 2481 802 super

443 818 582 883 ecclesia
606 817 647 882 de
668 816 846 898 Dilinghen
868 815 1051 881 Mindensis
1076 815 1217 882 diocesis
1232 836 1252 882 a
1267 816 1449 882 venerabili
1469 819 1566 900 patre
1587 837 1625 883 ac
1642 818 1777 884 domino
1797 819 1933 885 domino
1950 819 2074 887 Sifrido
2091 821 2151 886 Dei
2167 821 2272 906 gratia
2288 823 2477 908 archiepis-

442 943 528 1008 copo
542 921 733 989 Coloniensi
750 922 959 1002 constitutos,
971 921 1056 987 falso
1073 924 1270 1004 asserentes,
1284 942 1319 988 se
1335 923 1522 1006 predictum
1535 924 1767 990 Thethardum
1782 925 1817 989 in
1832 925 2037 1008 corporalem
2053 928 2303 1010 possessiouem
2317 931 2479 1014 predicte

443 1030 583 1097 ecclesie
600 1030 642 1095 de
659 1028 837 1112 Dilinghen
859 1027 1030 1094 induxisse
1056 1047 1131 1093 cum
1155 1027 1459 1112 sollempnitatibus
1483 1029 1605 1095 debitis
1629 1032 1663 1096 et
1680 1031 1848 1097 consuetis
1864 1031 1964 1097 michi
1980 1032 2176 1116 Borghardo
2193 1035 2312 1100 rectori
2327 1036 2476 1101 ecclesie

443 1137 484 1201 de
512 1136 689 1219 Dilinghen
716 1137 898 1200 memorate
925 1136 1090 1200 mandant
1118 1134 1159 1199 de
1186 1134 1285 1217 facto,
1314 1154 1390 1200 cum
1419 1136 1460 1201 de
1488 1137 1561 1201 iure
1589 1156 1657 1201 non
1685 1137 1825 1221 possint,
1854 1158 1915 1221 pro
1946 1159 2005 1205 sue
2034 1138 2217 1206 voluntatis
2248 1141 2340 1206 libito
2373 1143 2477 1208 nulla

446 1263 583 1326 prorsus
614 1241 823 1307 iurisditione
852 1240 934 1325 ipsis
962 1241 997 1305 in
1025 1242 1089 1305 hac
1115 1245 1211 1325 parte
1240 1241 1426 1322 commissa,
1462 1241 1563 1308 michi
1592 1242 1739 1309 exhibita
1762 1245 1835 1309 sine
1858 1245 1998 1310 alicuius
2021 1264 2121 1312 cause
2144 1246 2341 1330 cognitione,
2377 1247 2480 1313 nulla

442 1349 541 1416 etiam
572 1349 730 1415 citatione
753 1347 916 1431 premissa
939 1350 997 1413 aut
1019 1346 1200 1413 monitione
1225 1347 1427 1430 competenti
1451 1347 1547 1430 lacta,
1578 1353 1617 1415 ut
1640 1349 1764 1415 dictum
1788 1351 1995 1416 Dethardum
2018 1352 2062 1416 ad
2084 1353 2271 1436 predictam
2294 1353 2477 1419 ecclesiam

442 1457 484 1521 de
511 1455 687 1538 Dilingheu
719 1453 927 1520 admittendo
957 1454 999 1519 ab
1031 1454 1122 1519 omni
1154 1453 1394 1536 impedimento
1424 1455 1532 1537 ipsius
1560 1455 1744 1521 Tbethardi
1774 1477 1876 1541 super
1906 1457 2025 1523 eadem
2057 1459 2197 1524 ecclesia
2226 1459 2262 1525 iu
2290 1459 2479 1544 Dilinghen

445 1563 604 1628 desistam
628 1561 774 1634 omniuo,
798 1560 831 1624 in
856 1580 968 1625 meum
991 1579 1060 1625 non
1083 1559 1253 1625 modicum
1276 1559 1497 1642 preludicium
1517 1563 1551 1627 et
1566 1581 1754 1644 gravamen,
1779 1562 1813 1627 in
1829 1583 1883 1628 me
1899 1564 2026 1629 nullam
2042 1564 2207 1630 habentes
2222 1565 2477 1631 iurisditionem

441 1668 644 1733 ordinariam
667 1669 725 1732 aut
748 1667 849 1732 etiam
873 1667 1067 1750 delegatam,
1092 1666 1133 1731 de
1157 1687 1223 1749 qua
1245 1666 1346 1732 michi
1367 1669 1497 1731 constet
1512 1667 1564 1732 vel
1581 1671 1732 1733 constare
1748 1669 1864 1752 possit,
1889 1689 1957 1734 uon
1972 1671 2119 1747 citatum,
2145 1691 2212 1736 non
2228 1673 2477 1739 commonitum

440 1774 586 1858 legitime
614 1793 676 1839 nec
703 1774 894 1838 confessum
923 1773 1153 1856 suspensionis
1181 1793 1201 1838 a
1232 1772 1355 1838 divinis
1379 1775 1412 1837 et
1436 1774 1788 1839 excommunicationis
1822 1777 2003 1843 sententias
2028 1777 2246 1859 fulminando,
2276 1798 2337 1862 ego
2361 1778 2476 1861 Borg-

440 1883 566 1947 hardus
602 1880 771 1963 predictus
810 1879 958 1945 sentiens
991 1900 1044 1944 me
1073 1899 1114 1944 ex
1141 1877 1313 1960 premissis
1345 1879 1453 1944 causis
1480 1879 1629 1945 indebite
1658 1881 1849 1964 pregravari
1878 1885 1912 1948 et
1939 1886 2112 1966 gravatum
2140 1903 2225 1964 esse,
2260 1903 2407 1966 provoco
2440 1889 2475 1948 et

441 1988 574 2072 appello
606 1986 721 2051 sedern
745 1985 959 2068 apostolicam
981 1986 1015 2050 in
1041 1985 1104 2050 hiis
1129 1984 1263 2068 scriptis
1287 1987 1320 2048 et
1343 1985 1513 2067 apostolos
1536 1985 1700 2051 instanter
1723 1989 1802 2070 peto
1827 2007 2021 2072 supponens
2044 2009 2098 2054 me
2123 1991 2157 2054 ct
2180 2009 2255 2055 mea
2277 2010 2315 2056 ac
2338 1991 2475 2072 specia-

439 2095 515 2160 liter
538 2093 712 2159 ecclesiam
736 2113 843 2158 meam
866 2092 902 2156 in
925 2092 1100 2176 Dilinghen
1125 2091 1308 2175 predictam
1332 2110 1408 2156 cum
1431 2093 1588 2157 omnibus
1612 2093 1681 2157 suis
1704 2094 1914 2177 pertinentiis
1938 2115 1976 2160 ac
1999 2114 2116 2159 omues
2142 2095 2245 2160 michi
2268 2097 2473 2161 adherentes

441 2203 475 2267 et
498 2202 660 2266 adherere
684 2200 834 2265 volentes
858 2199 1007 2264 eiusdem
1031 2198 1121 2264 sedis
1144 2197 1357 2280 protectioni,
1380 2201 1414 2262 et
1437 2198 1510 2263 iuro
1533 2199 1630 2264 tactis
1654 2200 1873 2265 sacrosanctis
1897 2200 1956 2266 Dei
1980 2200 2182 2284 ewangeliiS,
2213 2202 2305 2284 quod
2327 2223 2379 2280 ea,
2404 2222 2474 2286 que

442 2307 595 2391 superius
624 2308 702 2371 sunt
732 2324 899 2387 expressa,
930 2306 1029 2370 credo
1057 2324 1131 2369 esse
1159 2323 1238 2369 vera
1266 2307 1299 2369 et
1329 2324 1383 2368 me
1410 2324 1511 2387 posse
1534 2307 1690 2389 probare,
1722 2326 1761 2371 ac
1784 2309 1959 2390 protestor,
1991 2308 2084 2391 quod
2108 2307 2369 2391 appellationem
2391 2329 2473 2392 pre-

441 2414 564 2479 dictam
587 2412 834 2496 quamprimum
857 2411 987 2495 copiam
1011 2412 1265 2495 (predictorum
1288 2409 1499 2475 dominorum
1523 2411 1639 2477 decani
1663 2415 1696 2477 et
1719 2413 1867 2495 magistri
1894 2413 2027 2478 Alberti
2051 2414 2176 2478 habere
2202 2419 2330 2498 potero,
2354 2435 2472 2480 coram

400 2527 405 2536 ’
440 2520 522 2602 ipsis
550 2538 736 2602 proponam
764 2538 823 2584 seu
851 2518 992 2601 proponi
1019 2517 1179 2601 f(aci)am‚
1207 2517 1365 2582 invocans
1393 2537 1496 2600 super
1525 2538 1564 2582 eo
1594 2517 1823 2584 testimonium
1856 2519 2063 2602 presentium
2096 2520 2318 2586 dominorum.
2366 2521 2470 2585 Facta

442 2628 494 2690 est
518 2625 580 2690 hec
603 2624 783 2709 appellatio
807 2625 850 2689 ad
873 2623 1020 2689 bostium
1044 2624 1181 2690 ecclesie
1199 2623 1507 2706 O(sna)burgensis,
1531 2643 1619 2690 anuo
1643 2625 1775 2689 Domini
1790 2625 2173 2702 M⁰.CC⁰.LXXX⁰VIH⁰.,
2197 2627 2289 2692 Ydus
2304 2627 2468 2704 ianuarii,

440 2732 652 2816 presentibus
681 2731 939 2796 honorabilibus
968 2730 1110 2796 dominis
1134 2729 1289 2794 Conrado
1320 2729 1409 2794 dicto
1439 2729 1544 2811 Hake,
1574 2730 1718 2795 Henrico
1750 2732 1791 2796 de
1814 2733 1936 2814 Monte,
1968 2731 2120 2797 iohanne
2145 2733 2186 2797 de
2210 2734 2287 2812 Ves,
2315 2734 2469 2798 Wescelo
2541 2787 2542 2794 ἶ

443 2839 616 2922 preposito
644 2838 679 2902 in
701 2832 883 2918 Drebbere,
915 2837 1092 2902 Thiderico
1120 2834 1309 2916 scolastice,
1345 2835 1492 2900 Rodolfo
1522 2838 1563 2901 de
1587 2836 1692 2902 Rusle
1724 2837 1959 2903 archidiacono
1982 2840 2025 2903 de
2048 2838 2246 2922 Loninghen
2269 2839 2306 2906 in
2328 2839 2469 2904 ecclesia

440 2943 700 3027 osnaburgensi,
724 2944 902 3009 Lodewico
926 2948 1071 3024 cantore,
1096 2944 1240 3026 Symone
1265 2941 1307 3006 de
1323 2941 1502 3025 tietberga
1526 2942 1693 3008 canonicis
1709 2943 2034 3027 osnaburgensibus,
2058 2949 2091 3010 et
2108 2945 2181 3010 aliis
2197 2946 2465 3030 quampluribus

438 3049 506 3116 fide
530 3049 647 3132 dignis.
694 3049 736 3114 Et
759 3070 820 3115 uos
843 3050 994 3116 canonici
1017 3049 1168 3133 predicti,
1199 3049 1280 3130 quia
1305 3048 1470 3131 premissa
1492 3047 1638 3114 vidimus
1663 3054 1696 3114 et
1720 3050 1908 3115 audivimus
1933 3070 2034 3132 anuo,
2062 3051 2117 3116 die
2142 3056 2176 3118 et
2199 3052 2273 3117 loco
2296 3052 2467 3135 predictis,

440 3177 481 3221 ea
504 3156 626 3221 nostris
651 3156 767 3240 sigillis
790 3157 1003 3239 presentibus
1028 3158 1225 3222 attestamur
1248 3153 1407 3218 antedicti
1429 3154 1566 3220 rectoris
1591 3155 1729 3221 ecclesie
1752 3156 1787 3220 in
1811 3157 1988 3240 Dilinghen
2012 3158 2167 3241 precibus
2190 3158 2350 3224 inclinati.

572 3277 628 3345 Or.
658 3282 702 3342 im
723 3277 798 3365 th.
825 3278 928 3345 St-A.
957 3301 997 3343 zu
1020 3279 1171 3356 Minster,
1208 3276 1329 3342 Leucon
1358 3275 1420 3341 Nr.
1446 3275 1521 3341 100.
1573 3275 1638 3342 Vrm
1669 3281 1727 3344 den
1758 3280 1829 3344 aoht
1850 3277 1975 3365 Siegeln
2004 3282 2073 3346 circi
2100 3303 2159 3346 oon
2181 3282 2241 3346 don
2266 3281 2466 3367 Pergameni-

651 3388 778 3470 streifen
806 3386 857 3464 ab,
894 3387 953 3448 doe
979 3386 1033 3450 dea
1057 3384 1188 3449 Konrod
1210 3382 1312 3462 Hake,
1344 3381 1452 3451 Heinr.
1478 3385 1515 3448 dc
1538 3385 1648 3464 Monte,
1687 3383 1809 3451 Wesccl.
1840 3387 1906 3450 und
1935 3387 1988 3452 dea
2014 3385 2121 3452 Simon
2144 3412 2170 3452 v.
2195 3386 2344 3473 nachao
2372 3411 2465 3473 porta,

650 3514 708 3557 uon
735 3494 804 3557 ᾰεηι
833 3493 887 3558 des
919 3491 1111 3556 Scholastica
1146 3492 1195 3556 cto
1222 3502 1329 3553 antero
1359 3487 1470 3565 Hcttte
1504 3492 1655 3567 crhaitcn3
1688 3492 1789 3556 dauon
1815 3491 1989 3578 obgebildot
2018 3492 2123 3578 Siagcl
2144 3495 2198 3558 des
2222 3492 2325 3560 Schol.
2359 3492 2466 3570 Westf.

654 3598 759 3684 Siegel
781 3597 858 3676 Heft
880 3596 945 3677 ΙΙΙ,
974 3596 1045 3678 Tofi
1072 3596 1137 3662 136
1159 3595 1218 3664 Nr.
1243 3597 1281 3673 53
1305 3596 1364 3660 dac
1387 3597 1440 3661 dee
1465 3595 1573 3662 Simon
1596 3598 1764 3684 mispricht
1786 3599 1841 3663 der
1863 3598 1940 3662 Atb.
1969 3597 2040 3684 Taf.
2068 3598 2130 3664 135
2155 3598 2214 3665 Nr.
2237 3597 2271 3664 3.

1394 3796 1505 3874 1382.

439 3922 538 4012 Gros
561 3923 673 4014 (Otto)
701 3945 765 3994 oon
792 3921 1010 4012 Muensberp
1037 3928 1137 3994 nnter
1164 3923 1230 3994 den
1259 3922 1515 4012 Mitbcsieplcrn
1542 3924 1605 3994 der
1640 3925 1802 3997 Urhnnde
1829 3925 1890 3997 der
1908 3925 2104 3997 Edelhcrrn
2131 3927 2252 3998 Simon
2268 3949 2332 3998 aar
2350 3927 2466 4017 lippe

650 4029 722 4100 und
748 4031 863 4106 scinci·
891 4029 991 4099 Fron
1018 4029 1187 4100 Adelheid
1213 4051 1278 4100 von
1313 4029 1477 4103 Woideclc
1503 4031 1567 4117 fiir
1594 4027 1649 4102 nt
1677 4029 1820 4123 trappa.
1875 4035 1975 4105 1288
2004 4033 2163 4104 Febmar
2189 4031 2251 4106 21.

572 4144 667 4212 cert.
697 4145 802 4232 neas.
833 4144 905 4210 ua.
932 4143 991 4224 rr,
1018 4144 1053 4210 s.
1075 4143 1144 4210 erc
1166 4144 1226 4211 ru.
1253 4144 1348 4224 nar,
1381 4145 1519 4232 sapen,
1544 4145 1631 4232 oto.
1657 4147 1761 4214 cem.
1787 4146 1848 4228 nr,
1876 4147 1910 4215 s.
1933 4146 2010 4213 227.
2058 4149 2172 4235 atqie
2192 4149 2286 4237 capp.
2312 4148 2463 4236 neggi,
2541 4125 2542 4184 ἰ

655 4251 964 4318 omnm

1393 4399 1505 4476 1383.

437 4526 539 4617 Grof
563 4526 745 4617 llhrpeibert
778 4548 841 4598 von
874 4525 1066 4620 Euaretein,
1110 4525 1296 4600 ll'idelcinti
1328 4525 1500 4598 Domherr
1532 4549 1576 4597 an
1608 4526 1759 4598 Mindon
1797 4528 1869 4599 und
1902 4527 2080 4617 Heinrich,
2113 4528 2267 4618 Bardo,
2301 4527 2457 4600 manchon

434 4636 496 4705 anit
514 4632 668 4721 Bischof
687 4633 830 4724 Votqnin
856 4654 922 4703 oon
941 4632 1091 4726 Mindon
1117 4631 1204 4721 (inf
1227 4633 1299 4704 nnat
1327 4634 1401 4704 eine
1426 4631 1521 4704 balbe
1539 4633 1636 4720 ane
1662 4635 1701 4704 in
1719 4633 1840 4706 Setoen
1855 4656 1961 4724 pepon
1979 4636 2078 4705 einen
2095 4633 2178 4723 Hos
2190 4636 2229 4706 in
2248 4632 2374 4707 Sncsle
2392 4635 2457 4705 ein.

1303 4736 1407 4813 1288
1435 4738 1542 4809 Mtirz
1571 4743 1601 4814 6.

543 4857 615 4923 Nos
638 4856 834 4940 Egelbertus
859 4876 970 4922 comes
994 4856 1035 4921 de
1062 4857 1236 4936 aversan,
1261 4857 1485 4922 Wedekindus
1509 4857 1689 4922 canonicus
1713 4856 1896 4924 Mindensis
1919 4878 1958 4923 ac
1982 4858 2139 4924 lliuricus
2162 4858 2282 4924 fratres
2305 4857 2457 4924 omnibus
2541 4907 2542 4946 ,

436 4965 499 5029 hoc
523 4963 684 5048 scriptum
715 4963 837 5028 visuris
865 4963 1007 5027 salutem
1031 4962 1066 5026 in
1089 4961 1231 5028 Domino
1257 4964 1502 5046 sempiternam.
1551 4963 1716 5042 Quoniam
1739 4964 1887 5030 omnium
1909 4964 2033 5031 habere
2055 4966 2250 5031 memoriam
2271 4965 2383 5049 pocius
2401 4967 2455 5026 est

436 5070 619 5137 divinitatis
643 5089 744 5153 quam
767 5069 995 5150 humanitatis,
1025 5067 1189 5134 conscribi
1214 5066 1353 5133 facimus
1377 5089 1416 5134 ea
1440 5089 1505 5153 que
1528 5089 1589 5154 per
1612 5091 1674 5136 nos
1697 5074 1850 5154 aguntur,
1874 5090 1916 5136 ne
1939 5071 2098 5137 oblivioni
2121 5072 2306 5137 tradantur.
2350 5070 2451 5153 Igitur

435 5180 554 5242 notum
584 5196 657 5241 esse
686 5175 838 5242 volumus
868 5178 938 5241 tam
967 5175 1181 5259 presentibus
1214 5194 1316 5258 quam
1346 5175 1478 5258 suturis,
1513 5178 1605 5260 quod
1636 5197 1696 5243 nos
1726 5177 1910 5243 venerabili
1940 5177 2077 5244 domiuo
2107 5178 2291 5244 Mindensis
2320 5174 2452 5242 ecclesie

435 5283 595 5367 episcopo
625 5283 775 5366 quinque
805 5301 942 5348 mansus
974 5281 1010 5348 in
1034 5280 1263 5360 Selekessen1)
1295 5281 1378 5346 sitos
1410 5281 1562 5372 dedimus
1592 5303 1654 5367 per
1685 5284 1855 5367 quandam
1885 5285 2182 5350 commutationem
2216 5305 2279 5368 pro
2311 5281 2448 5368 quadam

433 5389 529 5454 curia
551 5388 586 5455 iu
609 5387 762 5475 snesle2)
785 5390 818 5454 et
840 5408 900 5473 pro
924 5391 1070 5472 quatuor
1092 5387 1218 5454 mansis
1243 5387 1315 5453 sitis
1339 5389 1374 5454 in
1397 5407 1516 5473 campo
1540 5389 1627 5455 dicte
1650 5389 1739 5472 ville,
1762 5409 1847 5472 quos
1870 5409 1890 5454 a
1913 5390 2096 5456 venerabili
2120 5391 2255 5458 donuno
2279 5387 2449 5456 iamdicto
2541 5465 2542 5476 ἵ
