5058 6792
423 442 488 508 190
1415 454 1484 510 1256

421 650 619 719 habebimus
643 649 844 731 facultatem,
868 650 928 716 sed
951 649 1100 715 eiusdem
1121 648 1331 733 Rteynberti)
1356 668 1394 716 ac
1417 650 1579 715 heredum
1602 668 1741 715 suorum
1763 652 1929 734 perpetuo
1952 651 2241 738 permanebunt1).
2287 654 2326 717 In
2347 655 2432 720 cuius

420 759 469 824 rei
498 757 693 823 memoriam
725 755 870 840 sigillum
897 757 1049 822 nostrum
1076 755 1155 819 huic
1185 755 1310 838 scripto
1340 755 1494 821 duximus
1516 755 1765 840 apponendum.
1812 755 1931 822 Testes
1954 755 2014 841 qui
2036 756 2257 828 interfuerunt
2277 759 2324 824 hii
2345 765 2433 827 sunt:

422 864 590 930 Gerardus
625 863 667 928 de
701 861 898 928 Hunevelde
931 861 981 926 vir
1015 861 1152 942 nobilis,
1193 861 1408 957 Hermannus
1444 861 1486 926 de
1521 861 1754 944 Callenthorp,
1794 860 1964 928 Johannes
1999 863 2109 928 dictus
2142 861 2238 930 Wale
2274 867 2433 948 quondam

421 969 560 1054 dapifer,
581 967 770 1034 Everardus
793 968 836 1033 de
858 966 977 1048 Brede‚
1000 967 1180 1032 Lutbertus
1196 967 1238 1032 da
1253 965 1389 1050 Theem,
1414 967 1579 1051 Rotgerus
1595 968 1789 1052 Holtgreve,
1811 969 1984 1036 lohannes
2006 969 2222 1052 kameran'us,
2245 969 2433 1038 'thidericus

420 1075 463 1142 de
485 1075 582 1155 Alen,
616 1073 812 1140 Thidericus
841 1073 882 1138 de
905 1074 1034 1138 Theem
1061 1071 1200 1152 milites;
1235 1072 1341 1137 Artus
1366 1073 1407 1138 de
1429 1071 1549 1153 Brede,
1584 1072 1771 1139 Volcwinus
1793 1073 1907 1140 Kretel
1933 1074 2060 1141 famuli.
2106 1073 2192 1141 Acta
2218 1079 2297 1146 sunt
2323 1077 2382 1142 hec
2402 1077 2433 1142 in

420 1182 520 1248 domo
542 1180 728 1247 Lutbrandi
748 1180 872 1262 Kretel,
897 1180 975 1246 data
994 1179 1142 1246 Vlotowe
1163 1198 1252 1245 anno
1275 1178 1407 1244 Domini
1430 1177 1569 1244 M⁰.CC⁰.
1593 1178 1868 1263 quinquagesimo
1889 1181 1994 1262 sexte,
2017 1179 2053 1244 in
2072 1179 2157 1246 festo
2177 1181 2268 1247 beati
2284 1182 2432 1250 Maurici.

637 1288 657 1353 ¹)
675 1285 737 1343 Or„-
756 1288 923 1355 permabunt.

555 1373 610 1440 Or.
633 1377 677 1438 im
699 1373 773 1460 qu.
799 1373 903 1440 Sa-A.
927 1396 967 1439 zu
989 1373 1139 1453 Moatra,
1163 1372 1310 1452 Grofech.
1338 1371 1541 1460 Rouenrberq
1563 1370 1625 1441 Nr.
1648 1371 1681 1439 6.
1720 1353 1783 1438 'An
1804 1373 1874 1439 dcrn
1894 1395 1953 1438 oon
1974 1374 2029 1439 der
2049 1371 2198 1440 Urlcunde
2218 1375 2434 1460 praetorem

634 1479 949 1566 Peryammtatreifen
966 1477 1070 1566 Stupet
1084 1480 1137 1544 deo
1153 1477 1341 1544 Auaotellcrc
1355 1481 1390 1543 irc
1405 1482 1541 1544 tremuere
1562 1477 1683 1559 Wocho,
1707 1481 1789 1566 zeipt
1807 1480 1877 1546 drei
1889 1478 2113 1566 ffiafhldltriqe
2129 1479 2242 1559 Rosea,
2270 1478 2437 1558 Uonchrs'ft

632 1588 842 1673 qrdcctenteilc
864 1589 1000 1652 zaratort.
1047 1584 1163 1671 Repect
1184 1583 1225 1700 Gz
1248 1608 1276 1650 o.
1301 1585 1331 1650 d.
1357 1583 1506 1664 Broccho,
1530 1583 1638 1652 Gecch.
1663 1586 1798 1651 dercon
1820 1586 1888 1652 dem
1911 1586 2049 1652 Bracata
2071 1584 2098 1666 Ι,
2125 1585 2160 1652 S.
2183 1587 2205 1650 5
2229 1584 2291 1652 Nr.
2318 1586 2368 1654 19.

1388 1730 1480 1809 658.

419 1860 491 1933 Dic
519 1860 619 1933 stadt
655 1858 804 1930 Mladca
837 1858 929 1930 bittet
959 1858 1015 1929 dte
1047 1857 1167 1930 Slddtc
1199 1857 1272 1930 aad
1305 1855 1421 1928 Edlea
1455 1879 1502 1929 aa
1528 1856 1601 1929 aad
1620 1857 1764 1945 jcuseits
1794 1857 1858 1929 der
1890 1857 1980 1930 Elbo
2011 1881 2070 1929 arm
2104 1856 2213 1947 thfc
2240 1880 2348 1950 pogen
2378 1859 2435 1934 deu

493 1965 630 2055 Grofcrr
657 1987 721 2036 coa
756 1964 875 2056 Wdlpe
900 1966 974 2036 aad
1002 1964 1121 2036 mosea
1148 1963 1256 2034 Drost
1282 1960 1427 2034 Koarod
1451 1985 1517 2034 ocu
1543 1962 1772 2054 Ruvmmberp.
1829 1962 2105 2037 Miudcrr1256
2132 1963 2324 2036 November
2349 1969 2381 2038 8.

528 2083 791 2150 Honorabilibus
827 2081 905 2148 viris
940 2082 1055 2148 amicis
1090 2081 1159 2146 suis
1194 2081 1321 2164 iuratis,
1356 2081 1532 2161 iudicibus,
1566 2081 1760 2148 consulibus
1791 2084 1825 2147 et
1855 2081 2019 2147 universis
2051 2080 2307 2163 Lubicensibus,
2342 2083 2436 2147 Hom·

419 2190 653 2274 borgensibus,
688 2189 910 2255 Stadensibus
940 2191 972 2254 et
1004 2187 1123 2254 ceteris
1158 2187 1347 2254 civitatibus
1379 2187 1464 2254 circa
1493 2186 1627 2254 Albium
1661 2189 1695 2254 et
1721 2188 1815 2252 trans
1842 2187 1977 2253 Albiam
2011 2188 2083 2254 sitis
2114 2190 2147 2253 et
2174 2188 2353 2270 nobilibus,
2386 2189 2436 2271 qui

419 2317 537 2383 pacem
560 2297 681 2362 iactam
703 2296 906 2377 iuraverunt,
930 2294 1164 2361 ministeriales
1187 2294 1299 2360 Minde
1322 2296 1504 2376 moranteS,
1528 2293 1684 2360 consules
1707 2295 1741 2359 et
1756 2293 1904 2360 universi
1919 2293 2109 2360 Mindenses
2126 2295 2288 2379 quicquid
2303 2299 2436 2378 possunt

420 2407 453 2470 et
477 2402 600 2468 debent
628 2422 667 2466 ex
690 2401 931 2485 compromisso
955 2402 990 2466 et
1012 2400 1108 2466 ultra.
1154 2400 1331 2466 Honestati
1365 2402 1475 2466 vestre
1508 2401 1745 2485 conquerimus
1779 2399 2040 2482 lacrimabiliter,
2074 2400 2163 2467 sicut
2193 2401 2382 2468 civitatibus
2407 2404 2436 2465 et

419 2508 588 2575 nobilibus
612 2507 782 2573 Westsalie
811 2527 928 2573 sumus
956 2508 1024 2572 iam
1053 2507 1237 2590 conquesti,
1272 2507 1365 2590 quod
1390 2526 1505 2572 comes
1525 2507 1566 2573 de
1589 2506 1714 2592 Wilipa
1738 2509 1772 2572 et
1794 2506 1951 2572 dominus
1975 2507 2150 2574 Corradus
2173 2508 2214 2573 de
2236 2507 2435 2590 Ravenberg,

419 2614 550 2701 dapifer
583 2633 676 2696 suus,
711 2633 772 2678 nos
803 2613 905 2678 nullis
935 2612 1040 2697 culpis
1073 2611 1278 2695 exigentibus
1313 2613 1503 2697 spoliarunt
1534 2613 1696 2680 violenter
1726 2613 1889 2697 quosdam
1918 2632 1958 2678 ex
1982 2613 2104 2678 nostris
2129 2613 2330 2695 occidentes,
2363 2613 2436 2680 alios

419 2723 604 2806 captivatos
633 2720 858 2785 inhumaniter
887 2739 1017 2786 carcere
1040 2717 1186 2802 puniunt
1209 2721 1243 2783 et
1266 2718 1430 2802 affligunt.
1478 2719 1590 2798 Quare
1612 2719 1782 2785 honestati
1804 2722 1915 2785 vestre
1938 2719 2177 2802 subplicamus‚
2212 2722 2379 2803 quatenus
2400 2719 2437 2784 ob

420 2830 481 2894 Dei
503 2826 729 2894 reverenciam
752 2826 786 2891 et
808 2824 901 2909 pacis
923 2826 1086 2890 honorem
1107 2823 1204 2889 nobis
1228 2826 1394 2889 maturato
1418 2824 1540 2890 auxilio
1564 2825 1779 2907 subveniatis,
1804 2827 1891 2892 sicut
1910 2825 2125 2891 condiciones
2148 2824 2240 2909 pacis
2255 2825 2326 2891 iam
2340 2826 2438 2890 iurate

419 2934 558 3001 avobis
589 2933 773 3016 requirunt,
809 2931 889 3015 quia
923 2931 1028 2996 nostri
1063 2931 1142 2996 estis
1177 2929 1340 2996 coniurati
1370 2933 1404 2995 et
1431 2932 1524 3014 pacis
1555 2932 1723 2998 zelatores.
1770 2932 1909 2997 Nobiles
1939 2951 2019 2997 vero
2043 2931 2216 2998 Westfalie
2239 2935 2274 2998 et
2299 2933 2438 2998 civitates

419 3059 520 3123 super
550 3037 713 3103 consimili
744 3037 910 3122 peticione
933 3040 1048 3102 nostra
1069 3036 1234 3102 hahentes
1258 3037 1433 3103 consilium
1457 3041 1631 3103 sexcentos
1656 3037 1837 3104 dextrarios
1860 3039 2017 3105 faleratos
2042 3040 2075 3103 et
2099 3041 2234 3103 centum
2256 3039 2438 3103 balistarios

420 3147 455 3211 et
477 3145 676 3229 quingentos
706 3147 852 3210 armatos
876 3144 1029 3227 sequenti
1053 3143 1106 3208 die
1130 3145 1206 3226 post
1229 3142 1350 3208 festum
1374 3143 1464 3208 beati
1487 3144 1621 3209 Martini
1643 3145 1795 3228 proxime
1818 3145 1948 3209 venturi
1974 3144 2072 3210 nobis
2094 3144 2130 3210 in
2154 3144 2316 3210 auxilium
2340 3149 2439 3210 trans-

418 3251 553 3317 mittent
575 3253 617 3332 et,
642 3270 718 3317 cum
740 3269 840 3334 posse
863 3252 1011 3316 vestrum
1034 3269 1191 3332 magnum
1214 3249 1450 3331 audiverimus,
1474 3251 1631 3332 petimus,
1656 3254 1695 3316 ut
1710 3251 1894 3316 secundum
1913 3249 2174 3334 possibilitatem
2188 3253 2338 3316 vestram
2353 3249 2440 3314 nobis

419 3357 627 3424 subveniatis
650 3361 789 3439 mature,
813 3359 851 3423 ut
874 3357 1013 3423 viriliter
1035 3357 1126 3440 pacis
1149 3355 1376 3422 turbatoribus
1404 3357 1491 3420 circa
1514 3356 1717 3440 principium
1738 3355 1924 3438 resistatur,
1960 3355 2031 3421 sive
2054 3357 2100 3422 sit
2122 3357 2157 3421 in
2180 3355 2275 3441 equis
2301 3355 2441 3422 faleratis

418 3465 488 3530 sive
523 3463 597 3528 aliis
632 3465 769 3530 armatis
803 3463 856 3530 vel
887 3464 1066 3546 peditibus,
1101 3465 1138 3527 ut
1167 3483 1244 3528 cum
1276 3462 1514 3527 Bremensibus
1549 3461 1646 3527 nobis
1682 3462 1725 3527 ad
1759 3461 2004 3546 expeditionem
2038 3462 2225 3528 taciendam
2258 3464 2441 3530 occurrant

419 3571 541 3635 Datum
564 3570 676 3635 Minde
699 3590 787 3637 anno
810 3569 944 3635 Domini
966 3568 1154 3649 M⁰CCLVI,
1178 3571 1271 3634 sexto
1299 3568 1379 3633 Idus
1402 3567 1612 3634 Novembris.

553 3673 644 3738 Ncob
667 3675 736 3740 dem
758 3673 814 3738 Or.
838 3678 881 3738 im
907 3672 1109 3738 Sladturchiv
1131 3695 1171 3737 zu
1192 3672 1323 3752 Laberi,
1355 3673 1443 3758 pedr.
1467 3670 1599 3739 loibeck.
1631 3670 1698 3737 UD.
1724 3673 1750 3753 I,
1788 3671 1823 3738 S.
1845 3672 1910 3736 214
1942 3670 2003 3739 Nr.
2027 3671 2104 3750 230,
2141 3673 2254 3759 Regem
2278 3673 2331 3739 bei
2352 3672 2443 3736 Hddl·

634 3780 737 3859 duam,
762 3779 863 3844 Harae.
892 3778 924 3844 U
925 3780 962 3846 B.
988 3777 1015 3863 I,
1041 3778 1075 3845 S.
1101 3778 1165 3845 175
1187 3777 1249 3846 Nr.
1274 3777 1350 3857 493,
1373 3801 1420 3843 coo
1442 3779 1492 3844 die
1516 3779 1651 3844 anderen
1673 3778 1797 3844 Diaeta
1820 3778 2006 3865 cogegebat.

1384 3922 1480 4002 659.

420 4053 497 4125 Der
523 4052 702 4124 miadeaer
729 4051 966 4123 Dourdechonl
1001 4051 1156 4141 Wcraer,
1184 4051 1334 4123 Koarod
1359 4050 1433 4122 aad
1460 4050 1553 4123 Solva
1580 4049 1750 4123 Heinrich
1775 4048 2001 4140 Burpprasen
2027 4071 2093 4121 von
2119 4047 2317 4140 Strombcrp
2352 4050 2445 4121 riber-

717 4159 837 4248 eipaen
863 4157 940 4229 dem
966 4154 1025 4228 ΚΖ.
1055 4156 1190 4229 Lovera
1217 4156 1323 4228 Laud
1348 4157 1388 4228 ia
1415 4155 1695 4232 Nord-Mchaca.
1749 4155 1847 4228 1256
1874 4154 2063 4228 November
2091 4158 2150 4227 25.

526 4276 729 4340 Wernherus
753 4275 814 4340 Dei
842 4275 953 4358 gracia
983 4275 1129 4340 decanus
1156 4275 1290 4341 maioris
1318 4274 1458 4340 ecclesie
1481 4273 1664 4339 Mindensis
1693 4276 1727 4338 et
1750 4274 1925 4340 Conradus
1954 4277 1988 4338 et
2012 4273 2189 4340 Heinricus
2217 4273 2309 4338 filius
2333 4294 2414 4338 suus
2423 4273 2447 4356 ¹)

420 4381 549 4448 nobiles
578 4381 639 4446 viri
666 4381 853 4462 burcgravii
882 4381 917 4446 in
948 4381 1141 4463 Stromberg
1169 4381 1323 4447 omnibus
1354 4382 1419 4445 hoc
1450 4380 1612 4465 scriptum
1641 4379 1761 4446 visuris
1791 4380 1948 4446 volumus
1971 4381 2136 4460 constare,
2170 4379 2258 4463 quod
2282 4399 2447 4446 nuscum

419 4507 586 4554 consensu
594 4487 623 4573 2)
645 4488 807 4553 heredum
829 4491 1019 4554 nostrorum
1042 4487 1282 4570 proprietatem
1306 4506 1383 4553 aree
1406 4487 1531 4566 nostre,
1554 4486 1591 4551 in
1614 4504 1682 4569 qua
1703 4487 1854 4552 moratur
1870 4485 2070 4564 Richardus,
2094 4484 2157 4551 site
2172 4485 2446 4552 Norlhmenedhe

420 4595 454 4660 et
476 4593 584 4659 mansi
606 4593 706 4658 unius
728 4593 968 4676 proprietatem
991 4593 1114 4658 ibidem
1138 4613 1214 4657 cum
1237 4593 1411 4659 usufructu
1436 4592 1630 4659 eorumdem
1646 4593 1792 4657 claustro
1809 4592 1960 4658 beveren
1983 4611 2060 4657 cum
2080 4591 2235 4656 omnibus
2259 4590 2447 4657 attinentiis

420 4699 523 4764 libere
547 4699 759 4779 contulimus,
783 4698 905 4764 deinde
927 4719 1006 4764 vero
1022 4699 1229 4765 Richardum
1253 4701 1286 4764 et
1310 4719 1446 4766 uxorem
1469 4718 1565 4764 suam
1589 4718 1665 4764 cum
1687 4698 1802 4781 pueris
1825 4698 1905 4778 suis,
1930 4698 1988 4782 qui
2010 4698 2133 4763 dictam
2149 4717 2262 4764 aream
2278 4698 2446 4777 excolunt,

421 4809 454 4870 et
481 4824 636 4871 mansum
670 4804 767 4870 nohis
802 4824 1021 4870 reservamus.
1079 4806 1124 4870 Ut
1151 4809 1263 4871 autem
1291 4823 1393 4889 super
1419 4806 1483 4870 hac
1517 4805 1633 4870 nostra
1659 4804 1840 4870 collacione
1872 4802 1908 4869 in
1941 4805 2113 4887 posterum
2155 4803 2257 4870 nichil
2294 4804 2447 4870 molestie

421 4914 579 4992 emergat,
602 4929 670 4994 qua
693 4910 818 4976 dictum
842 4911 1026 4976 claustrum
1049 4911 1156 4994 possit
1178 4911 1376 4992 defraudari,
1402 4909 1550 4994 presenti
1573 4909 1697 4993 scripto
1719 4909 1844 4976 iactum
1866 4912 2017 4974 nostrum
2041 4929 2117 4976 cum
2141 4909 2328 4994 sigillorum
2346 4929 2447 4994 appo-

419 5015 545 5082 sicione
568 5019 802 5101 protestamur.
848 5016 970 5081 Actum
992 5035 1082 5082 anno
1106 5017 1238 5082 Domini
1261 5016 1507 5098 M⁰.CC⁰.L.VI.,
1530 5014 1675 5098 septimo
1697 5015 1866 5081 Kalendas
1889 5015 2091 5082 Decembris.

637 5120 659 5191 ¹)
679 5137 743 5176 suus
762 5121 962 5193 eingeschober.
1002 5121 1119 5190 ¹)Nuch
1137 5137 1270 5176 consensu
1289 5123 1332 5177 ein
1350 5123 1367 5174 h
1385 5121 1470 5176 durch
1490 5121 1581 5176 hatur
1598 5121 1700 5192 petilyt.

555 5208 610 5274 Or.
638 5213 684 5274 im
713 5209 788 5297 Kpt.
822 5209 927 5280 sr-A.
959 5233 999 5276 zu
1025 5211 1175 5289 Mamur,
1207 5208 1327 5277 Lenem
1354 5207 1416 5276 Nr.
1442 5208 1494 5275 73.
1540 5207 1643 5296 Sz'epcl
1670 5211 1724 5275 dec
1751 5208 1933 5278 Drakanon
1962 5231 2020 5276 oon
2042 5211 2112 5277 derv
2133 5231 2191 5275 oon
2213 5211 2269 5276 der
2297 5208 2448 5274 urtam

634 5317 859 5402 perchaittenea
890 5316 1206 5403 Perpammtotreiferc
1235 5316 1285 5396 ab,
1322 5315 1427 5403 Sicpel
1458 5317 1513 5381 dea
1544 5313 1678 5382 Konrod
1710 5317 1854 5395 orhozen,
1889 5320 1950 5382 rote
1976 5315 2162 5402 Abbildmcp
2203 5313 2312 5396 Wectt.
2349 5314 2449 5401 Siepcl

634 5420 713 5506 Hfft
734 5419 761 5500 J,
785 5422 884 5487 Abra.
907 5422 940 5503 2,
968 5421 1041 5502 Taf.
1064 5421 1110 5486 26
1130 5420 1190 5490 Nr.
1214 5423 1246 5488 5.
