5168 6798
453 429 516 494 146
1444 439 1512 496 1249

454 639 580 704 honere
615 637 813 718 debitorum,
848 635 895 702 ita
925 637 1017 720 quod
1045 635 1269 701 necessarium
1301 636 1388 702 foret
1418 636 1530 721 aliqua
1553 636 1595 702 de
1617 637 1716 703 bonis
1740 639 1986 723 episcopalibus
2008 659 2071 723 pro
2095 640 2259 708 solutione
2281 643 2445 715 debitorum

453 744 600 825 alienari,
635 747 713 828 post
747 743 868 810 multos
903 745 1065 808 tractatus
1099 761 1202 826 super
1229 742 1303 825 ipso
1331 742 1468 826 negocio
1499 743 1636 808 tandem
1664 744 1813 809 omnium
1844 744 2020 812 consilium
2052 750 2123 812 tam
2150 747 2335 816 clericorum
2361 773 2446 835 quam

454 849 614 918 laicorum
637 851 674 916 in
696 851 761 915 hoc
784 849 919 931 resedit,
944 850 1034 932 quod
1057 869 1118 932 per
1141 847 1303 914 decimam
1326 849 1361 914 in
1385 849 1550 931 Heveren,
1582 870 1648 934 que
1671 854 1751 916 tunc
1774 871 1793 915 a
1815 870 1962 935 persona
1983 852 2092 918 laicali
2116 853 2331 937 detinebatur,
2351 858 2445 942 aliquo

451 959 553 1024 modo
576 957 805 1021 eximeremus.
850 954 900 1020 Ne
924 955 1023 1038 igitur
1047 955 1174 1021 decima
1196 955 1271 1037 ipsa
1293 955 1386 1040 apud
1408 954 1511 1021 laicos
1533 955 1630 1039 quasi
1654 956 1687 1022 in
1705 959 1906 1041 perpetuum
1920 957 1957 1022 in
1971 959 2208 1026 detrimentum
2223 962 2302 1028 iuris
2316 967 2445 1032 canonici

451 1063 648 1140 remaneret,
683 1063 818 1128 maioris
854 1062 992 1127 ecclesie
1026 1065 1140 1128 nostre
1174 1060 1322 1128 canonici
1357 1081 1440 1126 sano
1475 1061 1527 1128 usi
1561 1062 1700 1128 consilio
1736 1064 1881 1146 quedam
1914 1064 1957 1130 de
1986 1064 2085 1130 bonis
2115 1067 2185 1130 suis
2212 1068 2444 1151 prebendalibus

450 1169 676 1234 distraxerunt
710 1171 743 1233 et
771 1168 883 1234 debita
911 1170 1025 1234 nostra
1048 1168 1166 1234 exinde
1190 1169 1371 1249 solverunt,
1405 1170 1443 1233 ut
1466 1168 1596 1234 decima
1617 1169 1692 1253 ipsa
1714 1171 1804 1253 apud
1828 1189 1885 1236 eos
1909 1171 1952 1236 ad
1974 1171 2181 1255 prebendam
2203 1172 2337 1240 fratrum
2357 1197 2445 1242 rema-

450 1277 554 1341 neret.
600 1275 668 1341 Nos
691 1275 791 1358 igitur
813 1275 907 1358 pium
931 1295 1045 1341 eorum
1070 1274 1225 1340 affectum
1249 1275 1460 1340 attendentes
1484 1278 1517 1340 et
1540 1276 1813 1341 commendantes
1835 1276 1870 1340 in
1886 1278 1949 1342 hac
1963 1280 2059 1362 parte
2083 1278 2245 1344 decimam
2268 1283 2446 1364 sepedictam

448 1381 532 1466 ipsis
564 1381 608 1446 ad
636 1381 842 1464 prebendam
877 1383 1018 1448 fratrum
1052 1383 1216 1465 perpetuo
1251 1381 1439 1447 habendam
1475 1381 1655 1448 liberaliter
1690 1383 1891 1448 contulimus
1915 1387 1948 1449 et
1971 1384 2123 1450 absolute
2146 1386 2210 1450 sub
2235 1387 2294 1452 hac
2314 1389 2446 1454 videlicet

449 1488 566 1569 forma,
602 1488 693 1571 quod
721 1487 857 1552 domina
884 1488 1068 1570 Margareta
1096 1487 1218 1552 nobilis
1250 1490 1402 1552 matrona
1432 1491 1583 1570 ternpore
1613 1488 1681 1554 vite
1713 1508 1773 1554 sue
1796 1489 1958 1556 decimam
1982 1490 2094 1574 quiete
2117 1491 2287 1575 possideat
2307 1494 2445 1560 eamdem.

448 1595 488 1660 ln
517 1593 612 1660 cuius
639 1594 685 1658 rei
713 1598 910 1678 perpetuam
945 1594 1103 1659 noticiam
1136 1596 1327 1677 presentem
1361 1595 1519 1677 paginam
1555 1594 1654 1676 sigilli
1689 1595 1796 1661 nostri
1829 1595 2012 1662 munimine
2047 1596 2203 1662 duximus
2240 1599 2444 1664 roborandam.

448 1702 571 1766 Datum
594 1720 682 1765 auno
707 1701 838 1766 Domini
861 1699 1132 1779 M⁰CC⁰XL⁰IX⁰.,
1155 1699 1248 1766 Xlll⁰
1270 1701 1439 1766 Kalendas
1463 1699 1626 1766 Octobris.

586 1822 641 1890 Or.
664 1827 709 1887 inc
732 1823 805 1910 Kpl.
832 1821 933 1891 sa-A.
958 1847 997 1887 zu
1022 1824 1170 1902 distortor,
1201 1822 1402 1888 Frlratectum
1425 1823 1553 1887 Illinden
1575 1820 1636 1888 Nr.
1659 1823 1713 1891 21.
1763 1823 1867 1911 Siepel
1895 1847 1962 1890 vom
1986 1824 2302 1913 Perpammtctreiten
2321 1830 2445 1894 verlorm.

665 1927 759 1995 θεάν.
795 1927 989 2008 Wrirdtwein,
1013 1928 1105 1994 Saba.
1129 1931 1205 2016 debl.
1235 1927 1289 2009 VI,
1315 1928 1348 1994 S.
1375 1927 1449 1992 424.

1422 2093 1508 2170 512.

449 2218 603 2309 Bischof
623 2219 761 2291 Johanrr
796 2241 859 2290 oon
887 2219 1038 2292 Micelae
1071 2219 1181 2291 erter'lt
1214 2221 1333 2308 denen,
1367 2220 1490 2292 welche
1524 2221 1601 2292 dem
1628 2221 1716 2292 nacla
1744 2220 1922 2292 Everselo
1950 2221 2117 2312 uerleplen
2145 2222 2205 2293 Kl.
2234 2222 2361 2294 Levera
2384 2245 2447 2295 rum

532 2326 679 2398 Neabaa·
706 2327 768 2398 cler
796 2327 938 2398 Hduser
964 2327 1160 2415 beistecerrr,
1190 2327 1288 2398 einen
1315 2327 1601 2418 rwooeipttr'pr'pen
1628 2325 1763 2399 Abiere.
1819 2326 2084 2400 beverelaco
2112 2327 2305 2419 September
2329 2333 2382 2402 29.

554 2462 724 2527 lohannes
749 2462 810 2527 Dei
832 2463 937 2544 gratia
953 2462 1136 2527 Mindensis
1160 2462 1337 2545 episcopus
1361 2461 1523 2527 universis
1541 2463 1664 2528 Christi
1679 2463 1834 2529 fidelibus
1854 2483 1994 2547 presens
2010 2463 2171 2546 scriptum
2186 2462 2306 2528 visuris
2322 2467 2447 2528 etemam

447 2567 483 2632 in
506 2569 648 2634 Domino
672 2569 824 2634 salutem.
871 2568 1047 2651 Quoniam,
1079 2572 1118 2634 ut
1141 2569 1187 2634 ait
1208 2569 1392 2650 apostolae,
1423 2588 1539 2634 omnes
1563 2570 1726 2635 stabimus
1751 2572 1828 2636 ante
1850 2569 1997 2635 tribunal
2021 2569 2144 2634 Christi
2167 2569 2340 2653 recepturi,
2367 2571 2449 2652 prout

448 2675 484 2740 in
500 2693 598 2740 carne
613 2676 787 2758 gessimus
812 2674 881 2740 sive
905 2676 1030 2740 bonum
1053 2674 1152 2740 fuerit
1175 2675 1245 2739 sive
1268 2675 1403 2755 malum,
1427 2677 1561 2757 oportet
1583 2695 1646 2740 nos
1670 2677 1758 2741 diem
1782 2679 1927 2741 extreme
1950 2675 2177 2742 misericordie
2200 2676 2299 2740 bonis
2314 2675 2448 2759 operibus

449 2781 624 2865 prevenire
648 2801 686 2846 ac
710 2784 900 2847 eternorum
924 2780 1046 2847 intuitu
1071 2780 1236 2846 seminare
1258 2781 1293 2845 in
1316 2780 1424 2863 terris,
1449 2781 1641 2864 quodcum
1664 2782 1884 2865 multiplicato
1892 2781 1917 2867 ¹)
1946 2782 2055 2848 fructu
2086 2781 2277 2865 recolligere
2303 2781 2449 2847 valeamus

447 2889 483 2953 in
507 2888 596 2966 celis,
621 2887 751 2953 firmam
775 2907 870 2970 spem
894 2886 1119 2972 fiduciamque
1142 2889 1307 2969 tenentes,
1331 2886 1424 2970 quod
1447 2887 1505 2970 qui
1528 2907 1628 2970 parce
1653 2888 1805 2966 seminat,
1830 2908 1930 2972 parce
1953 2891 1986 2953 et
2007 2890 2122 2970 metet,
2147 2890 2181 2952 et
2203 2887 2263 2972 qui
2279 2888 2449 2953 seminatin

447 2994 748 3075 benedictionibus,
784 2994 826 3059 de
861 2994 1152 3059 benedictionibus
1187 2995 1289 3059 metet
1306 3051 1308 3062 ,
1323 2994 1427 3058 vitam
1462 2995 1622 3058 eternam.
1675 2993 1779 3076 igitur
1808 3015 1884 3060 cum
1911 2994 2021 3060 dilecti
2043 2995 2079 3059 in
2104 2993 2239 3060 Christo
2262 2993 2449 3078 M(ecthildisl

447 3099 628 3178 abbatissa,
663 3101 922 3183 W(illehelmus)
956 3101 1147 3184 prepositus
1181 3102 1338 3183 totusque
1373 3101 1408 3163 in
1439 3100 1590 3165 beveren
1625 3103 1808 3166 conventus
1842 3101 1926 3166 fusis
1961 3099 2105 3165 lacrimis
2133 3120 2153 3165 a
2180 3101 2280 3166 nobis
2312 3101 2451 3165 instanter

446 3206 614 3290 petierint,
644 3207 683 3271 ut
707 3206 814 3272 locum
839 3209 872 3271 et
895 3207 1135 3272 monasterium
1158 3207 1308 3290 ipsorum
1331 3209 1471 3288 propter
1494 3207 1582 3271 aeris
1605 3207 1849 3291 intemperiem,
1881 3227 1983 3290 quarn
2004 3207 2073 3272 vita
2096 3206 2217 3271 comite
2242 3205 2377 3290 amplius
2397 3223 2451 3270 non

447 3315 606 3395 poterant
631 3313 805 3394 sustinere,
831 3315 873 3378 ad
897 3313 1007 3378 locum
1032 3313 1118 3378 aeris
1141 3312 1287 3377 melioris
1311 3311 1490 3376 transferre
1514 3333 1707 3379 curaremus
1732 3333 1769 3377 ac
1793 3313 2012 3378 discretorum
2026 3312 2194 3378 mediante
2211 3311 2346 3379 consilio
2360 3313 2451 3394 ipsum

447 3419 624 3485 cenobium
648 3419 816 3501 Everse10,
841 3420 894 3485 cui
918 3439 1040 3486 nomen
1057 3420 1205 3484 beveren
1228 3418 1459 3501 imposuimus,
1484 3418 1770 3484 transtulissemus
1793 3421 1828 3484 et
1844 3420 1887 3484 ad
1902 3418 2051 3502 ipsorum
2067 3418 2248 3484 transitum
2265 3421 2297 3484 et
2312 3435 2452 3484 novumn

446 3524 655 3592 edificiorum
688 3526 826 3609 proprie
854 3545 922 3590 non
955 3528 1137 3610 suppetant
1160 3525 1344 3606 facultates,
1379 3526 1629 3590 universitatem
1652 3527 1797 3590 vestram
1820 3526 2004 3608 rogandam
2027 3525 2182 3590 duximus
2205 3529 2241 3591 et
2264 3524 2452 3602 monendam,

447 3633 483 3696 in
507 3632 739 3698 remissionem
771 3633 1003 3717 peccaminum
1034 3633 1129 3698 vobis
1152 3632 1373 3716 iniungentes,
1405 3631 1563 3714 quatinus
1587 3632 1629 3696 de
1653 3631 1750 3695 bonis
1772 3632 1868 3697 vobis
1892 3635 2005 3698 a.Deo
2029 3632 2155 3698 collatis
2178 3632 2254 3715 pias
2277 3629 2453 3697 elemosinas

447 3740 481 3803 et
504 3740 596 3820 grata
618 3738 769 3804 karitatis
793 3739 945 3804 subsidia
972 3739 1123 3820 erogetis.
1171 3739 1242 3803 Nos
1266 3741 1379 3802 autem
1402 3737 1444 3802 de
1467 3736 1707 3820 omnipotentis
1730 3739 1791 3803 Dei
1820 3738 2048 3803 misericordia
2076 3743 2109 3803 et
2131 3737 2310 3805 beatorum
2339 3737 2453 3820 aposto-

447 3843 556 3907 lorum
587 3843 677 3908 Petri
701 3847 734 3908 et
758 3844 854 3910 Pauli
892 3845 1030 3928 eiusque
1062 3844 1256 3909 auctoritate
1284 3843 1400 3909 confisi
1425 3843 1581 3909 omnibus
1604 3863 1682 3908 vere
1707 3845 1856 3911 contritis
1880 3847 1913 3908 et
1935 3843 2108 3926 confessis,
2143 3845 2201 3928 qui
2226 3844 2313 3910 dicto
2335 3839 2454 3908 cenobio

446 3949 486 4026 in¹
498 3949 645 4014 Leveren
660 3970 798 4016 manum
820 3951 1031 4034 porrexerint
1054 3950 1259 4030 adiuhicem,
1283 3949 1397 4032 viginti
1413 3949 1484 4014 dies
1502 3951 1543 4014 de
1559 3949 1709 4015 iniuncta
1725 3949 1787 4015 sibi
1804 3950 1990 4034 penitentia
2004 3949 2263 4016 misericorditer
2278 3951 2453 4016 relaxamus.

447 4057 571 4121 Datum
593 4056 628 4120 in
652 4057 812 4138 Leveren,
835 4076 924 4121 anno
949 4057 1081 4122 Domini
1104 4055 1414 4137 lll⁰.CC⁰.XL⁰.lX⁰.,
1438 4055 1512 4133 111⁰.
1537 4056 1706 4122 Kalendas
1731 4055 1898 4122 Octobris.

664 4161 687 4232 ¹)
706 4163 885 4230 multiplicatu
903 4163 938 4214 im
957 4162 1002 4214 Or.

585 4249 638 4315 Or.
666 4253 711 4314 r'rn
734 4249 809 4337 qu.
832 4249 937 4316 sc-A.
964 4273 1004 4316 zu
1031 4253 1180 4329 Miiuater,
1215 4249 1335 4316 Leuern
1361 4248 1422 4313 Nr.
1445 4247 1498 4316 66.
1549 4249 1651 4335 Sr'eqel
1680 4250 1734 4314 dea
1758 4249 1902 4328 Bisclvofe
1930 4273 1988 4314 nuc
2014 4254 2153 4315 weissem
2183 4249 2303 4314 Wacba'
2321 4272 2361 4313 an
2387 4258 2456 4310 roten

661 4353 850 4440 Honfidden.
896 4357 958 4421 Die
982 4357 1113 4442 Areopa
1133 4358 1202 4437 fort
1223 4358 1360 4421 moretiel
1382 4359 1441 4420 mit
1462 4359 1518 4421 der
1540 4359 1574 4420 in
1597 4353 1658 4418 Nr.
1681 4354 1749 4419 339
1771 4355 2066 4420 aler-ausuram.

1418 4519 1506 4597 513.

448 4646 602 4735 Bischof
629 4646 769 4719 Jolane
801 4669 865 4718 von
898 4647 1049 4719 Minderr
1090 4648 1301 4738 entschddlpt
1339 4647 1404 4719 dus
1442 4647 1658 4734 Murtiastlft
1690 4647 1728 4716 irc
1764 4645 1912 4718 Minden
1952 4647 2016 4735 fair
2055 4647 2123 4718 den
2165 4645 2400 4721 Weinrehrten
2427 4642 2458 4710 in

449 4753 673 4842 Reddestorf
699 4754 762 4824 mit
794 4753 860 4824 den
887 4752 1036 4826 Zehnlen
1063 4755 1101 4824 br
1130 4755 1402 4826 Nordlremmern
1428 4749 1682 4824 ancillariam
1713 4753 1786 4824 aad
1817 4753 1879 4824 lo'st
1912 4754 1973 4824 mit
2000 4751 2077 4824 dan
2112 4752 2338 4826 Uebersclvuss
2364 4750 2458 4822 Giller

1051 4861 1090 4930 tu
1125 4860 1309 4948 Vl'unslorf
1334 4862 1396 4930 ec'n.
1454 4858 1554 4931 1249
1583 4858 1775 4931 November
1802 4857 1860 4934 19.

557 4994 727 5060 lohannes
751 4994 813 5060 Dei
836 4994 947 5077 gracia
969 4994 1151 5060 Mindensis
1175 4996 1353 5079 episcopus
1376 4994 1540 5060 universis
1562 4995 1625 5060 hoc
1649 4993 1812 5077 scriptum
1834 4994 1954 5060 visuris
1977 4994 2013 5060 in
2032 4998 2243 5079 perpetuum.
2290 4993 2385 5073 Quod
2405 4989 2458 5054 rite

450 5101 559 5186 agitur
582 5101 656 5168 ideo
680 5100 812 5185 scriptis
836 5102 1097 5182 commendatur,
1121 5121 1163 5166 ne
1188 5102 1283 5185 lapsu
1308 5101 1468 5184 temporis
1492 5121 1552 5185 per
1568 5101 1769 5166 oblivionem
1789 5101 1948 5167 irritetur.
1994 5101 2117 5167 Notum
2132 5101 2232 5186 igitur
2248 5101 2293 5167 sit
2308 5097 2458 5172 omnibus

454 5209 545 5292 quod
580 5228 655 5274 cum
690 5208 802 5272 dilecti
835 5208 870 5272 in
899 5207 1029 5274 Christo
1058 5209 1270 5293 W(ernerus)
1300 5207 1501 5292 prepositus,
1536 5207 1739 5290 C(onradus)
1772 5209 1917 5273 decanus
1946 5209 2123 5290 totumque
2155 5207 2338 5291 capitulum
2367 5199 2458 5268 sancti

449 5314 583 5380 Martini
606 5315 779 5380 Mindense
810 5314 974 5381 continuis
1006 5315 1159 5398 precibus
1183 5317 1217 5379 et
1240 5314 1374 5378 monitis
1403 5313 1626 5397 permultum
1652 5315 1787 5397 tempus
1822 5334 1883 5378 nos
1906 5313 2133 5380 indesinenter
2155 5314 2386 5380 sollicitassent
2407 5325 2458 5392 pro

453 5421 583 5487 decima
606 5421 675 5486 vini
697 5422 732 5486 in
748 5423 986 5505 Reterestorpe
1009 5420 1057 5486 eis
1080 5421 1377 5505 recompensanda,
1399 5419 1533 5486 maioris
1557 5420 1655 5484 etiam
1681 5421 1821 5488 ecclesie
1844 5423 1957 5487 nostre
1980 5421 2125 5505 capitulo
2148 5440 2250 5506 super
2272 5421 2387 5485 eodem
2407 5431 2458 5480 nos
