5174 6798
1088 489 1156 546 1029
2090 479 2136 544 53

115 694 150 758 ut
171 689 257 754 sicut
279 687 379 752 unius
402 685 513 751 fratris
536 684 588 749 vel
612 683 736 749 sororis
759 682 884 748 ibidem
906 683 1011 750 nostri
1033 678 1194 754 memoria
1216 683 1395 764 habeatur;
1419 687 1453 750 et
1474 687 1655 768 postquam
1678 705 1740 752 nos
1763 687 1986 754 intellexerint
2008 689 2049 756 de
2072 690 2135 757 hoc

113 795 224 866 seculo
260 791 526 876 transmigrasse,
560 795 713 862 nostrum
741 788 1005 858 anniversarium
1031 809 1107 856 curn
1134 789 1254 879 vigiliis
1277 793 1311 860 et
1333 790 1509 860 missamm
1533 790 1739 878 sollempniis
1768 798 1930 880 peragant
1952 796 2133 868 annuatim.

114 903 202 968 Idem
235 918 316 964 vero
348 897 443 964 Bodo
477 895 768 961 consencientibus
803 894 983 966 heredibus
1017 896 1087 964 suis
1121 898 1156 964 et
1189 896 1457 968 collaudantibus
1491 898 1649 982 predictis
1684 900 1864 984 nepotibus
1899 903 1934 966 et
1960 921 2065 968 uxore
2093 901 2135 969 v1

114 1024 242 1074 mansos
266 1005 309 1074 de
331 1003 537 1092 proprietate
559 1021 621 1070 sua
643 1001 678 1070 iu
694 1001 778 1080 hym
800 1001 884 1069 sitos
906 1001 1005 1070 baete
1027 1000 1147 1090 maini
1169 1004 1204 1069 et
1225 1002 1323 1072 nobis
1347 1003 1489 1074 contulit
1512 1007 1546 1072 et
1569 1005 1705 1074 donarit
1719 1007 1753 1078 et
1768 1006 1984 1089 postmodum
1999 1009 2134 1074 eosdem

111 1115 152 1180 de
174 1131 275 1179 manu
298 1113 412 1177 nostra
436 1110 563 1194 recepit
586 1109 621 1174 in
644 1109 744 1176 feodo
768 1108 898 1175 iterato.
941 1108 1062 1173 Actum
1084 1128 1172 1174 anno
1194 1109 1327 1174 Domini
1350 1109 1571 1198 M⁰CC⁰XllIX
1593 1109 1809 1194 pontificatus
1830 1112 1933 1176 nostri
1953 1132 2042 1178 anno
2065 1114 2134 1180 IX0.

113 1221 227 1286 Testes
250 1220 331 1283 sunt
354 1220 414 1282 etc.

241 1323 412 1402 Adschra'ft
433 1323 488 1390 dea
512 1321 565 1388 14.
581 1320 697 1390 Jalrrlr.
719 1323 755 1385 r’rr
774 1319 855 1409 Kop.
871 1317 933 1398 ΙΙΙ,
959 1319 1025 1386 130
1048 1317 1084 1389 8.
1101 1318 1144 1386 49
1166 1317 1228 1388 Nr.
1243 1319 1308 1388 234
1333 1324 1377 1386 ira
1398 1321 1472 1408 1192.
1491 1319 1597 1390 St.·A.
1619 1345 1659 1390 zu
1673 1319 1852 1406 Honaover,
1875 1324 1929 1392 dea
1951 1321 2003 1393 16.
2018 1323 2135 1394 Jatrt.

322 1432 366 1493 im
389 1428 559 1496 Locmaner
580 1425 703 1514 Κορέαν
731 1425 766 1494 8.
792 1425 856 1498 176
879 1424 938 1494 Nr.
962 1425 1039 1494 243.
1084 1425 1220 1494 Danaes
1241 1428 1328 1516 peda.
1351 1451 1380 1496 u.
1403 1425 1599 1516 Hodealrer9,
1627 1427 1832 1516 Calenberqer
1858 1429 1889 1494 U
1894 1428 1931 1496 B.
1956 1429 2046 1498 Abale.
2071 1429 2134 1509 ΙΙΙ,

324 1535 359 1605 8.
382 1534 426 1601 47
448 1533 509 1600 Nr.
528 1535 583 1614 66,
607 1533 698 1620 Orr'p.
721 1532 829 1614 Guelf.
847 1531 870 1600 Ι
874 1530 908 1614 V,
933 1531 1008 1600 487.
1048 1531 1162 1622 Repert
1182 1532 1290 1600 Duae
1312 1536 1347 1600 r'a
1368 1533 1520 1602 Zer'teelrr.
1544 1535 1597 1604 dee
1619 1535 1690 1602 aar.
1722 1533 1790 1601 Ver.
1803 1537 1869 1624 fiir
1891 1534 2136 1604 Niederraclraen

323 1639 410 1708 1880
435 1639 470 1708 S.
492 1639 538 1708 25
561 1638 622 1706 Nr.
644 1637 699 1704 53.
747 1637 875 1706 Becher
897 1637 935 1706 N
939 1637 983 1708 W.
1008 1639 1158 1716 Masada,-
1180 1637 1298 1706 ureae
1321 1663 1351 1705 a.
1375 1641 1406 1706 d.
1431 1638 1538 1720 aare,
1562 1641 1662 1706 dovora
1693 1639 1737 1714 W,
1760 1639 1873 1711 ΕΜ
1895 1644 2015 1728 (Eym.)

1082 1783 1171 1863 195.

111 1914 262 2005 Bischof
282 1915 433 1987 Konrad
460 1935 525 1984 voa
544 1912 695 1986 Mindon
721 1911 876 2003 bestdtipt
904 1912 970 1984 dea
995 1911 1159 2000 Verlroas
1179 1912 1242 1984 der
1268 1911 1496 2002 Vopteirechte
1522 1913 1606 1984 dher
1631 1913 1687 1985 die
1705 1913 1896 2004 Domprller
1912 1916 1951 1986 r'rr
1969 1915 2135 2005 Garbserr,
2266 1967 2274 1984 .

112 2024 260 2112 Hatram,
291 2019 453 2109 Melanch,
482 2017 698 2108 Gchlcnheclr,
726 2018 999 2109 Loadcsherperr,
1027 2019 1143 2108 Learc,
1177 2015 1273 2090 Oom
1300 2019 1372 2089 aad
1407 2019 1530 2106 Wellje
1561 2019 1670 2092 durch
1704 2019 1771 2092 den
1799 2020 1914 2092 Edlea
1942 2019 2136 2094 Gotlsdrollr

650 2147 715 2197 oon
742 2125 820 2197 Lon
846 2147 879 2196 rr.
909 2125 1012 2196 Fron
1036 2147 1083 2196 aa
1110 2125 1176 2196 das
1202 2125 1428 2215 Dornlcapitcl.
1483 2124 1595 2202 1229.

214 2245 391 2312 Conradus
416 2244 477 2311 Dei
499 2243 610 2327 gracia
632 2242 815 2312 Mindensis
838 2242 1016 2330 episcopus
1040 2242 1203 2310 universis
1228 2243 1327 2308 huius
1350 2243 1470 2331 pagine
1493 2242 1738 2329 inspectoribus
1762 2245 1904 2316 salutern
1926 2246 1962 2312 in
1982 2246 2136 2312 Domino.

113 2356 234 2420 Notum
257 2353 302 2418 sit
325 2351 491 2432 omnibus,
523 2348 615 2432 quod
644 2348 765 2416 nobilis
792 2349 843 2413 vir
866 2349 1089 2416 Godescalcus
1113 2349 1154 2415 de
1177 2349 1251 2414 Lon
1277 2352 1311 2413 et
1336 2369 1419 2414 uxor
1441 2348 1549 2433 ipsius
1571 2349 1612 2414 Α.
1636 2370 1712 2416 cum
1734 2350 1914 2416 heredibus
1937 2371 2055 2418 eorum
2078 2353 2136 2419 ad-

111 2457 448 2527 vocauassonorum
470 2456 623 2524 videlicet
647 2456 882 2521 Gerbodessen
891 2455 926 2542 ¹),
959 2455 1124 2530 Heveren,
1148 2455 1298 2538 Menede,
1322 2455 1554 2537 Gelenbeke2),
1584 2457 1852 2542 Landosherghe,
1876 2458 1971 2540 Lesa,
1995 2459 2081 2525 Oom
2105 2463 2137 2525 et

112 2566 272 2652 Welliess),
298 2566 340 2630 ad
357 2562 546 2647 prebendas
570 2563 807 2630 canonicorum
823 2560 1048 2646 nostrorumt)
1066 2563 1203 2628 ecclesie
1219 2566 1332 2630 nostre
1349 2563 1547 2633 cathedralis
1563 2563 1805 2650 pertinencium
1820 2565 1855 2628 in
1871 2583 1990 2630 manus
2006 2569 2138 2632 nostras

112 2676 246 2757 accepta
274 2673 317 2738 ab
344 2671 427 2754 ipsis
456 2669 624 2735 canonicis
655 2669 802 2753 quadarn
833 2689 963 2735 summa
992 2669 1134 2752 pecunie
1158 2669 1314 2734 demere
1338 2669 1509 2735 voluntate
1532 2669 1745 2750 resignarunt
1767 2670 1868 2736 nichil
1892 2671 1956 2736 sihi
1979 2671 2060 2736 iun’s
2083 2671 2137 2736 vel

112 2780 245 2845 dominii
268 2779 304 2844 in
321 2777 418 2844 dictis
434 2777 532 2842 bonis
548 2779 768 2842 reservantes.
814 2775 885 2841 Nos
908 2776 1013 2842 eciam
1036 2775 1164 2841 dilectis
1188 2775 1223 2840 in
1247 2775 1379 2840 Christo
1402 2775 1540 2858 prefatis
1564 2776 1731 2840 canonicis
1755 2775 1889 2843 easdem
1913 2778 2101 2842 advocatias
2109 2777 2137 2864 ⁵)

111 2887 307 2951 donavimus
341 2885 445 2951 libere
468 2886 503 2948 et
524 2883 678 2949 absolute
702 2882 883 2948 habendas.
932 2883 976 2948 Ut
999 2902 1076 2964 ergo
1100 2883 1213 2946 omnia
1236 2881 1387 2965 predicta
1409 2885 1573 2966 perpetua
1595 2887 1754 2948 maneant
1782 2883 1961 2948 stabilitate
1984 2884 2136 2967 subnixa,

110 2994 298 3076 presentem
333 2991 489 3074 paginam
520 2989 618 3074 sigilli
654 2989 761 3054 nostri
796 2989 980 3056 munimine
1014 2988 1169 3056 duximus
1204 2989 1426 3056 roborandam
1459 2990 1645 3054 statuentes
1677 2991 1711 3054 et
1734 2988 1797 3054 sub
1821 2991 2041 3056 anathematis
2063 2991 2137 3056 rin-

112 3099 182 3164 culo
205 3098 392 3179 firmantes,
415 3117 458 3162 ne
482 3097 556 3179 quis
581 3115 742 3180 umquam
763 3096 816 3162 ius
823 3095 852 3179 ὃ)
876 3096 1011 3179 aliquod
1028 3095 1098 3160 sive
1118 3095 1302 3160 dominium
1319 3095 1494 3160 advocacie
1510 3095 1545 3160 in
1560 3094 1656 3159 dictis
1672 3095 1770 3160 honis
1787 3114 1939 3160 exercere
1955 3099 2137 3180 presumat.

111 3204 206 3282 Quod
234 3205 263 3268 si
295 3203 370 3287 quis
399 3200 690 3286 attemptaverith,
724 3203 808 3267 iram
839 3201 1077 3286 omnipotentis
1106 3201 1166 3268 Dei
1195 3221 1231 3266 se
1254 3201 1386 3268 noverit
1407 3201 1618 3266 incursurum
1642 3203 1676 3266 et
1698 3221 1773 3268 cum
1797 3202 1930 3267 Dathan
1954 3205 1987 3266 et
2009 3202 2138 3268 Abiron

111 3311 144 3376 in
163 3313 278 3376 eterna
301 3307 579 3394 dampnacione⁸)
602 3309 794 3392 porcionem
818 3310 1042 3392 accepturum.
1089 3310 1213 3374 Datum
1237 3327 1326 3374 anno
1350 3305 1493 3393 praeiet)
1516 3305 1775 3389 M⁰CC⁰XX⁰IX⁰,
1799 3307 2014 3395 pontificatus
2030 3308 2138 3373 nostri

111 3437 195 3482 anno
219 3415 303 3482 XVI.

324 3523 346 3590 ¹)
369 3519 516 3574 Gerbolsen
540 3519 572 3573 B.
623 3518 646 3590 ⁸)
670 3518 842 3573 (ihelenbclre
867 3519 898 3572 B.
948 3519 972 3588 ⁸)
995 3519 1091 3573 Wallic
1114 3519 1146 3572 B.
1195 3520 1217 3586 ⁴)
1234 3519 1310 3589 fehlt
1331 3519 1363 3571 B.
1413 3519 1436 3587 ὓ)
1459 3519 1582 3572 adsocies
1602 3519 1635 3571 Α.
1686 3519 1709 3588 ⁸)
1728 3519 1795 3573 iuris
1814 3519 1915 3590 aliquid
1935 3536 1957 3573 s.
1976 3521 2086 3574 dominii
2105 3521 2137 3573 B.

433 3610 454 3676 7)
473 3609 643 3662 attentaverit
660 3608 693 3661 B.
731 3611 751 3674 δ)
771 3608 942 3661 damnatione
959 3607 992 3661 B.
1031 3608 1054 3679 ⁸)
1072 3609 1179 3662 Domini
1197 3607 1231 3665 B.

240 3696 336 3762 Nach
359 3699 415 3762 der·
437 3696 568 3762 Abscisa.
592 3699 646 3762 dea
670 3693 721 3763 14.
745 3695 797 3762 ΙΙι.
821 3699 855 3761 ira
878 3697 957 3761 Mae.
988 3693 1059 3776 VII,
1081 3695 1169 3762 2401
1196 3695 1230 3777 8,
1255 3695 1298 3761 49
1323 3698 1382 3784 (Α)
1406 3698 1472 3762 und
1493 3698 1547 3763 des
1571 3695 1624 3762 16.
1647 3697 1700 3763 Ji.
1723 3700 1759 3762 ira
1780 3699 1857 3764 Mac.
1882 3696 1926 3777 ΙΙ,
1953 3696 2018 3763 189
2043 3697 2077 3765 8.
2093 3697 2139 3762 62

323 3803 379 3888 (B)
402 3807 447 3868 im
469 3802 542 3888 Kpl.
569 3802 675 3869 sa-A.
699 3825 740 3866 zu
762 3803 911 3882 Mamer,
936 3803 1050 3888 Repeti
1071 3804 1148 3868 Mac.
1172 3801 1217 3881 ΙΙ,
1243 3801 1308 3868 189
1329 3802 1390 3869 Nr.
1415 3803 1490 3883 405,
1517 3802 1669 3869 Zeitechr.
1694 3805 1748 3869 dee
1770 3805 1842 3870 liar.
1872 3802 1941 3872 Ver.
1966 3803 2139 3882 fiNa'eder-

322 3911 453 3975 sacham
475 3909 529 3996 Jp.
549 3907 635 3974 1860
656 3907 691 3974 S.
710 3907 773 3974 117
796 3907 856 3976 Nr.
877 3907 928 3974 78.
974 3907 1194 3994 Fehlerlrcjler
1216 3909 1326 3974 Druck
1357 3907 1552 3990 Wrirdhoer‘a,
1576 3907 1669 3975 Saba.
1694 3911 1768 3998 dipl.
1801 3908 1852 3989 VI,
1879 3908 1913 3976 8.
1929 3909 2006 3976 386.
2053 3913 2139 3978 Oom

323 4017 379 4082 hot
400 4017 466 4082 rich
488 4017 566 4081 noch
588 4020 632 4080 im
656 4015 770 4081 Ohrner
794 4013 873 4081 Holz
895 4017 1046 4082 zwrbchen
1070 4015 1164 4083 Laese
1186 4018 1253 4081 und
1272 4015 1515 4102 Landerberpen
1537 4017 1682 4082 erdalten.

1078 4163 1167 4240 196.
1273 4227 1275 4232 ,

111 4285 260 4378 Bischof
287 4287 438 4362 Koarad
469 4311 535 4360 vora
567 4288 718 4362 Mindon
759 4289 953 4379 aucuper
990 4289 1066 4362 dem
1099 4289 1160 4362 Kl.
1193 4290 1329 4362 Lenem
1369 4288 1436 4360 dea
1468 4289 1620 4360 Zehrrtcrr
1638 4321 1643 4332 ·
1659 4290 1752 4360 eines
1785 4310 1895 4360 neuen
1929 4289 2068 4362 sauses
2100 4289 2139 4358 ia

914 4393 1165 4489 Openedame.
1222 4393 1331 4469 1229.

215 4512 392 4578 Conradus
421 4513 482 4579 Dei
512 4513 622 4596 gracia
648 4513 831 4578 Mindensis
860 4513 1000 4579 ecclesie
1028 4513 1207 4596 episcopus
1237 4513 1401 4577 universis
1425 4531 1564 4595 presens
1588 4511 1750 4594 scriptum
1772 4511 1972 4595 inspecturis
1995 4513 2137 4577 salutem

112 4619 145 4682 in
159 4619 313 4686 Domino.
356 4619 481 4684 Notum
504 4619 547 4682 sit
569 4619 723 4684 omnibus
745 4621 815 4684 tam
838 4619 1050 4702 presentibus
1073 4639 1174 4702 quam
1197 4617 1332 4700 futuris,
1356 4619 1448 4701 quod
1470 4637 1532 4682 nos
1556 4618 1598 4682 de
1622 4618 1789 4682 communi
1812 4637 1977 4683 consensu
2001 4618 2138 4702 capituli

112 4725 215 4790 nostri
239 4725 404 4791 decimam
427 4744 674 4808 supernorum
697 4726 834 4792 domum
855 4725 890 4790 in
914 4725 1129 4810 Openedame
1153 4724 1355 4790 contulimus
1378 4724 1518 4790 cenobio
1542 4723 1722 4789 Leaerensi
1744 4723 1816 4788 iure
1839 4727 2004 4808 perpetuo
2028 4727 2137 4810 possi-

112 4831 264 4898 dendam.
304 4832 343 4898 In
364 4832 461 4898 cuius
484 4831 532 4898 rei
554 4832 712 4899 noticiam
735 4835 926 4914 presentem
949 4832 1106 4916 peginam
1130 4832 1227 4916 sigilli
1249 4831 1356 4898 nostri
1373 4830 1556 4900 munimine
1572 4830 1727 4896 duximus
1743 4831 1977 4898 roborandam.
2015 4834 2144 4916 Actum¹

113 4955 197 5005 anno
232 4939 342 5021 gracie
372 4936 651 5004 M⁰CC⁰XXVIIIL
698 4938 833 5006 Testes:
869 4939 1046 5004 Heinricus
1079 4939 1281 5024 prepositus,
1317 4938 1521 5005 Wernherus
1556 4937 1756 5021 prepositus,
1791 4937 1996 5020 Elehardus,
2031 4939 2136 5020 Bodo,

113 5041 234 5126 Bruno,
259 5045 430 5125 canonici;
452 5043 543 5110 laici:
566 5044 755 5125 Wulverus,
779 5045 956 5126 Rodolfus‚
981 5045 1178 5126 Lanbertus,
1202 5045 1382 5112 Tidericus.

245 5147 301 5214 Or.
324 5152 383 5212 mit
402 5150 471 5214 dem
492 5150 746 5236 paternalem
769 5148 875 5237 Siepel
897 5151 951 5215 dar
974 5149 1122 5232 Birclofe
1144 5153 1179 5216 r‘rr
1197 5153 1335 5216 werham
1357 5147 1471 5216 Wacha
1492 5153 1537 5214 im
1552 5141 1753 5216 Hauaorcdc'o
1774 5151 1829 5216 dea
1845 5148 1952 5215 Herm
1974 5149 2138 5217 Komar-

324 5255 421 5320 heran
441 5253 613 5322 Fretum
632 5280 659 5321 o.
676 5257 707 5321 d.
723 5255 823 5321 Horat
843 5260 878 5321 in
893 5255 1047 5322 Holcocde.
1093 5255 1190 5322 Gedr.
1216 5255 1365 5324 Zeitrcdr.
1390 5257 1444 5322 dar
1467 5257 1539 5322 hiat.
1569 5254 1638 5322 Ver.
1662 5258 1687 5338 f.
1711 5254 1959 5324 Niedaaaclum
1979 5256 2034 5343 Jp.
2053 5255 2139 5324 1860

327 5361 362 5427 8.
387 5360 462 5427 139.
507 5360 620 5449 Repest
646 5361 760 5429 abendo
783 5361 901 5428 8.118
923 5360 983 5427 Nr.
1001 5361 1054 5441 82,
1078 5385 1125 5427 wo
1148 5362 1273 5450 Mooyer
1295 5363 1511 5447 Openedame
1525 5364 1591 5449 scir
1613 5363 1672 5428 den
1694 5363 1927 5428 Mrillcndamm
1948 5366 1984 5428 iar
2007 5361 2141 5428 nahum

325 5467 451 5532 erdldrt.
497 5467 624 5534 Werrrer
648 5470 719 5552 (oon
736 5467 934 5555 Raidenderp)
957 5472 1001 5532 iat
1023 5468 1136 5556 Proper
1157 5469 1211 5534 dee
1227 5469 1458 5552 Martinetiflaa,
1481 5469 1565 5533 nicht
1578 5467 1777 5555 Dompropct,
1802 5492 1827 5537 r.
1852 5493 1881 5534 α.
1899 5493 1929 5533 a.
1947 5468 1984 5534 0.
2012 5468 2140 5536 8128.
