5168 6798
1058 483 1126 538 1250
2061 473 2123 537 149

236 679 329 746 dede.
354 679 433 743 nach
457 679 524 743 dem
548 677 603 745 Or.
627 681 672 743 im
698 677 768 762 Kpl.
795 676 900 744 St-A.
924 699 964 741 zu
985 675 1162 756 Hannover,
1199 678 1441 742 hlamma-erdo·
1463 675 1526 740 Nr.
1549 677 1604 758 23,
1638 704 1665 744 c.
1691 678 1885 767 Hodenberq,
1923 679 2125 768 Calenberqer

318 784 387 849 ΠΒ.
412 785 510 850 Abel.
535 782 587 862 VI,
614 783 648 851 S.
672 784 715 848 25
740 781 804 847 Nr.
826 782 880 851 30.
927 783 1042 869 Rapaci
1065 782 1218 850 Zeiuctr.
1242 784 1273 847 d.
1297 785 1368 850 hist.
1399 781 1467 851 Ver.
1485 787 1516 871 s.
1541 783 1788 852 Naumachos
1810 786 1864 873 Jq.
1890 783 1976 850 1887
2001 786 2035 856 S.
2059 785 2124 852 130

312 890 371 958 Nr.
397 890 452 956 99.
499 891 742 956 Illamcnwerder
762 891 887 975 pelidrte
909 913 980 954 zum
1002 889 1251 954 Archidc'olconot
1282 888 1449 976 Wunstorf.

1066 1106 1157 1183 522.

109 1227 257 1312 riht-issia
285 1234 356 1305 aad
384 1235 542 1305 Konvenl
569 1255 634 1306 voa
662 1232 875 1306 Herzebroclc
900 1233 1090 1321 oerhaofen
1117 1233 1194 1305 dem
1214 1233 1274 1307 nl.
1293 1234 1429 1305 chera
1456 1235 1529 1306 eine
1556 1235 1666 1306 Reate
1694 1257 1759 1307 von
1785 1237 1867 1308 zwca'
1894 1235 2059 1327 Schillinp
2085 1238 2125 1308 in

872 1339 980 1413 Mart.
1036 1338 1133 1411 1250
1160 1341 1269 1411 Matre
1295 1343 1351 1411 12.

206 1458 420 1542 Conegundis
444 1457 506 1523 Dei
528 1458 634 1542 gratia
657 1458 829 1523 abbatissa
851 1457 886 1522 in
910 1458 1132 1536 Hersebroke,
1168 1457 1331 1540 priorissa
1361 1461 1394 1523 et
1424 1461 1608 1524 conventus
1639 1460 1789 1525 eiusdem
1813 1462 1944 1526 cenobii
1968 1461 2123 1527 omnibus

112 1565 270 1652 presentia
293 1564 414 1630 visuris
438 1567 554 1629 notum
578 1583 651 1628 esse
675 1563 838 1646 cupimus,
870 1566 960 1647 quod
984 1583 1046 1629 nos
1070 1565 1155 1629 duos
1179 1563 1302 1629 solidos
1326 1565 1549 1647 denariorum,
1574 1585 1658 1648 quos
1680 1567 1859 1631 habuimus
1882 1567 1917 1631 in
1940 1567 2125 1633 redditibus

109 1673 214 1752 llerle,
250 1670 465 1738 vendidimus
488 1673 522 1734 et
545 1670 808 1753 resingnavimus
839 1671 1012 1753 preposito
1039 1673 1074 1736 et
1096 1670 1275 1735 conventui
1297 1671 1332 1734 in
1356 1672 1506 1750 Lyveren
1537 1672 1642 1738 libera
1669 1673 1852 1754 voluntate,
1887 1675 1928 1739 de
1957 1693 2123 1738 consensu

107 1781 200 1844 etiam
228 1778 382 1842 advocati
411 1777 516 1842 nostri
543 1776 762 1862 B(ernhardi)
797 1777 924 1842 domini
947 1777 1123 1861 Lippensis
1148 1779 1182 1841 et
1204 1779 1365 1842 heredum
1389 1797 1537 1843 suorum.
1584 1778 1635 1844 Ne
1658 1784 1772 1845 autem
1794 1779 1985 1844 huiusmodi
1994 1780 2020 1866 ¹)
2043 1800 2124 1846 uen-

110 1886 186 1951 ditio
209 1903 271 1948 seu
295 1884 500 1967 resingnatio
524 1883 636 1966 aliquo
659 1903 763 1967 pravo
786 1883 919 1966 ingenio
941 1883 1050 1967 possit
1071 1883 1194 1949 imitari
1210 1884 1262 1948 vel
1277 1883 1347 1968 in2)
1370 1884 1580 1967 questionem
1598 1885 1816 1951 dubitationis
1832 1886 1962 1968 deduci,
1986 1906 2123 1970 presens

108 1991 262 2073 scriptum
298 1990 406 2073 sigillo
441 1990 615 2054 memorati
649 1991 801 2055 advocati
832 1990 938 2055 nostri
968 1994 1003 2055 et
1031 1989 1169 2055 ecclesie
1197 1991 1311 2054 nostre
1334 1990 1512 2074 petivimus
1537 1991 1695 2056 roborari.
1741 1992 1827 2057 Acta
1850 1994 1928 2056 sunt
1951 1993 2011 2058 hec
2035 2013 2123 2058 anno

109 2097 233 2164 Domini
256 2095 397 2163 M⁰.C⁰C.
423 2096 710 2180 quinquagesimo,
733 2095 768 2160 in
792 2096 846 2160 die
870 2096 959 2162 beati
983 2095 1134 2179 Gregorii
1157 2115 1254 2179 pape.

315 2203 336 2268 ¹)
355 2202 488 2255 huismodi
508 2203 541 2254 im
560 2203 607 2255 Or.
646 2201 668 2273 ¹)
687 2203 716 2254 in
733 2200 801 2256 aber
819 2202 867 2255 dor
886 2201 972 2256 Zeila.

231 2288 289 2357 Or.
313 2293 358 2353 im
380 2288 455 2377 Kpt.
482 2289 586 2356 Sc-A.
614 2312 654 2354 zu
677 2291 826 2370 elamor,
862 2289 981 2357 Leccam
1009 2288 1070 2356 Nr.
1093 2287 1147 2355 67.
1198 2289 1301 2376 Sicpel
1322 2291 1378 2355 der
1401 2289 1518 2355 Kirche
1540 2290 1629 2354 nodet
1651 2290 1857 2378 Befeetc'panp
1886 2292 2032 2369 verloren,
2067 2313 2125 2357 uon

312 2398 381 2461 dem
404 2398 458 2462 dea
481 2396 650 2462 Rernhard
670 2419 729 2461 zur
752 2395 854 2484 Lippa
876 2401 925 2462 ein
950 2395 1147 2462 Bouchetos
1170 2397 1247 2460 noch
1271 2397 1447 2461 verbanden
1468 2400 1525 2461 acie
1551 2395 1729 2484 Abtilduny
1752 2397 1798 2462 bei
1815 2397 1930 2462 Pressas
1945 2398 2011 2462 und
2025 2395 2125 2462 Folle·

311 2526 417 2584 mann,
443 2502 536 2590 hipp
565 2502 662 2589 Reyq.
688 2501 714 2584 Ι,
743 2501 836 2583 Tasci
858 2501 889 2569 6.

1069 2667 1159 2746 523.

105 2789 236 2880 Bischot
262 2792 403 2864 Johonn
436 2813 500 2863 von
534 2792 684 2863 Mindon
724 2791 861 2865 schenkt
893 2793 971 2864 dem
1003 2793 1064 2868 Kl.
1093 2795 1242 2865 Loccum
1275 2796 1368 2866 scine
1400 2794 1615 2885 vopteilichen
1642 2795 1768 2866 Rechts
1795 2818 1842 2866 ou
1869 2795 2123 2884 Ermcutradis,

406 2899 505 2970 Fron
533 2899 593 2970 des
619 2899 744 2970 Brund
771 2921 836 2970 von
871 2899 1036 2990 Winalor,
1065 2900 1137 2972 und
1165 2901 1269 2972 deren
1299 2901 1446 2972 Kindcr.
1501 2904 1599 2973 1250
1628 2900 1735 2972 Μάγα
1762 2899 1821 2972 13.

204 3016 318 3081 Huius
348 3018 397 3082 rei
425 3018 529 3082 testes
562 3020 656 3082 sunt:
694 3017 787 3082 Cono
819 3017 1079 3100 archydiaconus
1113 3018 1148 3082 in
1178 3018 1339 3100 Lutbeke,
1376 3019 1538 3085 Ludolius
1573 3023 1683 3083 rector
1717 3018 1855 3084 ecclesie
1890 3019 1925 3084 in
1959 3019 2124 3101 Dilingen,

104 3122 312 3188 Borchardus
336 3123 378 3188 de
401 3122 577 3204 Blendsre,
600 3123 776 3207 Ecgericus
801 3123 939 3207 dapifer,
965 3124 1174 3190 Lothewicus
1197 3124 1398 3190 marscalcus
1407 3124 1444 3208 ¹),
1469 3124 1654 3208 Lippoldus
1678 3125 1719 3190 de
1743 3125 1925 3206 ltlandeslo,
1950 3124 2124 3191 Conradus

105 3229 143 3292 de
164 3228 272 3312 Holle‚
297 3229 431 3294 milites.

313 3336 334 3402 ¹)
353 3334 399 3387 Or.
418 3335 477 3388 leat:
496 3335 665 3388 marcsalcus.

228 3422 286 3488 Or.
310 3428 355 3488 im
379 3424 497 3488 Archiv
519 3425 573 3490 dee
597 3423 650 3490 ΙΙΙ.
667 3422 813 3503 Loccum,
840 3423 944 3510 Siepel
965 3446 1032 3488 com
1049 3384 1363 3511 Papainenueeffen
1384 3425 1530 3491 uerteren-
1577 3424 1671 3492 θεάν.
1696 3426 1778 3490 nach
1794 3426 1862 3490 dan
1878 3426 1934 3491 Or.
1957 3450 1983 3492 o.
2002 3424 2125 3492 Hodcn·

312 3530 396 3616 bary,
423 3529 629 3617 Celenderper
658 3529 727 3595 ΗΒ.
751 3530 850 3596 Abel.
876 3527 938 3609 ΙΙΙ,
965 3529 998 3595 S.
1025 3527 1090 3594 102
1112 3528 1173 3597 Nr.
1201 3529 1272 3594 145.

1063 3747 1155 3826 524.

101 3872 247 3963 Bischof
267 3871 408 3946 Johomc
435 3895 499 3945 von
529 3873 679 3945 Mindon
705 3873 869 3946 habundet
896 3875 951 3946 dic
986 3873 1235 3966 Verpfdndunp
1262 3875 1322 3946 des
1339 3873 1491 3945 Zehnten
1508 3875 1546 3944 in
1564 3870 1740 3965 Bcrpdorl
1768 3875 1878 3946 durch
1899 3876 2124 3965 Monparcthe

300 4002 363 4051 von
391 3979 475 4051 Slon
502 4003 548 4050 on
575 3981 640 4050 dos
669 3979 915 4056 Morielcloster.
967 3981 1050 4070 Ans
1070 3981 1148 4052 dem
1184 3981 1331 4056 Werdcr
1356 4001 1417 4050 oor
1446 3979 1595 4051 Mindon
1623 3977 1723 4053 1250
1748 3981 1856 4074 April
1882 3980 1917 4053 2.

200 4097 372 4164 lohannes
404 4098 465 4163 Dei
495 4098 604 4181 gracia
632 4097 814 4163 Mindensis
849 4099 1026 4183 episcopus
1061 4099 1225 4164 universis
1259 4101 1346 4164 hanc
1381 4098 1526 4164 litteram
1560 4099 1761 4182 inspecturis
1796 4101 1941 4166 salutem
1976 4101 2011 4165 in
2043 4121 2123 4168 uero

101 4202 242 4270 salutari.
292 4205 385 4270 Scire
409 4223 468 4269 vos
492 4204 654 4287 volumus
679 4206 771 4288 quod
793 4205 930 4270 veniens
953 4205 990 4269 in
1011 4205 1181 4289 presentia
1203 4208 1318 4270 nostra
1340 4204 1504 4285 (domina)
1528 4207 1712 4289 Margareta
1734 4226 1818 4272 uxor
1841 4207 1966 4271 domini
1988 4206 2124 4272 Justacii

102 4310 138 4374 de
161 4310 242 4376 Slon
279 4310 443 4376 decimam
473 4310 506 4374 in
532 4310 782 4394 Barechthorpe
816 4310 852 4375 in
875 4330 995 4377 manus
1019 4311 1145 4377 domini
1168 4311 1353 4376 Bernhardi
1380 4311 1511 4376 abbatis
1535 4313 1642 4377 sancti
1666 4312 1824 4394 Mauricii,
1860 4332 1962 4395 quam
1985 4314 2026 4378 de
2048 4313 2123 4396 ipso

99 4413 133 4479 in
154 4415 266 4497 feodo,
291 4418 383 4500 quod
405 4416 538 4484 liftucht
561 4417 692 4497 dicitur,
715 4418 860 4498 tenebat,
883 4417 987 4483 libere
1009 4417 1198 4501 resignavit.
1245 4419 1290 4483 Ut
1313 4419 1425 4483 autem
1448 4418 1510 4483 hec
1533 4420 1607 4483 rata
1629 4421 1662 4484 et
1677 4417 1873 4485 inconvulsa
1894 4421 2124 4504 permaneant,

101 4521 180 4586 hanc
204 4522 364 4605 paginam
386 4523 552 4588 conscribi
575 4523 714 4590 fecimus
737 4526 771 4589 et
793 4523 921 4608 sigissli)
944 4523 1050 4589 nostri
1074 4523 1256 4590 munimine
1279 4523 1436 4589 roborari.
1484 4523 1520 4590 Si
1544 4523 1619 4606 quis
1642 4544 1722 4589 vero
1744 4522 1824 4590 huic
1847 4525 1936 4590 facto
1957 4544 1993 4589 se
2016 4545 2123 4609 oppo-

100 4629 210 4710 suerit,
248 4649 289 4693 ex
320 4631 518 4697 auctoritate
553 4631 791 4714 omnipotentis
821 4631 881 4696 Dei
916 4634 950 4696 et
980 4633 1096 4696 nostra
1126 4629 1479 4695 excommunicationis
1510 4630 1675 4695 sententia
1705 4650 1741 4695 se
1764 4630 1894 4696 noverit
1916 4631 2122 4698 innodatum.

100 4731 214 4800 Testes
229 4735 333 4801 huius
349 4736 397 4801 rei
413 4739 505 4803 sunt:
529 4737 694 4802 Geroldus
717 4737 819 4821 prior,
843 4737 1013 4820 Gerlagus‚
1037 4737 1261 4818 Hermannus,
1284 4735 1508 4818 Reinhardus,
1530 4735 1711 4819 lohannes
1736 4737 1896 4820 Gerlagus
1920 4739 2123 4822 sacerdotes

100 4838 249 4926 Mathias,
275 4841 449 4923 Ludolqu,
474 4843 640 4909 Rodolfus
664 4842 806 4920 diaconi,
830 4843 985 4909 monachi
1001 4845 1108 4909 sancti
1124 4841 1276 4908 Mauricii
1291 4843 1326 4908 in
1342 4843 1473 4924 Insula3
1495 4841 1717 4925 Reinhardus,
1741 4845 1918 4914 Justacius.
1943 4844 2122 4910 Heinricus

99 4945 173 5012 dieti
202 4949 246 5014 de
275 4948 467 5031 Vomholte,
498 4947 676 5015 Heinricus
704 4949 821 5030 botho,
850 4949 1013 5015 Ernestus
1043 4951 1085 5015 de
1115 4949 1282 5015 Lerebeke
1312 4948 1434 5015 milites
1443 4951 1470 5035 ¹)
1499 4952 1532 5015 et
1559 4949 1615 5016 alii
1642 4968 1743 5034 quam
1773 4949 1896 5035 plures.
1942 4950 2064 5017 Datum
2087 4951 2122 5017 in

97 5050 209 5120 Insula
233 5072 323 5119 anno
347 5055 480 5138 Domini
502 5054 693 5139 M⁰.CC⁰.L.,
717 5058 836 5139 quarto
859 5055 973 5122 Nonas
996 5055 1134 5140 Aprilis,
1156 5055 1340 5122 indictione
1363 5053 1461 5120 Vlll⁸.

314 5161 335 5222 ¹)
357 5158 551 5231 Ueberpescler.
569 5162 606 5213 im
623 5159 670 5214 Or.

232 5245 289 5312 Or.
317 5252 362 5314 im
389 5249 463 5335 Kpl.
496 5248 599 5315 St-A.
633 5271 673 5314 zu
704 5251 856 5330 Minster,
891 5251 992 5315 Moriz
1018 5273 1048 5316 u.
1080 5249 1205 5317 Simon
1237 5253 1272 5315 in
1298 5250 1427 5317 naun
1461 5247 1521 5317 Nr.
1553 5248 1613 5318 9α,
1670 5250 1774 5338 Siepcl
1800 5249 1886 5317 nebel
1915 5249 2122 5338 Befesb'punp

310 5356 458 5422 oerloren.
504 5355 568 5422 no
595 5354 746 5424 Urlcunde
774 5357 955 5422 tardaret
983 5355 1088 5424 Ndsee
1114 5359 1248 5444 peliden,
1284 5357 1334 5422 die
1360 5355 1591 5443 Erqdnzanpen
1617 5357 1700 5421 nach
1727 5357 1802 5426 Mea
1827 5355 1853 5436 I,
1880 5357 1953 5436 115,
1986 5356 2020 5422 S.
2046 5356 2122 5426 101.

317 5458 385 5548 Vqr.
411 5461 487 5529 oben
508 5461 572 5526 Nr.
595 5462 672 5528 518.
